2054 3282
339 175 421 218 126
1009 163 1209 201 samm

335 353 393 395 50
422 350 651 393 Hominem
683 346 870 402 appellat
900 344 1028 400 «quid
1051 282 1233 398 laIsitzivis,
1259 341 1443 385 stolide?
1466 357 1555 385 non
1579 341 1795 398 intellegis

1094 435 1128 470 V

335 506 389 546 51
424 502 584 545 Volans
611 501 661 542 de
687 499 803 542 caelo
829 513 927 541 cum
952 511 1110 539 corona
1135 499 1178 538 et
1203 497 1358 538 taeniis

1087 589 1138 624 VI

335 658 391 699 52
421 656 462 698 Is
487 655 616 697 habet
640 667 839 696 coronam
865 651 1051 694 vitulans
1076 651 1259 693 victoria

1077 743 1144 778 VH

334 811 390 852 53
423 809 689 863 Quapropter
713 806 856 848 Parim
882 808 1074 860 pastores
1099 820 1212 847 nunc
1237 803 1529 847 Alexandrum
1554 808 1720 847 vocant.

450 937 500 971 IV
523 938 594 981 (50)
634 936 764 969 Festus
783 946 818 979 p.
835 937 913 976 460,
932 937 974 967 14
989 933 1054 968 Th.
1073 933 1251 968 ‘stolidus
1277 933 1423 968 stultus.
1448 934 1590 968 Ennius
1608 934 1660 968 l.1
1681 935 1770 981 [ιη]
1791 935 1829 969 et
1852 934 1892 968 in

333 990 542 1026 Alexandro
563 988 771 1025 «hominem
787 1016 793 1021 .
811 1016 817 1021 .
834 988 960 1022 lascivi
979 986 1114 1022 stolide
1133 999 1169 1021 n.
1184 988 1408 1033 intellegit»)

450 1043 483 1077 V
502 1044 573 1087 (51)
618 1042 747 1075 Festus
767 1051 811 1075 ex
831 1051 958 1085 apogr.
979 1040 1002 1073 l.
1023 1053 1071 1074 xx
1091 1052 1126 1084 p.
1143 1043 1221 1082 548,
1238 1044 1282 1074 24
1299 1040 1365 1075 Th.
1380 1053 1415 1086 p.
1432 1044 1451 1075 7
1456 1045 1475 1075 2
1490 1041 1710 1076 Mommseni
1726 1040 1891 1075 ‘taenias

334 1097 511 1132 Graecam
530 1106 655 1130 vocem
675 1094 727 1129 sic
747 1094 1015 1138 interpretatur
1028 1093 1178 1128 Verrius
1198 1096 1241 1128 ut
1261 1094 1363 1128 dicat
1377 1096 1635 1129 ornamentum
1649 1105 1729 1130 esse
1741 1093 1891 1128 laneum

333 1150 466 1195 capitis
488 1148 676 1189 honorati,
697 1149 739 1181 ut
765 1147 813 1181 sit
838 1147 938 1192 apud
965 1146 1167 1181 Caecilium
1193 1147 1232 1181 in
1258 1147 1476 1193 androgyno
1500 1149 1534 1193 (7
1554 1148 1611 1193 R.)
1633 1147 1892 1192 «sepulchrum

332 1203 482 1248 plenum
501 1201 709 1236 taeniarum
728 1201 783 1234 ita
798 1201 841 1234 ut
855 1200 971 1235 solet»
986 1201 1024 1234 et
1037 1199 1131 1235 alias
1146 1199 1263 1245 (Caec.
1280 1204 1348 1235 275
1362 1201 1420 1246 R.)
1435 1201 1547 1237 «dum
1560 1201 1725 1236 taeniam
1739 1201 1803 1245 qui
1817 1200 1893 1234 vol-

332 1268 400 1290 nus
419 1255 573 1290 vinciret
592 1254 721 1299 petit».
737 1254 878 1288 Ennius
898 1253 937 1288 in
956 1253 1168 1288 Alexandro
1189 1253 1340 1290 «volans
1356 1283 1361 1288 .
1379 1283 1385 1288 .
1404 1282 1409 1288 .
1425 1254 1612 1289 taeniis».'
1714 1254 1767 1289 Cf.
1783 1253 1819 1289 C.
1835 1253 1890 1289 Gl.

332 1310 369 1343 L.
386 1322 435 1344 vn
455 1321 490 1353 p.
506 1311 584 1342 330.

449 1361 498 1396 VI
519 1362 590 1406 (52)
628 1360 765 1395 Paulus
785 1360 886 1395 Festi
905 1372 940 1405 p.
957 1364 1036 1402 561,
1053 1364 1096 1394 25
1111 1359 1176 1394 Th.
1196 1359 1544 1395 ‘vitulans'laetans
1561 1360 1711 1406 gaudio,
1726 1361 1768 1394 ut
1780 1361 1892 1404 pastu

332 1415 504 1461 (vitulus).
520 1414 660 1448 Ennius
675 1414 728 1450 «is
744 1442 750 1448 .
768 1442 774 1448 .
791 1442 797 1448 .
813 1413 1018 1449 victoria».’
1106 1413 1158 1448 Cf.
1173 1413 1385 1449 Macrobius
1403 1413 1478 1448 Sat.
1494 1427 1536 1448 111
1550 1417 1581 1456 2,
1598 1417 1639 1448 11
1656 1425 1734 1458 sqq.
1752 1413 1892 1458 ‘primo

330 1468 512 1513 pontificii
536 1467 627 1501 iuris
645 1467 741 1502 libro
768 1467 868 1512 apud
887 1467 1072 1502 Pictorem
1091 1466 1243 1501 verbum
1262 1467 1332 1502 hoc
1351 1467 1515 1512 positum
1541 1469 1597 1502 est
1617 1466 1823 1508 «vitulari»,
1845 1466 1892 1500 de

332 1521 434 1556 cuius
459 1521 560 1555 verbi
586 1520 799 1565 significatu
824 1520 945 1555 Titius
970 1521 1025 1555 ita
1049 1520 1179 1555 retulit
1199 1520 1373 1556 «vitulari
1399 1522 1455 1556 est
1473 1531 1561 1556 voce
1586 1520 1754 1555 laetari».
1775 1519 1892 1554 Varro

331 1574 444 1609 etiam
463 1574 502 1608 in
521 1574 616 1608 libro
636 1586 683 1608 xv
701 1584 824 1608 rerum
844 1573 1053 1608 divinarum
1077 1574 1132 1608 ita
1151 1573 1265 1608 refert
1283 1574 1407 1619 «quod
1431 1573 1601 1619 pontifex
1619 1574 1659 1608 in
1678 1573 1792 1608 sacris
1812 1573 1893 1617 qui-

331 1628 488 1662 busdam
502 1626 651 1661 vitulari
665 1626 784 1661 soleat
796 1627 896 1671 quod
910 1626 1043 1661 Graeci
1055 1625 1266 1669 παιανίζειν
1279 1628 1435 1663 vocant»
1451 1655 1457 1662 .
1471 1655 1477 1661 .
1492 1655 1499 1661 .
1513 1626 1647 1672 Hyllus
1661 1627 1716 1661 ait
1725 1626 1893 1661 Vitulam

331 1681 453 1716 vocari
467 1680 575 1714 deam
588 1690 684 1725 quae
697 1679 866 1715 laetitiae
878 1682 1036 1725 praeest.
1051 1680 1136 1715 Piso
1150 1680 1205 1715 ait
1217 1680 1373 1715 vitulam
1386 1680 1579 1715 victoriam
1595 1680 1780 1715 nominari
1790 1680 1800 1696 ’
1816 1690 1891 1724 eqs.

332 1733 368 1768 C.
377 1732 432 1767 Gl.
441 1733 478 1767 L.
488 1746 539 1768 vn
551 1745 587 1777 p.
597 1736 676 1767 425.
757 1733 815 1767 Ad
826 1733 1079 1767 Alexandrum
1091 1734 1278 1778 pertinere
1291 1733 1508 1778 Hartungus
1521 1733 1544 1767 1.
1555 1745 1583 1768 c.
1592 1745 1627 1778 p.
1638 1736 1706 1767 238
1721 1733 1890 1768 coniecit.

449 1786 515 1820 VH
535 1787 606 1831 (53)
638 1786 756 1821 Varro
777 1786 823 1821 de
842 1786 865 1820 l.
881 1786 919 1820 L.
935 1800 986 1821 vn
1005 1789 1050 1821 82
1067 1787 1189 1831 ‘apud
1208 1787 1370 1821 Ennium
1390 1789 1486 1832 (105)
1501 1787 1807 1822 «Andromachae
1827 1797 1890 1820 no-

331 1850 415 1873 men
435 1840 498 1883 qui
517 1839 658 1873 indidit
675 1840 775 1874 recte
796 1839 831 1874 ei
843 1839 1015 1875 indidit».
1028 1840 1118 1874 item
1132 1842 1383 1885 «quapropter
1398 1868 1404 1874 .
1421 1868 1428 1874 .
1445 1868 1451 1874 .
1467 1842 1634 1875 vocant».
1648 1840 1789 1874 imitari
1804 1840 1892 1874 dum

331 1893 447 1927 voluit
467 1893 685 1937 Euripidem
705 1894 743 1927 et
761 1904 899 1938 ponere
919 1893 1053 1938 ἔτυμον
1074 1894 1130 1928 est
1147 1893 1293 1938 lapsus3
1312 1904 1399 1928 nam
1412 1893 1610 1938 Euripides
1631 1893 1730 1938 quod
1750 1892 1893 1928 Graeca

452 2066 506 2102 50
526 2064 635 2102 videt
653 2065 694 2102 in
713 2064 831 2102 turba
843 2065 1025 2103 Verrem:
1045 2066 1223 2115 appellat
1241 2065 1439 2104 hominem
1458 2067 1498 2103 et
1517 2067 1553 2103 ei
1571 2066 1798 2115 gratulatur
1815 2065 1890 2104 Cic.

332 2125 373 2160 in
396 2125 497 2160 Verr.
520 2127 589 2161 act.
610 2136 625 2161 1
648 2132 683 2172 7,
705 2133 754 2171 19
874 2125 1044 2173 lascivis,
1065 2125 1206 2163 stolide
1224 2125 1412 2173 Sealz'yer:
1432 2125 1571 2163 lascivi
1596 2125 1738 2163 stolide

333 2194 410 2219 non
430 2183 627 2233 intellegis
647 2183 696 2221 ab
716 2184 807 2221 aliis
826 2185 868 2221 iii
887 2185 970 2222 alia
986 2185 1158 2222 oratione
1169 2186 1411 2232 propositum
1425 2187 1521 2232 puto
1538 2196 1670 2221 verum
1688 2195 1778 2228 esse,
1793 2184 1893 2231 quod

333 2243 388 2279 sic
402 2243 646 2280 commitatur
658 2244 697 2280 te
713 2242 829 2280 huius
849 2243 926 2280 loci
945 2255 1023 2281 non
1044 2255 1126 2281 esse
1236 2244 1287 2281 51
1311 2243 1461 2281 Volans
1481 2243 1527 2281 de
1548 2244 1655 2281 caelo
1669 2244 1749 2281 sive
1764 2244 1892 2281 Venus

334 2301 414 2338 sive
431 2301 619 2347 Victoria;
640 2302 764 2339 Varro
785 2303 831 2340 cle
850 2303 872 2339 l.
887 2302 936 2339 L.
951 2315 976 2340 v
997 2300 1049 2338 62
1073 2303 1230 2351 utrique
1256 2303 1368 2340 testis
1387 2303 1516 2351 poesis
1537 2302 1642 2351 quod
1662 2304 1701 2340 et
1714 2301 1892 2340 Victoria

335 2360 374 2396 et
392 2359 524 2397 Venus
551 2359 694 2397 dicitur
720 2361 922 2411 caeligena
942 2391 950 2399 .
966 2392 974 2399 .
990 2392 996 2398 .
1017 2361 1105 2400 ideo
1131 2361 1226 2399 haec
1247 2356 1310 2414 (V
1307 2359 1458 2412 ictor-ia)
1479 2375 1568 2400 cum
1587 2374 1731 2400 corona
1750 2363 1790 2400 et
1806 2361 1892 2410 pal-

333 2430 409 2466 ma,
431 2418 534 2467 quod
554 2431 697 2457 corona
714 2421 888 2458 vinclum
908 2422 1048 2469 capitis
1070 2451 1077 2458 .
1093 2451 1101 2458 .
1121 2421 1296 2470 palmam
1316 2421 1420 2469 quod
1442 2451 1470 2458 ..
1490 2422 1623 2459 vincta
1641 2420 1761 2458 habet
1778 2421 1891 2469 paria

333 2477 439 2514 folia.
458 2477 516 2524 Cf.
534 2478 675 2516 Tibull.
690 2491 720 2516 11
740 2487 775 2528 5,
789 2489 814 2526 4
820 2488 841 2526 5
853 2493 867 2526 ;
878 2479 1088 2517 Sallustius
1105 2480 1212 2527 apud
1224 2480 1397 2518 Macrob.
1409 2479 1488 2518 Sat.
1503 2492 1549 2517 111
1569 2489 1628 2528 13,
1642 2477 1665 2515 8
1681 2480 1832 2518 sedenti
1850 2481 1892 2516 in

333 2538 546 2574 transenna
566 2536 776 2576 demissum
795 2538 996 2577 Victoriae
1016 2539 1269 2577 simulacrum
1289 2551 1377 2577 eum
1395 2538 1620 2577 machinato
1646 2540 1813 2588 strepitu
1832 2540 1891 2576 to-

333 2596 510 2633 nitruum
530 2607 713 2634 coronam
738 2598 774 2634 ei
792 2597 1021 2647 imponebat
1154 2598 1202 2636 de
1221 2599 1348 2636 caelo:
1367 2610 1459 2637 aim.
1476 2606 1528 2645 53
1549 2600 1588 2635 te
1607 2610 1745 2647 precor
1757 2597 1891 2635 Venus

334 2656 379 2692 ut
391 2667 454 2692 me
470 2654 518 2692 de
532 2654 639 2692 caelo
652 2657 757 2694 visas
884 2669 973 2694 cum
986 2669 1129 2696 corona
1143 2659 1182 2695 et
1193 2659 1357 2696 taeniis:
1370 2658 1418 2705 cf.
1431 2657 1543 2695 Plato
1557 2658 1699 2694 conviv.
1713 2669 1756 2704 p.
1772 2665 1792 2692 2
1805 2667 1818 2692 1
1833 2665 1850 2691 2
1865 2657 1892 2694 cl

334 2714 467 2762 Huyio
492 2715 695 2761 interprete
828 2716 880 2754 53
908 2714 1086 2764 Apollod.
1107 2717 1193 2755 bibl.
1213 2729 1260 2754 111
1285 2725 1365 2764 150
1387 2711 1475 2769 (12,
1494 2724 1531 2764 5,
1547 2710 1590 2768 5)
1617 2713 1774 2767 ἔτρεφεν
1801 2713 1890 2754 ὀνο-

336 2771 461 2823 μάσας
472 2772 620 2825 Πάριν·
634 2771 842 2825 γενόμενος
862 2771 904 2813 δὲ
923 2775 1127 2822 νεανίσκος
1147 2774 1213 2814 καὶ
1230 2777 1384 2814 πολλῶν
1404 2773 1602 2827 διαφέρων
1621 2774 1749 2813 κάλλει
1768 2788 1806 2813 τε
1825 2772 1891 2813 καὶ

339 2830 450 2887 ῥώμῃ
471 2825 592 2878 αὖθις
607 2827 909 2884 Ἀλέξανδρος
935 2834 1256 2886 προσωνομάσθη
1275 2833 1416 2890 λῃστὰς
1436 2832 1683 2885 ἀμυνόμενος
1701 2832 1767 2872 καὶ
1791 2836 1869 2873 τοῖ
1871 2848 1890 2880 ς

333 2890 582 2942 ποιμνίοις
607 2889 834 2942 ἀλεξήσας
860 2891 953 2945 ὅπερ
973 2891 1050 2931 ἐστὶ
1069 2892 1276 2944 βοηθήσας
