2004 3278
256 166 398 203 CCXIV
747 163 790 199 11.
816 162 880 198 DE
905 161 1060 197 LIBRIS
1084 159 1316 196 ENNIANIS

257 276 356 324 ἔλεξέ
387 288 458 327 σφι
489 275 625 327 λόγον,
657 272 806 326 ἄνδρα
839 272 918 322 φὰς
950 270 1163 323 αὐλητὴν
1196 270 1361 312 ἰδόντα
1391 271 1532 324 ἰχθῦς
1563 270 1613 311 ἐν
1643 275 1697 326 τῇ
1729 275 1816 311 θα-

256 336 403 390 λάσσῃ
435 332 641 382 αὐλέειν,
673 330 904 371 δοκέοντά
936 343 1082 382 σφεας
1114 329 1447 378 ἐξελεύσεσθαι
1477 329 1522 379 ἐς
1553 336 1658 384 γῆν·
1690 329 1744 379 ὥς
1775 329 1818 371 δὲ

258 397 488 445 ψευσθῆναι
512 398 581 443 τῆς
605 391 775 442 ἐλπίδος,
801 392 934 443 λαβεῖν
959 389 1256 442 ἀμφίβληστρον
1275 389 1342 430 καὶ
1360 391 1582 443 περιβαλεῖν
1602 405 1640 430 τε
1659 393 1817 442 πλῆθος

261 451 405 492 πολλὸν
425 457 502 490 τῶν
522 451 674 503 ἰχθύων
692 449 759 489 καὶ
777 449 983 503 ἐξειρύσαι,
1009 449 1143 489 ἰδόντα
1162 447 1203 488 δὲ
1223 447 1490 500 παλλομένους
1508 449 1632 490 εἰπεῖν
1650 447 1728 502 ἄρα
1746 448 1818 489 αὐ-

256 511 323 551 τὸν
348 509 446 563 πρὸς
471 510 563 557 τοὺς
588 510 706 562 ἰχθῦς
733 507 924 549 ’παύεσθέ
949 524 1016 561 μοι
1041 507 1274 562 ὀρχεόμενοι,
1306 507 1390 548 ἐπεὶ
1422 505 1510 549 οὐδ’
1544 507 1633 560 ἐμέο
1659 507 1818 549 αὐλέον-

256 585 321 618 τος
344 568 503 621 ’ἧθέλετε
528 568 725 621 ἐκβαίνειν
751 566 998 621 ὀρχεόμενοιῖ

375 630 434 667 Ex
459 630 520 668 his
547 630 581 668 si
606 629 844 681 colligimus,
875 629 922 667 de
948 629 1070 667 Ennii
1095 630 1231 667 satura
1256 628 1354 678 quid
1381 627 1637 667 iudicandum
1669 628 1733 677 sit,
1764 629 1820 667 sic

256 690 401 737 sentio,
432 689 605 727 Ennium
637 702 763 738 neque
796 701 820 727 a
850 690 985 728 satura
1016 689 1186 737 scenica,
1220 701 1337 738 quam
1370 689 1533 738 propter
1563 687 1669 726 Livii
1700 687 1821 726 verba

257 761 314 788 vn
330 750 367 797 2,
386 751 473 797 7sq.
494 748 701 796 finxerunt,
726 748 768 786 id
789 748 895 797 quod
914 748 1009 785 olim
1029 748 1233 799 vulgarem
1254 748 1481 798 opinionem
1504 749 1660 786 secutus
1686 748 1820 795 statui,

256 808 478 858 profectum
498 820 579 846 esse
599 820 726 856 neque
746 820 769 845 a
783 806 941 846 Graecis
958 808 1031 845 hoc
1045 820 1167 858 genus
1188 808 1407 845 carminum
1425 807 1640 857 repetitum
1653 807 1820 845 Romam

257 867 519 915 transtulisse,
540 867 608 905 sed
628 868 723 916 quia
741 868 899 917 praeter
919 866 1140 918 grandioris
1160 867 1289 916 poesis
1298 860 1340 919 ²³⁵)
1362 878 1481 915 opera
1494 867 1680 916 poemata
1692 866 1822 904 multa

257 939 336 964 non
356 927 492 977 magni
511 926 685 965 ambitus
705 928 745 964 et
757 927 860 964 varii
879 927 1104 976 argumenti
1122 927 1335 975 variaeque
1354 927 1569 964 metrorum
1588 926 1739 964 formae
1754 925 1822 963 sed

259 998 425 1035 quorum
450 986 524 1024 hoc
549 998 755 1024 commune
781 986 989 1024 consilium
1016 987 1101 1023 erat
1132 987 1177 1023 ut
1208 985 1406 1024 suadendo
1440 984 1700 1024 dissuadendo
1732 984 1820 1022 doc—

259 1046 367 1083 trina
403 1046 442 1082 et
474 1046 661 1095 exemplis
693 1057 819 1083 mores
850 1046 1033 1095 regerent
1063 1045 1192 1083 facere
1224 1045 1444 1092 consuevit,
1482 1057 1528 1082 ea
1558 1045 1600 1082 in
1633 1045 1822 1093 quattuor

257 1104 380 1143 libros
406 1104 568 1155 collegit
593 1104 734 1154 quibus
759 1104 996 1142 Saturarum
1021 1105 1112 1142 libri
1136 1105 1339 1153 inscripsit
1362 1104 1463 1142 nihil
1489 1103 1714 1154 significans
1745 1104 1823 1142 nisi

260 1163 365 1213 quod
390 1165 432 1201 in
457 1167 595 1202 satura
620 1176 714 1202 voce
740 1164 866 1202 inesse
893 1164 1142 1215 grammatici
1168 1163 1394 1201 docuerunt.

376 1222 449 1261 His
482 1224 563 1261 iam
595 1222 760 1261 subiicio
792 1223 1020 1261 testimonia
1053 1222 1247 1272 quaedam
1280 1222 1326 1259 de
1353 1223 1501 1270 satura,
1528 1235 1551 1260 a
1576 1221 1718 1271 quibus
1744 1235 1823 1260 non

259 1284 345 1320 erat
369 1281 704 1330 proficiscendum.
731 1281 872 1331 Itaque
893 1281 1102 1321 Diomedes
1129 1294 1174 1319 111
1200 1282 1246 1319 de
1272 1281 1519 1332 poematibus
1544 1295 1581 1330 p.
1604 1282 1687 1319 485
1697 1294 1752 1330 sq.
1775 1281 1821 1319 Κ.

258 1342 354 1379 haec
380 1340 534 1379 scribit:
559 1343 686 1379 satira
711 1341 854 1379 dicitur
878 1353 1034 1379 carmen
1059 1342 1166 1389 apud
1184 1341 1382 1379 Romanos
1407 1353 1511 1379 nime
1536 1341 1689 1389 quidem
1707 1341 1823 1379 male-

259 1401 388 1438 dicum
413 1403 447 1438 et
477 1401 529 1438 ad
561 1401 757 1448 carpenda
787 1400 986 1438 hominum
1016 1402 1114 1439 vitia
1145 1401 1332 1439 archaeae
1363 1401 1577 1439 comoediae
1608 1401 1824 1439 charactere

259 1460 518 1507 compositum,
544 1460 656 1507 quale
680 1461 919 1507 scripserunt
936 1459 1118 1499 Lucilius
1138 1463 1172 1498 et
1190 1460 1383 1498 Horatius
1402 1462 1436 1498 et
1453 1460 1623 1504 Persius,
1647 1460 1715 1499 sed
1733 1459 1825 1498 ovim

259 1530 415 1557 carmen
446 1519 547 1566 quod
578 1530 622 1557 ex
652 1520 776 1557 variis
800 1520 1046 1567 poematibus
1076 1520 1275 1558 constabat
1303 1520 1430 1558 satira
1459 1520 1681 1564 vocabatur,
1712 1519 1825 1568 quale

259 1579 498 1626 scripserunt
522 1579 720 1616 Pacuvius
745 1581 779 1617 et
803 1579 974 1617 Ennius.
1005 1580 1131 1618 satira
1157 1581 1285 1617 autem
1309 1579 1413 1617 dicta
1436 1580 1517 1617 sive
1542 1591 1568 1617 a
1590 1580 1735 1628 satyris
1756 1609 1764 1617 .
1786 1609 1794 1617 .
1816 1610 1823 1617 .

258 1639 338 1676 sive
356 1640 494 1675 satura
514 1650 539 1676 a
558 1637 667 1676 lance
685 1649 783 1686 quae
801 1639 945 1686 referta
962 1639 1087 1677 variis
1105 1638 1310 1686 multisque
1322 1639 1514 1686 primitiis
1532 1639 1576 1676 in
1593 1649 1704 1677 sacro
1718 1639 1826 1686 apud

259 1698 406 1745 priscos
432 1697 493 1734 dis
517 1698 758 1745 inferebatur
783 1700 817 1735 et
841 1709 866 1735 a
891 1699 1003 1745 copia
1025 1709 1071 1736 ac
1088 1698 1293 1736 saturitate
1310 1699 1368 1736 rei
1385 1700 1524 1735 satura
1542 1697 1753 1736 vocabatur
1768 1728 1775 1735 .
1793 1728 1824 1736 ..

260 1758 340 1794 sive
365 1769 390 1794 a
415 1756 583 1804 quodam
604 1768 741 1805 yenere
765 1757 999 1805 farciminis,
1025 1757 1126 1805 quod
1149 1756 1282 1795 multis
1306 1757 1420 1795 rebus
1445 1758 1630 1805 refertum
1647 1752 1826 1795 saturam

262 1816 355 1854 dicit
386 1816 511 1854 Varro
536 1817 753 1854 vocitatum.
787 1818 841 1854 est
865 1819 992 1854 autem
1022 1817 1090 1854 hoc
1114 1816 1288 1864 positum
1311 1817 1355 1854 in
1384 1816 1550 1855 secundo
1582 1816 1680 1854 libro
1705 1817 1827 1855 Plau-

262 1877 435 1913 tinarum
460 1876 727 1923 quaestionum
752 1871 906 1913 ‘satura
931 1878 985 1914 est
1014 1887 1093 1914 uva
1116 1872 1256 1923 passa'
1285 1887 1352 1924 eqs
1380 1905 1387 1912 .
1415 1907 1422 1914 .
1451 1905 1458 1913 .
1485 1875 1558 1913 alfii
1588 1878 1716 1914 autem
1747 1876 1824 1914 dic-

262 1937 342 1972 tam
359 1937 505 1982 putant
529 1947 555 1972 a
579 1935 656 1983 leye
680 1937 830 1979 satura,
855 1946 954 1983 quae
976 1946 1055 1972 wno
1079 1937 1218 1983 royatu
1241 1934 1365 1972 multa
1385 1935 1504 1973 simul
1523 1935 1827 1982 comprehendat,

263 1994 364 2041 quod
387 1994 530 2032 scilicet
554 1997 588 2032 et
610 1996 750 2032 satura
774 1995 946 2032 carmine
970 1994 1093 2032 multa
1111 1994 1229 2032 simul
1241 1996 1425 2042 poemata
1443 1995 1824 2042 comprehenduntur.

262 2054 373 2091 cuius
397 2056 555 2092 saturae
579 2053 672 2103 leyis
697 2053 879 2092 Lucilius
903 2054 1077 2092 meminit
1099 2054 1143 2091 in
1160 2054 1292 2101 primo
1319 2049 1393 2104 [17
1408 2049 1471 2104 L.]
1498 2056 1532 2092 et
1549 2052 1759 2091 Sallustius
1784 2055 1828 2091 in

264 2113 458 2161 Iuyurtha
486 2110 534 2162 [c.
557 2109 643 2164 29].
675 2112 785 2151 Haec
809 2112 1012 2151 Diomedis
1045 2114 1139 2162 quia
1171 2125 1216 2151 ex
1242 2112 1431 2151 Suetonio
1463 2111 1511 2151 de
1536 2113 1632 2151 viris
1660 2113 1827 2151 illustri-

265 2171 337 2209 bus
364 2173 523 2221 sumpta
548 2171 717 2210 credidit
735 2171 782 2210 A.
803 2171 1145 2211 Reifferscheidius
1171 2173 1213 2209 in
1240 2172 1421 2210 Suetonii
1445 2172 1624 2221 reliquiis
1645 2185 1667 2209 a
1687 2184 1727 2210 se
1747 2171 1826 2210 edi-

265 2231 317 2269 tis
351 2225 505 2283 (1860)
538 2245 574 2281 p.
603 2233 658 2269 20
673 2244 756 2280 sqq.
789 2232 923 2281 posuit
955 2230 1101 2270 additis
1133 2231 1223 2270 aliis
1255 2231 1492 2270 testimoniis
1523 2232 1565 2268 in
1596 2244 1750 2269 summa
1786 2244 1828 2269 re

266 2290 595 2339 conspirantibus,
615 2292 657 2328 in
678 2291 767 2329 aliis
788 2290 1090 2339 discedentibus,
1109 2303 1210 2340 quae
1229 2291 1412 2340 persequi
1425 2290 1526 2328 nihil
1539 2291 1695 2328 attinet.
1717 2289 1828 2335 Quod

267 2361 462 2387 summum
487 2351 557 2398 est,
582 2351 820 2388 varietatem
845 2362 1098 2388 numerorum
1123 2351 1163 2388 et
1187 2351 1423 2388 varietatem
1442 2351 1671 2399 poematum
1689 2350 1828 2399 premi,

266 2406 307 2445 id
334 2407 440 2445 cadit
464 2409 506 2446 in
533 2409 653 2447 Ennii
678 2411 855 2448 saturam
882 2422 1000 2458 quam
1027 2409 1227 2460 cognitam
1252 2408 1452 2447 habemus.
1478 2409 1617 2458 Neque
1643 2408 1829 2447 credibile

269 2468 329 2504 est
347 2466 520 2504 Ennium
545 2481 729 2507 numeros
755 2470 901 2506 temere
927 2468 1140 2512 miscuisse,
1166 2467 1234 2506 sed
1259 2480 1349 2506 cum
1369 2468 1550 2518 singulae
1569 2469 1726 2506 saturae
1745 2469 1829 2506 sive

268 2526 416 2576 singuli
436 2527 659 2565 saturarum
678 2527 783 2576 libri,
810 2527 915 2577 quod
934 2527 1143 2566 Diomedes
1162 2527 1324 2575 indicat,
1351 2526 1617 2577 compluribus
1637 2528 1828 2576 poemati-

267 2585 339 2624 bus
354 2586 590 2634 constarent,
607 2599 859 2625 numerorum
872 2588 1107 2625 varietatem
1122 2586 1171 2625 ad
1184 2587 1419 2625 varietatem
1432 2587 1658 2635 poematum
1672 2586 1828 2626 rexisse.

267 2645 532 2682 Numerorum
552 2646 722 2684 varietas
744 2658 846 2695 quae
865 2648 966 2685 esset
986 2659 1105 2696 supra
1124 2646 1306 2695 vidimus,
1325 2646 1367 2683 in
1388 2644 1528 2694 quibus
1548 2644 1654 2694 quod
1673 2646 1830 2695 praeter

269 2704 470 2742 trimetros
491 2705 531 2741 et
548 2705 799 2744 tetrametros
818 2705 1037 2744 hexametri
1050 2718 1128 2744 non
1142 2705 1295 2753 desunt,
1313 2704 1459 2743 idcirco
1473 2704 1637 2755 dignum
1651 2706 1711 2742 est
1725 2704 1830 2754 quod

388 2840 420 2885 ³¹³)
446 2840 774 2876 Reminiscendum
800 2842 856 2876 est
876 2841 922 2876 de
941 2841 1156 2877 discrimine
1170 2843 1290 2887 poesis
1308 2842 1347 2877 et
1359 2842 1536 2887 poematis
1555 2840 1647 2886 quid
1666 2840 1829 2876 Lucilius

272 2889 321 2933 (p.
342 2890 457 2933 xxvn)
484 2889 522 2924 et
545 2887 663 2924 Varro
689 2889 737 2933 (p.
757 2889 845 2934 xxx)
870 2889 1074 2925 docuerint.
