2004 3278
658 185 917 221 ANNALIUM
941 186 1028 220 Lm.
1049 186 1066 220 I
1587 184 1640 225 15

783 303 934 339 XLVIII

79 368 133 409 97
168 365 399 422 «Iuppiter,
430 368 479 408 ut
510 380 632 408 muro
663 366 798 408 fretus
824 365 962 421 magis
989 364 1170 419 quamde
1195 378 1345 406 manus
1370 365 1413 406 vi

802 469 917 504 XLIX

79 533 135 576 98
168 531 252 575 «At
281 535 329 575 tu
359 547 447 574 non
477 534 526 573 ut
557 546 651 573 sum
684 544 892 573 summam
924 544 1090 572 servare
1117 529 1237 572 decet
1266 544 1356 571 rem

844 635 872 669 L

80 698 136 741 99
170 698 283 740 <<Ν60
313 697 388 753 pol
418 697 547 739 homo
581 696 808 751 quisquam
839 696 968 738 faciet
998 695 1156 750 inpune
1187 695 1400 738 animatus

168 769 264 811 Hoc
293 770 378 811 nisi
408 771 476 811 tu:
507 783 607 810 nam
638 768 699 808 mi
725 767 863 809 calido
889 767 964 809 das
990 767 1197 822 sanguine
1222 781 1393 822 poenas.

839 859 885 893 LI

198 920 377 956 Romulus
398 931 482 955 cum
501 919 737 954 aedificasset
755 918 937 963 templum
955 918 1033 953 Iovi
1046 918 1221 961 Feretrio,
1239 918 1356 964 pelles
1369 919 1501 953 unctas
1515 918 1646 953 stravit
1692 919 1886 967 ROMUIjUS

80 982 119 1016 et
137 981 190 1015 sic
208 980 316 1015 ludos
336 979 464 1021 edidit,
479 980 522 1013 ut
541 978 728 1013 caestibus
749 979 852 1024 (corr.
874 978 1107 1012 Burmannus
1126 989 1193 1022 pro
1220 977 1516 1023 caelestibus)
1537 977 1645 1012 dimi-
1708 963 1863 1030 xix-liffiiu

81 1041 210 1075 carent
228 1040 267 1074 et
286 1050 394 1074 eursu
411 1040 514 1085 (corr.
529 1038 707 1084 Hagenus
726 1049 793 1083 pro
814 1038 965 1082 curru)
986 1037 1262 1080 contenderent,
1281 1047 1393 1081 quam
1412 1048 1490 1072 rem
1503 1037 1644 1071 Ennius

80 1100 120 1134 in
140 1098 341 1134 annalibus
360 1098 529 1133 testatur.

199 1204 350 1239 XLVIII
369 1205 441 1249 (97)
491 1203 622 1244 Festus
641 1215 676 1248 p.
699 1206 778 1245 348,
794 1206 814 1237 6
835 1202 900 1237 Th.
925 1202 1107 1246 ‘quamde
1125 1214 1192 1248 pro
1213 1214 1325 1247 quam
1344 1214 1429 1238 usos
1450 1213 1529 1238 esse
1549 1202 1646 1237 anti·
1711 1236 1715 1239 .

82 1270 174 1303 quos
188 1270 272 1293 cum
283 1257 394 1291 multi
407 1258 549 1292 veteres
562 1256 776 1292 testimonio
788 1257 874 1291 sunt
886 1257 965 1291 baffi
984 1256 1094 1290 huius
1109 1258 1213 1302 (tum
1232 1256 1379 1291 Enniu
1388 1268 1403 1290 s
1417 1255 1586 1301 Ursinus)
1606 1256 1646 1290 in

81 1318 200 1363 primo
221 1316 411 1362 «Iuppiter
429 1317 472 1351 ut
489 1328 536 1350 m.
552 1315 669 1351 fretus
687 1328 735 1350 m.
751 1320 825 1360 qua
839 1305 985 1350 deman'
998 1316 1094 1360 impe
1107 1315 1364 1361 (interstitium
1376 1315 1490 1350 trium
1502 1315 1646 1349 littera-

81 1372 176 1416 rum)
191 1370 277 1405 66ᾶο
293 1370 420 1416 [136].’
442 1369 618 1404 Extrema
638 1369 691 1404 sic
709 1369 986 1414 interpretabar
1003 1379 1159 1403 manus
1178 1369 1252 1404 ui»
1273 1368 1345 1403 ide
1366 1368 1411 1402 in
1437 1368 1643 1403 secundo.

200 1423 316 1458 XLIX
336 1424 408 1468 (98)
458 1423 589 1457 Festus
608 1435 643 1467 p.
665 1426 744 1464 426,
761 1425 780 1456 3
799 1422 864 1456 Th.
888 1422 991 1456 ‘sum
1015 1433 1082 1467 pro
1104 1432 1189 1456 eum
1207 1433 1295 1456 usus
1316 1423 1373 1456 est
1393 1421 1498 1456 enius
1517 1421 1540 1455 l.
1556 1434 1570 1455 1
1583 1422 1647 1457 «at

82 1479 124 1512 tu
143 1488 217 1511 non
236 1478 279 1510 ut
298 1488 379 1510 sum
399 1487 541 1511 summa
560 1487 586 1510 s.
609 1476 642 1510 d.
663 1486 715 1511 r.»
737 1476 775 1509 et
793 1475 816 1509 l.
838 1488 865 1509 11
885 1476 967 1521 [x].’

202 1530 230 1564 L
251 1530 323 1575 (99)
361 1529 572 1564 Macrobius
587 1529 661 1563 Sat.
677 1541 714 1563 v1
729 1532 759 1571 1,
777 1532 820 1562 15
844 1530 853 1543 ‘
864 1530 906 1563 tu
925 1530 1051 1563 tamen
1064 1528 1209 1563 interea
1222 1528 1344 1563 calido
1357 1527 1451 1562 mihi
1464 1527 1646 1573 sanguine

83 1594 222 1629 poenas
247 1582 433 1627 persolves
460 1582 563 1628 (Aen.
584 1595 622 1616 ix
647 1582 740 1627 420).
773 1582 915 1616 Ennius
940 1581 979 1616 in
1004 1595 1018 1615 1
1044 1592 1134 1618 «nec
1154 1583 1259 1628 (uon
1283 1581 1364 1615 Par.
1388 1580 1476 1626 Sal.)
1495 1580 1559 1625 pol
1580 1609 1586 1615 .
1610 1609 1615 1615 .
1639 1608 1645 1614 .

83 1647 171 1671 nam
183 1636 235 1670 mi
249 1647 277 1670 c.
293 1636 360 1670 das
380 1647 405 1669 s.
420 1636 610 1680 poenas».'
693 1634 839 1669 Servius
854 1634 1038 1670 Danielin.
1053 1634 1094 1668 in
1105 1634 1196 1669 Aen.
1212 1648 1250 1669 1x
1263 1637 1332 1668 420
1345 1647 1380 1679 p.
1397 1637 1475 1677 347,
1492 1637 1535 1668 27
1550 1633 1645 1668 Thil.

85 1690 97 1707 ‘
107 1689 228 1724 calido
241 1688 335 1723 mihi
348 1688 529 1734 sanguine
542 1699 698 1733 poenas:
719 1687 860 1722 Ennius
877 1688 916 1722 in
929 1687 1048 1733 primo
1063 1698 1174 1724 «nam
1186 1688 1279 1722 mihi
1293 1687 1401 1733 (Flor.
1422 1687 1480 1722 mi
1500 1687 1647 1732 Daniel)

86 1754 114 1778 c.
137 1742 243 1777 dabis
262 1741 369 1788 (Flor.
392 1742 470 1776 das
494 1741 640 1787 Daniel)
661 1753 687 1775 s.
702 1741 892 1786 poenas».'

202 1795 250 1829 LI
299 1794 418 1830 Schol.
440 1795 546 1829 Bern.
568 1794 716 1840 Hageni
741 1793 934 1840 (Fleckeis.
956 1805 1040 1829 ann.
1062 1794 1181 1839 suppl.
1203 1807 1240 1829 1v
1258 1806 1293 1839 p.
1317 1797 1395 1836 912,
1416 1794 1456 1828 in
1475 1804 1599 1839 georg.
1622 1806 1648 1827 11

86 1852 164 1883 384.
275 1847 366 1883 Cum
384 1848 455 1883 hoc
480 1848 693 1883 testimonio
717 1847 918 1882 iunxerunt
940 1859 1023 1883 cum
1042 1848 1135 1883 haec
1155 1847 1271 1883 Servii
1291 1847 1475 1882 Danielin.
1497 1847 1536 1881 in
1556 1847 1646 1881 Aen.

206 1974 259 2010 97
291 1973 416 2010 fretus
443 1974 497 2010 est
519 1972 643 2010 fretus
670 1984 709 2010 es
733 1966 906 2025 (fretu's)
935 1974 969 2010 et
992 1973 1180 2010 sententia
1206 1972 1442 2016 exclamatio,
1473 1973 1518 2008 ut
1541 1970 1648 2018 apud

89 2031 286 2070 Catullum
306 2029 375 2081 66,
396 2041 450 2078 30
481 2031 673 2081 Iuppiter,
704 2033 751 2069 ut
780 2031 889 2069 tristi
913 2031 1065 2068 lumina
1091 2043 1206 2080 saepe
1231 2043 1352 2068 manu
1447 2041 1587 2067 manus
1606 2029 1648 2067 vi

86 2090 258 2139 Scaliyer
368 2092 422 2128 98
450 2092 539 2128 astu
564 2102 643 2128 11011
668 2091 710 2128 111
734 2091 926 2138 opinabar
950 2091 1052 2134 olim,
1077 2092 1122 2127 ut
1138 2090 1384 2127 Prometheus
1403 2086 1583 2137 Aeschyli
1602 2089 1649 2126 de

87 2150 246 2188 deorum
279 2150 579 2187 contentionibus
612 2150 705 2187 dicit
737 2143 779 2202 (2
794 2143 864 2201 15)
899 2146 952 2194 ὡς
987 2147 1034 2186 οὐ
1068 2142 1154 2186 κατ’
1192 2146 1305 2199 ἰσχὺν
1340 2144 1432 2186 οὐδὲ
1473 2145 1571 2199 πρὸς
1605 2145 1647 2185 τὸ

86 2206 274 2261 καρτερὸν
299 2207 420 2260 χρείη,
446 2206 546 2262 δόλῳ
573 2205 614 2246 δὲ
639 2206 732 2253 τοὺς
756 2205 1012 2259 ὑπερέχοντας
1037 2209 1205 2258 κρατεῖν,
1232 2207 1375 2254 aliique
1395 2218 1479 2244 eam
1498 2209 1647 2244 coutra-

87 2269 236 2306 riorum
260 2269 449 2305 rationem
474 2269 763 2316 expresserumt;
789 2267 856 2305 sed
874 2267 1025 2304 videtur
1044 2267 1230 2304 orationis
1251 2266 1380 2313 forma
1404 2266 1460 2303 sic
1479 2266 1649 2313 expediri

87 2330 184 2365 recte
215 2328 258 2364 at
287 2327 333 2364 tu
363 2338 454 2375 non,
485 2327 530 2363 ut
555 2339 644 2364 eum
669 2325 780 2364 decet
809 2338 892 2363 rem
917 2337 1111 2363 summam
1136 2337 1303 2374 servare,
1329 2325 1384 2363 sic
1409 2325 1531 2363 simili
1556 2336 1649 2362 cura

86 2386 287 2436 premeris,
313 2387 416 2423 velut
431 2385 625 2424 Horatius
649 2386 780 2423 scribit
797 2387 868 2423 sat.
888 2397 904 2421 1
930 2382 968 2432 6,
984 2394 1039 2432 90
1060 2397 1183 2433 eoque
1208 2397 1300 2433 non,
1324 2386 1370 2422 ut
1389 2396 1534 2434 magna
1559 2383 1649 2421 dolo

87 2446 237 2483 factum
256 2446 376 2495 negat
402 2456 484 2483 esse
510 2457 580 2483 suo
605 2456 711 2494 pars,
731 2443 836 2493 quod
862 2456 941 2481 non
965 2443 1156 2493 ingenuos
1180 2443 1326 2481 habeat
1352 2443 1554 2492 clarosque
1580 2455 1648 2492 pa-

87 2505 229 2553 rentes,
255 2504 309 2542 sic
334 2517 396 2542 me
421 2503 628 2542 defendam
790 2504 833 2540 at
856 2504 897 2541 te
922 2515 1001 2540 non
1026 2503 1072 2540 ut
1100 2501 1290 2541 Columna
1456 2514 1650 2540 summam

96 2564 283 2602 Ursinus:
314 2575 467 2601 summa
589 2564 642 2601 99
675 2563 835 2611 impune
868 2562 1065 2600 animatus
1095 2562 1138 2599 in
1168 2574 1291 2600 unum
1322 2564 1464 2606 coeunt,
1490 2562 1593 2599 velut
1615 2562 1650 2598 si

88 2623 196 2660 dicas
215 2622 391 2671 improbe
412 2623 609 2660 animatus
628 2625 672 2660 ut
683 2623 725 2660 iri
740 2622 978 2659 contrarium
992 2621 1158 2659 animati
1169 2621 1290 2670 probe
1304 2621 1485 2659 dicuntur
1496 2614 1651 2673 (Plauti

89 2681 231 2719 Bacch.
255 2675 381 2734 942).·
407 2683 462 2719 sic
486 2683 563 2719 dici
581 2683 616 2719 is
640 2681 791 2719 videtur
809 2681 875 2728 qui
901 2682 956 2718 est
978 2680 1176 2729 impunita
1196 2674 1295 2733 (sive
1321 2674 1462 2732 effusa)
1488 2678 1650 2716 licentia

91 2740 301 2785 animatus,
326 2743 370 2778 ut
389 2739 520 2778 Cicero
545 2740 824 2789 impunitatem
850 2742 884 2776 et
907 2739 1109 2777 licentiam
1128 2740 1281 2787 copulat
1299 2733 1432 2791 (Brut.
1455 2747 1523 2785 91,
1542 2734 1649 2783 316;

85 2811 160 2847 pro
185 2799 273 2837 Mil.
301 2808 369 2847 31,
391 2794 465 2852 84)
500 2802 570 2838 aut
600 2799 840 2848 impunitam
873 2798 1086 2836 mentiendi
1122 2798 1324 2836 licentiam
1355 2797 1525 2845 appellat
1555 2789 1649 2848 (pro

89 2857 237 2896 Scauro
264 2855 302 2907 8,
327 2853 420 2911 15).·
451 2859 551 2907 quod
581 2860 616 2896 si
645 2860 743 2896 recte
772 2858 955 2895 statuitur
978 2858 1090 2895 nulla
1117 2860 1171 2895 est
1194 2868 1292 2904 quae
1317 2855 1540 2894 credebatur
1563 2865 1650 2891 ora-

91 2918 205 2954 tionis
224 2918 437 2964 difficultas
