2004 3278
282 175 371 213 0011
771 175 815 210 Π.
840 174 905 209 DE
931 173 1084 209 LIBRIS
1110 172 1343 208 ENNIANIS

283 289 357 337 Qui
374 291 581 336 postquam
606 287 714 336 apud
737 287 888 324 Thebas
913 289 1016 324 terra
1040 289 1094 324 est
1111 286 1327 331 devoratus,
1351 284 1537 324 Alcmeon
1554 297 1698 325 memor
1709 287 1840 335 patris

273 348 472 396 praecepti
496 346 713 395 Eriphylen
742 348 905 384 matrem
936 357 1049 383 suam
1080 346 1289 392 interfecit;
1320 357 1430 393 quem
1451 348 1588 394 postea
1617 347 1749 393 furiae
1780 358 1840 384 ex-

281 408 489 455 ayitarunt.
530 404 679 450 Quibus
718 418 763 442 ex
801 404 1035 454 Apollodori
1067 404 1247 442 biblioth.
1273 417 1320 442 111
1349 405 1384 452 7,
1413 404 1436 442 5
1476 404 1572 443 haec
1610 404 1711 443 addo
1749 403 1841 457 χρή-

285 476 423 511 σαντος
441 459 685 511 ’Λπόλλωνος
710 463 814 518 αὐτῷ
843 462 916 514 τὴν
943 461 1086 515 μητέρα
1112 461 1335 502 ἀπέκτεινεν
1355 494 1362 500 .
1386 493 1394 501 .
1414 493 1422 501 .
1440 458 1661 514 Ἀλκμέωνα
1688 461 1729 502 δὲ
1756 478 1841 514 μετ-

280 526 403 575 ῆλθεν
435 521 565 574 ἐρινὺς
591 529 660 563 τοῦ
687 520 868 578 μητρῴου
895 522 1024 573 φόνου
1049 521 1114 561 καὶ
1139 520 1321 574 μεμηνὼς
1351 528 1506 574 πρῶτον
1536 520 1607 573 μὲν
1633 523 1687 570 εἰς
1709 518 1842 574 Ἀρκα-

281 583 370 621 δίαν
407 581 504 634 πρὸς
534 581 674 621 Οἰκλέα
705 582 975 635 παραγίνεται,
1012 581 1166 621 ἐκεῖθεν
1198 579 1238 620 δὲ
1269 581 1324 629 εἰς
1362 581 1535 632 Ψωφῖδα
1568 581 1665 635 πρὸς
1697 580 1842 634 Φηγέα.

282 640 504 694 καθαρθεὶς
536 639 578 680 δὲ
609 637 671 680 ὑπ’
707 641 828 681 αὐτοῦ
863 636 1070 694 ’Λρσινόην
1101 644 1221 694 γαμεῖ
1253 640 1325 692 τὴν
1359 640 1499 680 τούτου
1537 639 1735 694 θυγατέρα
1764 643 1843 680 κτλ.

279 701 352 740 His
379 701 484 739 enim
508 701 712 751 probabile
738 701 783 739 fit
807 701 928 739 Ennii
953 701 1130 739 fabulam
1154 701 1334 751 potuisse
1366 701 1416 740 ad
1441 700 1644 751 Euripidis
1676 701 1843 739 alteram

281 760 400 799 huius
427 760 597 799 nominis
623 761 869 812 tragoediam
896 773 998 811 quae
1020 756 1215 812 Ἀλκμέων
1242 758 1262 799 ὅ
1295 758 1359 798 διὰ
1391 759 1583 810 Ψωφῖδος
1614 760 1844 799 inscribitur

283 820 432 869 referri,
460 832 702 870 quamquam
727 821 801 859 hoc
828 821 943 859 certis
968 820 1124 859 indiciis
1150 819 1412 859 demonstrari
1437 832 1516 858 non
1534 821 1677 869 potest.
1703 819 1844 858 Altera

281 892 382 929 quae
409 881 469 918 est
490 875 543 917 Ἀ.
570 877 589 918 ὁ
616 878 680 918 διὰ
705 880 914 932 Κορίνθου
941 880 1096 918 diversa
1120 879 1215 929 fuit3
1241 879 1287 917 de
1314 881 1483 929 utraque
1510 878 1599 918 vide
1618 879 1843 917 Nauckium

279 941 381 989 trag.
408 938 473 977 Gr.
499 939 640 989 fragm.
666 952 697 977 11
721 953 759 988 p.
782 940 864 977 379
878 952 962 989 sqq.

398 998 462 1036 Ad
496 997 783 1036 Alexandri
814 1012 849 1037 v.
879 999 932 1037 35
970 1011 1091 1048 quam
1125 998 1342 1037 memoravi
1377 997 1527 1048 Hygini
1563 997 1741 1036 fabulam
1777 999 1844 1047 91,

227 1076 233 1079 -
281 1070 368 1096 eam
386 1057 583 1107 integram
600 1057 848 1107 perscribam.
864 1057 1088 1097 Alexander
1100 1059 1227 1096 Paris.
1241 1058 1427 1096 Priamus
1440 1058 1716 1096 Laomedontis
1735 1058 1844 1105 filius

281 1129 369 1155 cum
395 1118 608 1165 complures
634 1118 772 1156 liberos
797 1119 950 1156 haberet
981 1130 1025 1156 ex
1056 1118 1257 1157 concubitu
1282 1117 1476 1161 Hecubae,
1511 1116 1632 1155 Cissei
1656 1118 1736 1155 sive
1761 1117 1844 1166 Dy-

279 1178 423 1215 mantis
447 1177 565 1225 filiae,
597 1188 695 1214 uxor
722 1178 804 1215 eius
822 1189 1050 1226 praeynans
1075 1179 1118 1215 in
1152 1178 1272 1224 quiete
1297 1177 1395 1215 vidit
1424 1187 1463 1214 se
1493 1177 1618 1223 facem
1649 1176 1845 1215 ardentem

274 1247 417 1284 parere
426 1230 478 1288 ²³⁶),
511 1247 554 1274 ea:
580 1248 657 1283 qua
681 1239 871 1283 serpentes
890 1237 1085 1285 plurimos
1111 1238 1241 1274 exisse.
1271 1236 1323 1274 Id
1347 1237 1474 1274 visum
1500 1236 1676 1273 omnibus
1702 1237 1844 1274 conice-

280 1296 427 1333 toribus
453 1307 539 1333 cum
563 1298 771 1333 narratum
797 1299 901 1340 esset,
926 1297 1120 1344 imperant
1144 1296 1333 1344 quidquid
1352 1298 1511 1343 pareret
1535 1297 1698 1340 necaret,
1729 1307 1776 1333 ne
1803 1296 1846 1334 id

273 1356 432 1403 patriae
458 1356 570 1392 exitio
590 1355 698 1401 foret.
724 1356 933 1403 Postquam
953 1356 1115 1393 Hecuba
1127 1357 1281 1403 peperit
1301 1354 1573 1392 Aleoeandrum
1593 1355 1710 1392 datur
1728 1356 1843 1393 inter—

279 1414 479 1461 ficiendus,
511 1426 621 1461 quem
653 1415 833 1452 satellites
858 1415 1124 1453 misericordia
1149 1417 1414 1462 exposuerant.
1447 1414 1554 1451 Eum
1572 1417 1750 1461 pastores
1768 1426 1845 1462 pro

279 1485 349 1511 suo
374 1473 456 1520 filio
481 1476 674 1521 repertum
700 1476 912 1521 expositum
941 1474 1156 1512 educarunt
1187 1485 1345 1522 eumque
1369 1474 1507 1511 Parim
1536 1475 1846 1512 nominaverunt.

280 1533 325 1570 Is
351 1544 437 1571 cum
463 1533 515 1570 ad
533 1534 719 1581 puberem
745 1536 905 1571 aetatem
917 1535 1165 1581 pervenisset,
1189 1534 1325 1572 habuit
1343 1535 1500 1571 taurum
1518 1534 1562 1570 in
1580 1533 1737 1571 deliciis.
1765 1533 1846 1581 Quo

281 1604 367 1631 cum
397 1592 578 1630 satellites
609 1593 718 1630 missi
744 1605 769 1630 a
793 1593 953 1631 Priamo
978 1596 1021 1630 ut
1048 1596 1206 1631 taurum
1237 1593 1380 1640 aliquis
1412 1592 1617 1630 adduceret
1646 1594 1846 1637 venissent,

281 1653 347 1699 qui
372 1652 414 1689 in
441 1652 542 1689 athlo
573 1653 730 1699 funebri
761 1653 862 1699 quod
894 1654 927 1690 ei
957 1653 1074 1699 fiebat
1097 1655 1318 1700 poneretur,
1350 1654 1554 1699 coeperunt
1576 1651 1736 1689 Paridis
1762 1654 1846 1690 tau-

280 1723 370 1748 rum
395 1711 592 1749 abducere.
621 1711 696 1758 Qui
714 1714 940 1759 persecutus
967 1714 1020 1749 est
1052 1723 1111 1749 cos
1144 1714 1177 1749 et
1206 1712 1409 1758 inquisivit
1434 1721 1506 1758 quo
1533 1722 1618 1749 eum
1644 1711 1848 1758 ducerent,-

280 1770 341 1808 illi
365 1771 543 1808 indicant
565 1781 605 1808 se
630 1782 716 1808 eum
742 1771 794 1808 ad
818 1771 1023 1808 Priamum
1049 1771 1250 1815 adducere,
1279 1772 1346 1817 qui
1371 1771 1521 1808 vicisset
1544 1769 1648 1808 ludis
1673 1771 1845 1817 funebri-

282 1830 352 1867 bus
377 1827 606 1867 Alexandri.
634 1829 663 1866 I
665 1829 714 1867 lle
739 1841 868 1868 amore
892 1831 1071 1868 incensus
1097 1831 1202 1867 tauri
1226 1831 1290 1867 sui
1315 1829 1507 1867 descendit
1530 1831 1570 1866 in
1599 1832 1788 1867 certamen
1814 1832 1849 1867 et

282 1889 413 1926 omnia
444 1889 556 1934 vicit,·
585 1890 729 1936 fratres
760 1900 906 1936 quoque
935 1900 1026 1927 suos
1050 1890 1275 1937 superavit.
1299 1919 1306 1926 .
1330 1918 1335 1924 .
1365 1888 1474 1936 Quod
1505 1900 1591 1926 cum
1619 1888 1847 1927 Cassandra

282 1948 560 1985 vaticinaretur
586 1959 671 1986 eum
696 1949 859 1996 fratrem
885 1959 974 1993 esse,
1000 1949 1185 1986 Priamus
1212 1960 1298 1986 eum
1324 1949 1480 1996 aynovit
1498 1949 1678 1996 reyiaque
1697 1949 1845 1995 recepit.

283 2006 341 2043 Ex
367 2006 440 2044 hac
467 2007 571 2044 enim
596 2007 823 2045 narratione
847 2020 973 2057 paene
1004 2009 1135 2045 totum
1160 2009 1336 2045 tenorem
1363 2019 1408 2045 ac
1430 2019 1574 2044 nexum
1594 2018 1781 2044 versuum
1801 2020 1847 2044 ex

282 2066 355 2104 hac
386 2065 593 2116 tragoedia
624 2066 882 2116 superstitum
913 2067 1120 2105 restituere
1151 2067 1254 2115 licet,
1293 2068 1331 2104 et
1362 2065 1463 2103 illud
1494 2065 1716 2116 intelligere
1747 2066 1847 2103 nihil

283 2124 426 2163 certius
453 2137 535 2163 esse
561 2138 681 2174 quam
709 2138 844 2164 versus
877 2126 923 2164 de
949 2126 1134 2164 Hecubae
1168 2126 1318 2164 somnio
1351 2127 1389 2164 et
1420 2126 1540 2174 partu
1566 2119 1631 2178 (1),
1665 2125 1731 2174 qui
1764 2125 1846 2163 sine

282 2185 439 2222 nomine
459 2186 600 2234 poetae
621 2187 691 2223 aut
710 2185 939 2235 tragoediae
960 2186 1188 2234 afferuntur,
1208 2186 1251 2223 in
1270 2186 1343 2223 hac
1363 2183 1569 2235 tragoedia
1586 2196 1697 2222 suam
1711 2197 1846 2223 veram

284 2243 414 2282 sedem
439 2244 623 2282 nancisci.
651 2244 711 2282 Ex
737 2245 938 2295 Euripide,
966 2245 1077 2282 cuius
1100 2239 1351 2296 Ἀλέξανδρος
1378 2256 1493 2294 saepe
1519 2243 1720 2292 laudatur,
1745 2244 1847 2282 hanc

282 2303 462 2341 fabulam
488 2316 712 2353 expressam
738 2316 819 2342 esse
845 2304 973 2342 Varro
999 2304 1112 2342 testis
1139 2305 1199 2342 est
1225 2298 1336 2357 (vn),
1365 2305 1571 2354 praeterea
1596 2302 1696 2340 nihil
1722 2304 1781 2341 est
1806 2302 1847 2340 in

284 2361 443 2400 Graecis
470 2362 576 2412 quod
603 2363 773 2402 conferri
796 2364 932 2414 possit.

401 2422 449 2459 In
467 2421 799 2460 Andromacha
824 2423 982 2473 longius
1004 2422 1126 2460 etiam
1146 2434 1266 2470 quam
1284 2421 1326 2458 in
1347 2421 1436 2458 aliis
1456 2432 1479 2458 a
1499 2420 1705 2458 Ribbeckii
1725 2420 1846 2458 ratio-

284 2480 400 2518 nibus
420 2481 591 2520 discessi.
613 2481 685 2520 Oui
705 2481 864 2520 fabulae
883 2481 1013 2520 Nonio
1033 2483 1133 2519 teste
1147 2481 1298 2519 Ennius
1315 2475 1583 2530 Ἀνδρομάχην
1603 2479 1847 2530 αἰχμάλωτον

283 2540 494 2590 inscripsit,
521 2553 544 2578 a
571 2554 650 2589 qua
674 2543 809 2579 tamen
833 2554 910 2579 non
938 2541 1093 2579 diversa
1118 2540 1195 2578 fuit
1221 2552 1323 2589 quae
1355 2538 1587 2588 simpliciter
1611 2538 1738 2576 anii
1762 2537 1846 2576 An-

285 2600 493 2638 dromacha
512 2602 685 2638 vocatur.
702 2599 893 2639 Graecam
912 2600 1208 2649 inscriptionem
1221 2598 1450 2648 putabimus
1463 2599 1623 2646 poetam
1638 2610 1682 2634 ex
1697 2596 1846 2635 Graeco

286 2658 498 2708 exemplari
523 2659 743 2709 retinuisse,
770 2672 1015 2709 quamquam
1039 2658 1073 2697 is
1098 2659 1243 2696 titulus
1268 2659 1310 2696 in
1337 2657 1507 2695 Graecae
1533 2656 1762 2706 tragoediae
1788 2669 1846 2699 res

404 2760 434 2806 ²⁸)
461 2759 576 2795 Plane
589 2760 635 2797 ut,
643 2759 783 2805 legitur
796 2760 834 2795 in
847 2772 879 2795 v.
896 2764 940 2795 35
948 2771 1079 2806 parere
1092 2771 1129 2796 se
1143 2760 1327 2795 ardentem
1339 2758 1464 2802 facem,
1483 2756 1531 2791 ad
1546 2756 1776 2801 eandemque
1789 2757 1847 2800 fa-

285 2820 358 2845 cem
370 2807 528 2842 redeunt
541 2818 637 2852 quae
652 2807 860 2842 Cassandra
874 2808 976 2843 canit
988 2820 1018 2841 v.
1036 2811 1078 2842 63
1094 2808 1195 2843 adest
1207 2808 1275 2851 fam
1288 2806 1455 2842 obvoluta
1467 2805 1655 2850 sanquine.
1678 2803 1757 2845 Quo
1772 2815 1846 2839 cer-

285 2856 360 2891 tius
376 2856 432 2889 est
443 2868 454 2888 1
466 2855 514 2889 ad
527 2854 623 2889 hano
637 2855 870 2900 tragoediam
884 2857 984 2890 recte
998 2855 1157 2890 relatum
1168 2864 1258 2888 esse.
1274 2853 1326 2888 Cf.
1335 2851 1523 2898 Vergilius
1532 2851 1620 2886 Aen.
1630 2864 1653 2884 x
1663 2854 1728 2884 703
1741 2852 1782 2885 in
1793 2852 1847 2886 lu-

285 2915 357 2942 cem
370 2903 502 2939 dedit..
516 2904 596 2948 face
603 2914 788 2950 praeynas
798 2903 926 2939 Cisseis
939 2904 1067 2949 reyina
1075 2903 1205 2938 Parim
1212 2915 1225 2946 ;
1239 2902 1277 2937 et
1283 2914 1334 2937 vn
1342 2903 1409 2936 319
1425 2900 1463 2935 et
1477 2898 1623 2934 Servius
1636 2898 1845 2943 utrobique.
