2004 3278
266 212 358 249 CLII
757 208 801 244 11.
826 207 892 244 DE
910 206 1065 243 LIBRJS
1084 205 1318 242 ENNIANIS

268 325 340 374 qui
369 323 559 372 reliquias
590 333 637 359 ex
668 334 714 359 eo
745 320 848 359 libro
879 319 1095 358 servaverit
1130 329 1236 358 unus
1273 318 1458 358 inventus
1496 321 1557 358 est
1586 318 1830 360 Lactantius.

264 382 429 421 Accedit
448 381 553 431 quod
571 393 642 418 xxi
659 379 832 419 Satwrrw
850 391 961 428 quem
983 377 1123 418 Caelus
1138 379 1283 428 wana,
1301 391 1420 429 quem
1437 391 1592 418 versum
1610 378 1707 418 item
1721 380 1831 419 nullo

265 441 424 492 negotio
450 440 663 478 Euhemeri
687 438 867 488 reliquiis
891 438 1167 477 Lactantianis
1193 432 1237 490 (1.
1256 450 1298 476 11.
1317 431 1379 490 VI)
1404 438 1685 487 accommodes,
1710 451 1831 477 anna-

266 500 371 538 libus
397 499 591 538 vindicari
615 498 776 537 videtur
798 498 1010 548 propterea
1035 497 1141 547 quod
1158 497 1193 536 is
1211 509 1360 546 versus,
1385 509 1504 547 quem
1523 497 1642 536 simul
1661 498 1832 537 afferunt

265 558 528 610 grammatici,
546 571 626 597 non
645 559 805 608 poterat
822 557 900 596 nisi
918 570 964 596 ex
984 556 1195 596 annalibus
1207 556 1463 607 depromptus
1480 568 1573 596 esse.
1594 555 1652 595 Of.
1664 570 1703 608 p.
1716 569 1830 596 xcm.

385 617 483 656 Cum
514 618 670 656 Albano
701 630 793 668 rege
825 616 980 656 Aeneas
1011 616 1264 668 congreditur
1295 610 1426 669 (xxm.
1451 628 1559 655 xnv.
1585 628 1677 655 xxv.
1702 611 1831 670 xxvi).

264 678 370 716 Alba
395 677 510 727 enim,
541 677 611 716 ubi
636 689 711 726 res,
741 677 789 714 de
819 676 961 726 quibus
991 676 1097 715 infra
1127 688 1332 726 exponam,
1362 675 1460 714 Iliae
1491 676 1694 726 geruntur,
1725 676 1833 726 apud

268 737 444 776 Ennium
467 737 594 775 multo
615 738 707 775 ante
726 736 883 774 Aeneae
904 735 1119 774 adventum
1139 737 1353 785 exstmcta3
1378 736 1424 773 ut
1441 734 1558 773 illum
1577 734 1762 774 credibile
1781 736 1834 774 sit

267 796 474 835 confestim
500 796 550 834 ad
574 796 678 834 hunc
701 809 835 846 regem
859 796 1086 846 perrexisse.
1113 793 1348 834 Sciscitante
1373 795 1498 846 igitur
1522 793 1650 834 Albae
1673 807 1767 846 rege
1785 795 1833 833 de

266 855 507 894 advenarum
539 855 703 907 origine,
733 854 823 893 inde
850 867 874 892 a
898 854 993 893 Iove
1018 855 1147 905 gentis
1177 853 1376 904 principia
1406 853 1576 902 deducit,
1607 867 1685 893 non
1716 854 1834 893 aliter

267 916 387 964 atque
411 915 458 964 is,
483 916 552 965 qui
571 914 700 953 Ennio
726 914 1021 963 obversabatur,
1045 913 1210 953 Homeri
1228 912 1383 953 Aeneas
1407 912 1455 952 11.
1474 925 1529 951 xx
1551 913 1648 962 215,
1674 913 1832 964 quando

266 974 329 1012 his
357 972 517 1012 Graecis
544 968 670 1027 (239)
687 968 925 1025 Ἀσσάρακος
950 970 992 1012 δὲ
1017 971 1176 1023 Κάπυν,
1202 969 1222 1011 ὁ
1249 967 1283 1011 δ’
1313 969 1361 1024 ἄρ
1377 967 1571 1024 Ἀγχίσην
1595 970 1677 1011 τέκε
1696 972 1834 1023 παῖδα,

266 1031 390 1085 αὐτὰρ
416 1029 469 1083 ἔμ’
493 1028 671 1085 Ἀγχίσης
690 1032 928 1082 respondent
947 1033 1027 1071 fere
1047 1031 1098 1070 ad
1116 1032 1280 1071 verbum
1298 1032 1483 1071 Enniana
1500 1030 1698 1071 Assaraco
1716 1035 1834 1071 natus

268 1091 398 1141 Capys
423 1093 590 1141 optimus
616 1094 722 1141 isque
746 1094 864 1140 pium
889 1103 934 1131 ex
956 1103 997 1130 se
1020 1090 1219 1131 Anchisen
1239 1094 1399 1141 yenerat
1423 1086 1570 1145 (xxlv).
1596 1091 1656 1130 De
1685 1103 1732 1130 ea
1757 1093 1833 1130 ori-

267 1153 359 1203 gine
396 1154 555 1202 praeter
585 1153 935 1202 grammaticorum
964 1151 1193 1190 testimonia
1231 1151 1280 1188 ad
1317 1152 1424 1200 ipsos
1462 1162 1597 1189 versus
1634 1150 1835 1201 adscripta

268 1210 471 1260 dixerunt,
505 1212 551 1249 ut
582 1223 727 1265 paucos
760 1211 933 1259 afferam,
966 1209 1131 1249 Ovidius
1164 1210 1253 1249 fast.
1274 1222 1315 1249 1v
1337 1211 1483 1259 34sqq.
1518 1209 1639 1248 Silius
1670 1209 1834 1249 Italicus

267 1282 311 1308 XI
332 1271 416 1309 292
427 1283 511 1319 sqq.
539 1271 578 1308 et
603 1283 623 1309 e
649 1269 809 1309 Graecis
832 1269 1047 1319 Dionysius
1072 1269 1201 1308 Halic.
1222 1282 1237 1307 1
1257 1270 1311 1307 62
1338 1270 1379 1307 et
1403 1268 1611 1319 Appianus
1631 1281 1646 1307 1
1663 1282 1702 1319 p.
1726 1270 1793 1318 15,
1809 1271 1833 1307 2

269 1329 404 1367 Mend.
425 1329 599 1367 Ennium
625 1331 782 1368 secutus
809 1331 868 1368 est
886 1328 1086 1380 Vergilius
1107 1323 1223 1382 (Aen.
1243 1341 1317 1367 vm
1338 1323 1547 1382 127sqq.),
1572 1328 1641 1378 qui
1659 1328 1834 1368 Aeneam

268 1389 366 1426 facit
391 1388 580 1428 Euandro
606 1389 689 1439 regi
715 1389 762 1426 de
789 1388 941 1439 origine
966 1388 1119 1439 generis
1146 1390 1406 1426 enarrantem.
1435 1387 1474 1426 Is
1506 1400 1594 1426 cum
1618 1387 1835 1437 Atlantem,

269 1443 483 1486 ‘aetherios
508 1460 646 1486 umero
672 1448 741 1497 qui
767 1449 936 1487 sustinet
961 1445 1089 1487 orbes’
1111 1442 1236 1501 (137)
1257 1448 1319 1486 vel
1340 1443 1455 1486 ‘caeli
1475 1448 1544 1497 qui
1564 1447 1694 1486 sidera
1711 1443 1835 1487 tollit'

269 1501 413 1560 (141),
444 1507 550 1545 inter
580 1508 710 1557 gentis
744 1509 924 1546 auctores
956 1507 1136 1558 designet
1167 1509 1288 1557 atque
1317 1507 1392 1546 hoc
1422 1508 1628 1556 praeterea
1659 1519 1835 1546 sermone

268 1565 451 1605 Enniano
483 1567 621 1604 utatur
646 1561 771 1620 (150)
805 1568 934 1615 accipe
965 1567 1090 1616 daque
1117 1567 1245 1615 fidem,
1275 1579 1355 1604 non
1381 1565 1463 1605 sine
1488 1565 1770 1617 probabilitate
1796 1568 1836 1605 et

267 1626 314 1663 fr.
335 1637 436 1663 xxm
466 1625 514 1664 de
545 1625 711 1664 Atlante
741 1626 961 1676 intelligas,
999 1639 1114 1675 quem
1145 1627 1188 1664 in
1217 1638 1456 1676 proavorum
1487 1638 1650 1664 numero
1681 1625 1834 1665 Aeneas

268 1684 505 1734 laudaverit,
524 1687 564 1723 et
581 1684 629 1723 fr.
649 1697 731 1724 xxv
750 1684 876 1723 eidem
895 1684 1052 1723 Aeneae
1073 1685 1291 1723 amicitiam
1310 1685 1616 1734 societatemque
1635 1697 1723 1723 cum
1742 1698 1834 1736 rege

268 1743 425 1782 Albano
449 1745 634 1795 iungenti
658 1744 865 1783 attribuas.
891 1744 981 1783 Non
1001 1745 1240 1795 negaverim,
1265 1744 1306 1781 id
1326 1743 1432 1794 quod
1451 1743 1620 1783 editores
1640 1746 1835 1793 statuunt,

268 1815 427 1842 versum
451 1803 574 1842 Ennii
598 1797 737 1856 (xxm)
765 1804 887 1842 etiam
912 1803 960 1842 de
984 1803 1078 1842 Iove
1102 1804 1279 1852 potuisse
1303 1803 1496 1854 intelligi,
1522 1803 1569 1841 de
1595 1816 1672 1853 quo
1695 1803 1833 1855 Vergi-

268 1862 345 1900 lius
366 1857 483 1915 (Aen.
496 1875 539 1900 1x
561 1857 636 1915 92)
656 1862 753 1901 dicit
771 1865 918 1911 torquet
935 1863 1002 1911 qui
1022 1863 1155 1901 sidera
1179 1863 1318 1901 mundi
1343 1864 1382 1901 et
1407 1863 1492 1901 sim.
1514 1863 1618 1901 Nam
1645 1863 1749 1912 quod
1777 1865 1837 1902 est

271 1921 378 1971 apud
406 1920 602 1960 Isidorum
629 1916 695 1974 (de
720 1923 801 1960 nat.
827 1934 901 1960 rer.
928 1934 959 1960 c.
988 1923 1055 1970 14,
1076 1916 1121 1974 2)
1148 1935 1193 1960 ex
1219 1920 1426 1960 Ambrosio
1451 1922 1665 1971 repetitum
1691 1934 1778 1961 cum
1803 1925 1837 1962 et

268 1982 346 2028 ipsi
372 1975 473 2033 (scil.
497 1982 688 2029 sapientes
712 1975 869 2034 mundi)
901 1981 1035 2020 dicant
1057 1981 1159 2019 volvi
1183 1982 1280 2019 caeli
1304 1981 1432 2020 orbem
1460 1982 1580 2020 stellis
1611 1981 1836 2021 ardentibus

269 2040 530 2088 refulyentcm,
555 2053 634 2079 non
660 2041 720 2079 est
745 2040 850 2090 quod
874 2040 925 2079 ad
944 2040 1119 2078 Ennium
1143 2040 1349 2089 referatur,
1375 2040 1408 2080 si
1434 2040 1592 2090 quidem
1611 2041 1674 2079 vel
1692 2040 1835 2079 Lucre-

268 2099 348 2137 tius
374 2098 557 2138 similiter
580 2100 734 2138 locutus
761 2101 821 2139 est
846 2094 907 2152 (VI
928 2097 1031 2149 357)
1060 2102 1319 2148 autumnoque
1349 2096 1479 2150 mayis]
1505 2100 1624 2138 stellis
1655 2100 1834 2148 fulyenti-

270 2158 341 2196 bus
366 2161 461 2207 apta
485 2161 699 2198 concutitur
724 2160 822 2198 caeli
851 2159 998 2197 domus.
1030 2158 1107 2197 Sed
1126 2161 1230 2197 certe
1255 2159 1305 2198 ad
1323 2158 1496 2197 Enniani
1515 2171 1650 2197 versus
1667 2159 1836 2198 formam

270 2218 338 2266 qui
362 2218 512 2256 caelum
536 2221 666 2257 versat
688 2219 808 2257 stellis
831 2219 1068 2268 fulyentibus
1093 2221 1228 2267 aptum
1245 2218 1345 2257 nihil
1363 2218 1527 2269 propius
1548 2217 1698 2257 accedit
1717 2231 1836 2268 quam

271 2275 375 2326 quod
400 2276 601 2327 Vergilius
625 2277 686 2316 bis
713 2273 827 2330 (Aen.
849 2290 891 2317 1v
911 2278 995 2316 482
1017 2279 1056 2316 et
1074 2290 1116 2317 v1
1138 2272 1241 2330 797)
1268 2277 1316 2316 de
1339 2277 1504 2316 Atlante
1523 2277 1623 2316 dixit
1641 2279 1836 2317 maximus

271 2335 466 2385 (caelifer)
496 2334 613 2375 Atlas
644 2349 756 2376 axem
786 2348 917 2375 umero
949 2340 1095 2385 torquet
1123 2337 1243 2376 stellis
1273 2337 1498 2376 ardentibus
1536 2339 1688 2385 aptum,
1719 2350 1836 2386 quem

271 2406 361 2432 cum
385 2407 502 2433 versu
520 2395 703 2435 Enniano
722 2396 945 2434 Macrobius
972 2396 1205 2446 composuit.
1232 2395 1414 2435 Ceterum
1434 2395 1610 2434 Atlantis
1636 2396 1743 2446 apud
1756 2396 1834 2434 En-

270 2454 381 2491 nium
411 2455 652 2493 mentionem
682 2455 804 2493 fuisse
831 2454 958 2493 Servii
985 2455 1216 2494 testimonia
1240 2454 1291 2494 ad
1315 2455 1427 2492 illum
1453 2467 1610 2494 versum
1636 2455 1835 2505 adscripta

270 2512 388 2551 fidem
412 2513 578 2562 faciunt,
603 2514 671 2564 qui
690 2513 814 2552 tradit
833 2514 1008 2552 Ennium
1034 2514 1177 2554 dixisse
1197 2514 1400 2553 Atlantem
1418 2515 1553 2553 vocari
1572 2514 1835 2564 Telamonem,

270 2571 312 2609 id
338 2572 445 2620 quod
470 2584 518 2610 ex
544 2585 589 2611 eo
614 2585 734 2621 more,
766 2586 882 2623 quem
908 2586 1027 2623 supra
1057 2573 1185 2624 tetigi,
1215 2573 1421 2624 probabile
1447 2574 1507 2612 est
1535 2572 1577 2610 in
1608 2573 1739 2623 prima
1762 2573 1833 2612 At-

271 2630 392 2668 lantis
412 2632 680 2680 appellatione
706 2632 884 2670 additum
909 2632 1040 2672 fuisse.
1061 2631 1190 2678 Quare
1210 2633 1397 2682 quoniam
1416 2631 1569 2671 Aeneas
1581 2631 1834 2682 Vergilianus

271 2688 479 2728 Atlantem
503 2691 608 2728 inter
632 2703 802 2740 proavos
829 2691 1060 2741 appellavit,
1091 2694 1252 2730 maneat
1275 2692 1339 2730 hic
1366 2703 1503 2730 versus
1527 2690 1684 2729 Aeneae
1717 2693 1757 2729 et
1787 2692 1834 2730 de

272 2747 437 2788 Atlante
463 2748 590 2788 dictus
611 2750 674 2787 sit.
700 2749 841 2788 Eidem
865 2750 1022 2789 Aeneae
1049 2751 1155 2800 quod
1173 2751 1397 2802 Vergilium
1421 2752 1577 2789 secutus
1595 2762 1678 2789 xxv
1697 2751 1834 2799 tribui,

272 2807 441 2846 concedo
461 2808 597 2846 eadem
610 2808 766 2847 Albano
779 2808 865 2859 regi
878 2809 919 2847 in
933 2809 1068 2848 eodem
1082 2810 1278 2860 colloquio
1290 2821 1405 2859 posse
1420 2808 1598 2847 adscribi.
1619 2809 1833 2858 Dionysius

271 2866 399 2904 Halic.
420 2879 434 2904 1
455 2867 523 2915 58,
539 2868 563 2906 5
590 2867 778 2906 Latinum
804 2881 892 2906 cum
910 2868 1045 2907 Aenea
1071 2868 1387 2919 congredientem
1411 2868 1509 2906 facit
1529 2869 1571 2906 in
1591 2867 1833 2907 simillimam

274 2925 457 2964 Enniano
489 2927 621 2965 versui
653 2927 888 2966 sententiam
914 2927 1024 2977 loqui
1049 2927 1196 2975 πίστεις
1219 2927 1368 2967 τούτων
1393 2925 1487 2974 ἀξιῶ
1513 2926 1653 2966 δοῦναι
1678 2925 1744 2966 καὶ
1767 2929 1832 2966 λα-

1990 837 2004 900 ³:011..
1987 711 2004 828 *dx-‘flu
