2020 3334
344 180 461 216 tvm
898 180 925 215 1.
951 156 1180 216 merom
1203 178 1341 215 Erum

347 292 449 338 Quid
494 292 598 342 quod
639 291 745 330 hunc
781 290 1016 342 Cethegum,
1060 292 1128 341 qui
1163 291 1224 330 bis
1259 292 1302 329 in
1337 291 1400 330 his
1436 292 1613 332 versibus
1650 292 1699 331 ab
1735 292 1904 332 Horatio

345 353 595 399 memoratur,
626 351 845 401 principem
874 351 955 389 illis
986 350 1124 401 priscis
1154 350 1397 401 temporibus
1421 353 1618 390 oratorem
1641 352 1762 390 fuisse
1786 353 1903 390 unius

344 411 465 448 Ennii
500 411 727 448 testimonio
765 409 989 459 constabat,
1026 411 1136 448 cuius
1173 422 1309 448 versus
1346 410 1584 450 clarissimos
1622 410 1757 449 Cicero
1789 411 1904 450 affert

344 471 386 507 in
410 470 535 507 Bruto
562 464 651 522 (15,
671 463 746 521 58)
779 481 867 507 cum
899 481 1023 519 eoque
1054 470 1184 508 aetate
1208 470 1461 507 coniunctum
1488 469 1676 509 Catonem
1699 471 1902 508 memorat.

464 527 540 566 Sed
563 528 680 567 huius
711 530 861 578 poetae,
895 541 1010 577 quem
1041 529 1103 567 tot
1132 528 1315 567 laudibus
1341 529 1464 578 effert,
1495 528 1616 568 fuisse
1644 529 1835 579 quaedam
1860 531 1903 567 in

344 587 582 626 carminibus
613 588 742 626 minus
772 587 941 626 feliciter
971 600 1152 638 expressa
1185 588 1335 626 fatetur
1365 587 1536 638 quodam
1566 588 1682 627 modo
1720 600 1809 627 cum
1844 589 1904 627 ita

344 646 481 686 scribit
512 641 603 700 (sat.
636 659 651 684 1
673 648 739 695 10,
761 641 835 700 50)

556 705 612 744 At
641 706 725 744 dixi
755 707 875 753 fluere
904 707 1006 744 hunc
1036 706 1277 751 lutulentum,
1307 717 1421 754 saepe
1450 707 1632 755 ferentem

558 765 684 803 Plura
715 766 868 813 quidem
898 765 1067 803 tollenda
1096 765 1378 814 relinquendis:
1408 777 1489 814 aye,
1520 777 1672 814 quaeso,

560 825 620 862 Tu
650 825 750 862 nihil
778 826 823 863 in
852 835 993 873 maqno
1023 825 1155 863 doctus
1185 825 1387 872 reprendis
1417 825 1599 870 Homero,

557 884 630 922 Nil
660 885 778 922 comis
808 885 947 933 trayici
976 886 1101 922 mutat
1130 884 1312 922 Lucilius
1342 882 1450 928 Aeci,

557 943 650 981 Non
680 943 781 981 ridet
809 954 943 981 versus
974 943 1086 981 Enni
1113 944 1305 992 yravitate
1334 944 1514 987 minores,

560 1002 659 1041 Cum
690 1002 739 1040 de
765 1013 806 1040 se
835 1002 1005 1050 loquitur
1033 1013 1113 1040 non
1143 1005 1186 1040 ut
1214 1003 1361 1040 maiore
1390 1003 1611 1050 reprensis?

342 1062 446 1100 Nam
478 1061 572 1099 licet
602 1061 644 1099 in
673 1061 735 1099 his
766 1073 846 1099 non
875 1063 959 1099 tam
985 1061 1032 1099 de
1057 1061 1187 1099 Ennio
1214 1062 1355 1112 agatur
1380 1073 1499 1110 quam
1524 1061 1572 1099 de
1596 1060 1763 1110 Lucilio,
1794 1062 1904 1100 cuius

343 1121 520 1171 exemplo
557 1120 747 1159 Horatius
785 1120 861 1158 sibi
897 1121 958 1158 ius
996 1120 1116 1158 etiam
1152 1119 1296 1158 Lucilii
1332 1132 1468 1159 versus
1505 1120 1815 1171 reprehendendi
1855 1120 1905 1159 ab

342 1180 488 1230 ineptis
519 1179 740 1218 fautoribus
770 1179 915 1217 Lucilii
945 1179 1133 1228 vindicat,
1163 1181 1297 1217 tamen
1328 1180 1402 1218 hoc
1434 1179 1502 1228 qui
1531 1179 1664 1228 refert,
1694 1191 1773 1218 non
1797 1179 1904 1218 vide-

342 1242 408 1277 tur
439 1239 638 1277 dubitasse
670 1238 765 1288 quin
796 1238 942 1277 fuenint
975 1238 1167 1288 quaedam
1200 1238 1304 1288 apud
1336 1238 1509 1276 Ennium
1538 1238 1683 1277 Lucilii
1712 1240 1795 1277 risu
1826 1251 1905 1278 non

342 1298 515 1349 indigna.
568 1297 669 1343 Quia
699 1310 791 1336 vero
822 1298 983 1336 fuerunt
1014 1298 1086 1335 illa
1118 1300 1259 1346 aetate,
1292 1298 1359 1346 qui
1391 1310 1414 1335 a
1444 1298 1634 1346 Varrone,
1664 1300 1710 1336 ut
1737 1297 1905 1346 videtur,

343 1358 594 1407 potissimum
626 1357 760 1406 exorti,
792 1357 924 1395 nimiis
956 1357 1138 1395 laudibus
1164 1357 1338 1395 Ennium
1369 1358 1409 1394 et
1434 1358 1581 1407 priscos
1608 1358 1745 1407 poetas
1771 1369 1904 1395 omnes

345 1417 590 1464 extollerent,
622 1417 735 1465 quasi
766 1416 865 1453 nihil
897 1416 1003 1454 ultra
1035 1429 1168 1454 eorum
1200 1416 1481 1466 perfectionem
1512 1417 1706 1466 praestari
1738 1418 1808 1454 aut
1842 1429 1904 1454 ex-

344 1477 514 1526 spectari
538 1476 683 1525 posset,
713 1476 948 1514 recentiores
975 1477 1107 1514 autem
1132 1475 1243 1513 nulla
1273 1477 1385 1525 parte
1417 1475 1576 1513 illorum
1607 1476 1773 1514 virtutes
1803 1487 1905 1513 asse-

345 1536 412 1584 qui
443 1535 632 1584 valerent,
662 1533 791 1572 illusit
822 1547 956 1573 eorum
986 1535 1135 1573 iudicia
1166 1535 1233 1583 sic,
1264 1536 1309 1572 ut
1339 1535 1466 1584 poetis
1498 1535 1594 1585 ipsis
1625 1547 1704 1573 non
1728 1536 1906 1584 parceret

345 1592 422 1646 (ep.
443 1608 474 1632 11
501 1596 538 1642 1,
559 1589 634 1646 50)

557 1653 716 1691 Ennius
748 1656 782 1691 et
810 1654 967 1700 sapiens
999 1656 1033 1691 et
1061 1654 1174 1701 fortis
1206 1655 1240 1691 et
1269 1653 1366 1691 alter
1396 1653 1604 1701 Homerus,

564 1712 614 1751 Ut
643 1713 767 1750 critici
797 1712 941 1757 diczent,
971 1712 1102 1750 leviter
1132 1723 1270 1750 curare
1300 1712 1452 1750 videtur

560 1771 642 1819 Quo
665 1772 865 1819 promissa
896 1771 1040 1809 cadant
1070 1774 1103 1809 et
1132 1772 1285 1809 somnia
1315 1771 1567 1819 Pytlzayorea.

557 1830 733 1868 Naevius
766 1832 807 1868 in
836 1831 1018 1869 manibus
1048 1841 1127 1868 non
1158 1831 1238 1868 est?

345 1889 452 1934 Quae
483 1890 694 1939 postquam
726 1902 770 1927 ex
801 1891 968 1928 istorum
998 1889 1249 1927 laudatorum
1280 1891 1410 1927 mente
1442 1890 1638 1939 exposuit,
1682 1903 1770 1927 cum
1804 1890 1905 1927 hanc

344 1951 552 1999 poetarum
585 1949 724 1986 seriem
756 1949 1031 1998 complectitur
1060 1950 1106 1986 ut
1136 1948 1282 1986 scribat

557 2008 642 2046 Hos
674 2008 807 2046 ediscit
837 2011 871 2046 et
899 2009 966 2046 hos
998 2010 1082 2046 arto
1112 2009 1257 2055 stipata
1288 2008 1432 2045 theatro

556 2066 710 2115 Spectat
738 2067 866 2105 Roma
889 2070 1026 2115 potens
1059 2088 1112 2093 —-

345 2126 529 2175 Ennium,
561 2127 670 2164 cuius
701 2128 861 2164 tantum
892 2126 1052 2164 annales
1084 2127 1123 2164 et
1154 2127 1356 2164 annalium
1388 2125 1588 2164 exordium
1619 2125 1906 2176 designaverat,

344 2186 394 2224 iis
431 2187 558 2235 poetis
596 2185 847 2223 adnumerari
877 2186 1006 2223 voluit
1038 2198 1203 2234 quorum
1235 2186 1419 2235 poemata
1450 2185 1618 2223 Romani
1648 2185 1719 2223 illa
1752 2198 1906 2234 quoque

346 2246 476 2283 aetate
506 2245 683 2295 legerent
714 2247 753 2282 et
778 2245 1004 2283 ediscerent.
1038 2243 1115 2282 Sed
1141 2245 1261 2282 etiam
1285 2243 1510 2295 tragoedias
1536 2245 1618 2282 eius
1643 2244 1685 2281 in
1709 2245 1758 2282 iis
1784 2245 1906 2283 fuisse

347 2316 444 2353 quas
475 2304 603 2341 Roma
627 2306 764 2351 potens
796 2307 880 2342 arto
910 2305 1056 2352 stipata
1086 2304 1230 2342 theatro
1259 2306 1456 2352 spectaret.
1486 2303 1678 2342 Horatius
1710 2303 1807 2341 alibi
1839 2303 1904 2341 do-

346 2364 424 2411 cet,
461 2375 549 2400 cum
581 2364 759 2412 exposita
788 2363 1011 2401 iamborum
1042 2364 1186 2401 natura
1218 2364 1257 2400 et
1287 2375 1425 2400 norma
1456 2375 1544 2400 cum
1574 2362 1687 2400 Accii
1716 2362 1906 2400 trimetris

346 2422 548 2460 Ennianos
579 2434 714 2460 versus
746 2422 1008 2472 spondeorum
1039 2423 1262 2471 frequentia
1286 2421 1523 2471 ponderosos
1548 2422 1749 2471 vituperat
1772 2422 1814 2458 in
1839 2422 1905 2459 iis-

348 2494 422 2530 que
460 2482 586 2519 artem
622 2483 761 2531 poetae
799 2482 869 2518 aut
906 2481 1156 2531 diligentiam
1190 2480 1395 2519 desiderat.
1441 2479 1505 2518 Sic
1543 2481 1647 2517 enim
1684 2493 1772 2518 cum
1810 2480 1906 2518 dicit

347 2535 400 2592 (a.
422 2554 458 2590 p.
481 2535 603 2593 258):
634 2541 696 2579 hie
726 2536 899 2593 (iambus
930 2541 1089 2590 scilicet,
1122 2553 1238 2589 quem
1269 2541 1360 2578 ante
1391 2534 1616 2591 descripsit)

1340 2601 1374 2637 et
1402 2600 1446 2637 in
1475 2597 1571 2637 Acci

559 2659 764 2696 Nobilibus
795 2660 978 2697 trimetris
1009 2661 1172 2706 apparet
1201 2670 1331 2702 rarus,
1362 2660 1396 2696 et
1426 2658 1536 2695 Enni

561 2717 614 2754 In
643 2729 798 2756 scenam
827 2719 964 2756 missos
995 2730 1082 2756 cum
1111 2729 1251 2766 mayno
1275 2717 1448 2765 pondere
1478 2728 1611 2755 versus

559 2775 642 2814 Aut
672 2788 809 2824 operae
840 2777 970 2815 celeris
1000 2778 1167 2815 nimium
1197 2788 1365 2824 curaque
1395 2777 1560 2814 carentis

559 2834 642 2873 Aut
672 2837 873 2884 iynoratae
896 2837 1042 2883 premit
1072 2837 1169 2874 artis
1199 2837 1359 2874 crimine
1389 2836 1506 2882 turpi,

347 2894 586 2946 intelligitur
617 2895 756 2933 horum
788 2907 972 2933 versuum
1003 2894 1155 2945 pondus
1186 2907 1263 2932 non
1296 2893 1415 2933 semel
1445 2894 1488 2932 in
1514 2905 1671 2932 scenam
1696 2894 1869 2932 missum.
