2054 3282
956 775 1214 833 VARIA

999 910 1183 955 SCIPIO

1087 1017 1102 1051 I

426 1089 575 1132 ’Έννιος
590 1119 595 1125 .
613 1088 829 1126 ,Σκιπίωνα
850 1087 952 1138 ᾅδων
977 1089 1041 1123 καὶ
1068 1088 1127 1124 ἐπὶ
1147 1086 1240 1133 μέγα
1264 1087 1329 1123 τὸν
1356 1087 1477 1133 ἄνδρα
1498 1088 1625 1133 ἐξᾶραι
1651 1087 1874 1134 βουλόμενός

316 1156 407 1190 φησι
432 1144 547 1190 μόνον
574 1142 620 1178 ἂν
633 1141 795 1189 Ὅμηρον
822 1141 996 1184 ἐπαξίους
1022 1140 1200 1182 ἐπαίνους
1224 1141 1342 1176 εἰπεῖν
1368 1139 1596 1183 Σκιπίωνος·
1618 1143 1731 1186 δῆλον
1758 1141 1799 1178 δὲ
1825 1142 1874 1183 ὡς

315 1198 487 1242 ἐτεθήπει
515 1203 581 1232 τοῦ
609 1203 767 1243 ποιητοῦ
795 1196 862 1241 τὴν
891 1195 1137 1241 μεγαλόνοιαν
1164 1195 1229 1230 καὶ
1256 1201 1329 1230 τῶν
1358 1193 1499 1241 μέτρων
1523 1195 1564 1230 τὸ
1591 1197 1782 1240 μεγαλεῖον
1810 1196 1874 1230 καὶ

315 1251 549 1296 ἆξιάγαστον.

1076 1332 1110 1366 II

349 1408 368 1447 1
434 1405 668 1456 «Quantam
695 1408 880 1448 statuam
906 1405 1034 1447 faciet
1061 1406 1245 1460 populus
1271 1404 1503 1459 Romanus,

434 1477 643 1527 Quantam
671 1476 913 1519 columnam
940 1492 1048 1532 quae
1074 1492 1140 1518 res
1167 1479 1261 1518 tuas
1282 1479 1422 1533 gestas
1448 1476 1662 1532 loquatur.

437 1653 584 1689 SCIPIO
634 1653 651 1687 I
688 1653 823 1688 Suidas
844 1665 870 1688 s.
885 1666 916 1688 V.
932 1651 1082 1694 ’Έννιος
1102 1654 1133 1698 (1
1154 1656 1173 1687 2
1194 1664 1229 1697 p.
1247 1656 1314 1687 262
1335 1652 1482 1698 Bernh.)
1500 1650 1680 1697 ‘’'Evvt09‚
1702 1650 1879 1698 Ῥωμαῖος

317 1707 486 1753 ποιητής,
501 1706 543 1742 ὃν
557 1707 733 1748 Αἰλιανὸς
747 1707 913 1743 ἐπαινεῖν
928 1706 1033 1749 ἄξιόν
1047 1717 1148 1752 φησι.
1164 1704 1360 1741 Σκιπίωνα
1374 1706 1444 1751 γὰρ
1459 1704 1562 1755 ᾄδων
1579 1735 1584 1740 .
1599 1735 1604 1740 .
1619 1735 1625 1741 ,
1641 1705 1878 1751 ἀξιάγαστον,

317 1760 381 1796 καὶ
395 1761 445 1801 ὡς
465 1760 656 1796 ἐπαινέσαι
677 1760 800 1802 δεινὸς
811 1758 971 1806 ’Ὅμηρός
991 1759 1064 1795 ἐστι
1080 1759 1145 1794 καὶ
1161 1757 1266 1800 κλέος
1282 1759 1420 1803 ἀνδρὸς
1438 1757 1630 1804 πυργῶσαί
1647 1772 1686 1795 τε
1705 1760 1768 1795 καὶ
1789 1756 1878 1805 ἆραι

320 1813 356 1855 ἐξ
377 1810 427 1848 ὧν
448 1813 599 1858 ἐπῄνεσε
618 1813 683 1849 τὸν
701 1811 859 1860 Ἀχιλλέα
882 1815 1002 1854 καλῶς
1023 1810 1203 1858 ἠπίστατο
1225 1811 1244 1847 ὁ
1264 1812 1420 1858 ποιητὴς
1439 1811 1458 1847 ὁ
1478 1812 1723 1854 Μεσσάπιος.’
1823 1812 1876 1848 Cf.

318 1866 487 1901 Valerius
501 1866 684 1901 Maximus
698 1880 764 1902 vm
780 1871 834 1910 14,
851 1871 867 1901 1
890 1867 980 1901 extr.
998 1866 1008 1882 ‘
1019 1865 1187 1911 superior
1199 1865 1396 1900 Africanus
1412 1894 1418 1900 .
1436 1893 1442 1899 .
1459 1893 1465 1899 .
1481 1865 1536 1900 vir
1548 1865 1744 1901 Homerico
1765 1877 1876 1911 quam

317 1919 400 1953 rudi
421 1921 533 1964 atque
552 1920 710 1965 inpolito
730 1919 928 1965 praeconio
950 1919 1125 1965 dignior.’

430 1973 462 2007 II
482 1975 529 2019 (1)
556 1973 762 2008 Trebellius
775 1973 894 2008 Pollio
909 1972 1037 2007 Claud.
1054 1975 1084 2014 7,
1101 1976 1121 2007 6
1138 1972 1248 2017 ‘rogo
1268 1973 1450 2017 quantum
1468 1972 1630 2018 pretium
1650 1974 1706 2008 est
1726 1973 1877 2018 clypeus

319 2027 357 2060 in
378 2026 480 2060 cui-ia
498 2028 627 2061 tantae
647 2027 834 2070 victoriae,
856 2027 1038 2071 quantum
1057 2037 1132 2060 una
1152 2035 1265 2060 aurea
1285 2027 1433 2060 statua?
1448 2026 1460 2045 ⁷
1474 2025 1567 2060 dicit
1586 2026 1726 2061 Ennius
1741 2027 1787 2061 de
1802 2027 1878 2062 Sei-

318 2079 429 2124 pione
449 2081 651 2123 «quantam
667 2108 672 2114 .
690 2108 696 2114 .
714 2109 719 2114 .
735 2080 943 2124 loquatur».
958 2079 972 2099 ⁸
984 2090 1180 2124 possumus
1195 2079 1322 2120 ‚dicere
1337 2078 1505 2114 Flavium
1519 2079 1715 2114 Claudium
1728 2080 1878 2115 unicum

319 2133 358 2166 in
372 2132 479 2167 terris
492 2133 698 2178 principem
711 2131 784 2169 non
799 2132 979 2168 columnis
993 2144 1067 2168 non
1081 2132 1215 2167 statuis
1230 2132 1294 2167 sed
1308 2132 1431 2167 famae
1445 2132 1584 2167 viribus
1599 2132 1793 2168 adiuvari)

321 2185 478 2219 Videtur
490 2185 630 2220 Ennius
644 2187 824 2232 populum
836 2186 879 2221 R.
895 2186 1019 2232 ipsum
1037 2186 1096 2220 his
1116 2187 1154 2220 et
1171 2185 1350 2230 proximis
1371 2187 1436 2231 (111.
1451 2187 1500 2231 1v)
1517 2185 1728 2230 Scipionem
1748 2187 1876 2232 appel-

319 2238 460 2273 lantem
479 2238 679 2274 induxisse.
696 2239 747 2274 Cf.
763 2239 888 2274 Livius
902 2252 1041 2274 xxxvm
1056 2243 1111 2282 56,
1128 2242 1170 2273 12
1188 2238 1435 2283 ‘castigatum
1455 2239 1643 2283 quondam
1663 2239 1711 2274 ab
1731 2251 1773 2275 eo
1788 2240 1878 2286 (Sei-

320 2292 444 2337 pione)
458 2291 647 2337 populum,
670 2293 768 2337 quod
789 2304 873 2328 eum
892 2294 1114 2338 perpetuum
1134 2291 1322 2327 consulem
1337 2293 1374 2326 et
1387 2292 1608 2326 dictatorem
1625 2292 1737 2327 vellet
1756 2293 1878 2328 faeere

321 2347 394 2391 (w),
415 2345 649 2390 prohibuisse
676 2347 818 2381 statuas
845 2346 917 2380 sibi
943 2346 982 2380 in
1008 2345 1158 2380 comitio
1180 2345 1219 2379 in
1239 2345 1367 2379 rostris
1392 2345 1431 2379 in
1452 2345 1554 2380 ouria
1575 2345 1614 2380 in
1635 2345 1820 2390 Capitolio
1840 2347 1878 2381 in

322 2398 416 2432 cella
434 2398 529 2433 Iovis
548 2398 664 2443 poni.'
686 2398 734 2433 Et
752 2410 796 2433 ex
816 2399 919 2434 Livio
933 2398 1104 2435 Valerius
1123 2398 1307 2433 Maximus
1327 2411 1364 2433 1v
1385 2402 1416 2441 1,
1432 2402 1461 2433 6.

443 2583 463 2619 1
489 2582 699 2620 Trebellius
723 2584 949 2621 sententiam
974 2583 1101 2621 attulit
1123 2594 1202 2621 non
1221 2593 1376 2628 versus;
1395 2593 1488 2630 quos
1506 2581 1787 2621 Lachmannus
1807 2578 1879 2636 (ad

322 2639 442 2678 Luer.
457 2653 502 2678 111
529 2636 657 2694 1034)
677 2642 872 2679 restituere
891 2644 1052 2680 conatur
1071 2640 1197 2687 Quam
1214 2643 1369 2680 tantam
1389 2636 1454 2694 (ef.
1473 2640 1549 2679 Cic.
1568 2643 1611 2679 in
1632 2642 1738 2680 Verr.
1759 2645 1828 2680 aet.
1849 2654 1879 2680 11

323 2700 441 2738 lib.1v
461 2709 529 2746 41,
546 2709 601 2748 90
622 2712 743 2749 quam
767 2700 809 2737 in
833 2702 873 2738 te
898 2694 1052 2739 tantam
1076 2701 1263 2739 virtutem
1289 2712 1371 2738 esse
1392 2700 1606 2738 arbitratus
1626 2695 1684 2753 es)
1705 2702 1878 2739 statuam

323 2760 473 2796 statuet
485 2753 549 2811 (ef.
564 2759 655 2797 huie
675 2760 847 2797 statuam
867 2761 991 2797 statui
1010 2772 1099 2798 mm.
1119 2758 1224 2807 567;
1242 2761 1398 2798 vineam
1417 2771 1489 2808 pro
1510 2771 1628 2797 aurea
1647 2761 1780 2797 statua
1799 2762 1878 2799 sta-

323 2819 433 2855 tuam
453 2818 584 2856 Plaut.
609 2817 719 2856 Cure.
741 2813 838 2871 140)
860 2831 897 2867 p.
917 2819 962 2856 R.
983 2818 1158 2863 Quamve
1186 2831 1216 2857 o.
1239 2831 1338 2867 quae
1364 2820 1403 2856 te
1427 2830 1487 2856 res
1507 2820 1714 2868 gestasque
1734 2819 1758 2856 1.

324 2889 384 2914 res
413 2878 502 2914 tuas
528 2879 658 2927 gestas
686 2878 896 2915 Trebellius
919 2879 1050 2915 scribit
1076 2881 1119 2915 ut
1146 2877 1221 2916 Cic.
1239 2889 1316 2925 pro
1335 2878 1464 2916 Mare.
1486 2887 1522 2926 9,
1541 2886 1592 2924 29
1619 2877 1802 2915 laudibus
1828 2878 1878 2916 ad

325 2935 475 2972 eaelum
493 2949 554 2973 res
574 2938 663 2974 tuas
683 2938 812 2986 gestas
833 2936 1013 2982 efferent;
1034 2937 1121 2974 ibid.
1146 2946 1180 2986 2,
1194 2946 1219 2983 4
1240 2949 1420 2974 enarrare
1441 2948 1499 2973 res
1519 2938 1610 2973 tuas
1630 2938 1760 2985 gestas
