2054 3282
675 165 935 201 ANNALIUM
960 165 1047 200 LIB.
1068 165 1157 200 INC.
1609 165 1690 206 111

847 284 976 320 CXXII

131 347 217 389 599
789 361 916 401 quem
941 360 1029 388 non
1055 345 1225 388 virtutis
1252 347 1446 401 egentem

842 450 988 485 CXXIII

132 513 218 556 600
593 511 863 567 funduntque
890 511 1012 553 elatis
1038 511 1213 553 naribus
1240 511 1378 552 lucem

841 615 987 650 CXXIV

131 678 213 720 601
1000 676 1172 731 teloque
1198 676 1351 718 trabali

847 781 976 817 CXXV

130 844 215 887 602
809 843 1018 899 aplustria

843 947 989 983 CXXVI

130 1011 215 1052 603
810 1008 1023 1051 Anionem

830 1114 993 1149 CXXVII

130 1177 216 1219 604
800 1175 1021 1218 Cretenses

247 1305 376 1340 CXXII
397 1307 492 1351 (599)
526 1305 672 1340 Servius
686 1305 724 1340 in
739 1306 828 1340 Aen.
842 1318 879 1339 x1
893 1308 935 1339 27
954 1305 1085 1349 ‘quem
1105 1315 1179 1339 non
1198 1304 1346 1339 virtutis
1367 1306 1538 1350 egentem
1553 1305 1693 1351 (abstu-

128 1359 175 1394 lit
194 1361 276 1394 atra
296 1359 375 1394 dies
396 1360 434 1394 et
452 1358 582 1394 funere
601 1359 731 1393 mersit
751 1357 914 1402 acerbo):
937 1357 1049 1392 Ennii
1068 1369 1193 1393 versus
1214 1358 1296 1393 est.’

247 1412 394 1447 CXXIII
408 1414 503 1458 (600)
532 1412 678 1447 Servius
693 1412 732 1446 in
745 1412 835 1446 Aen.
848 1424 900 1445 x11
916 1414 982 1445 115
997 1411 1102 1457 ‘(alto
1117 1422 1156 1446 se
1170 1411 1319 1457 gurgite
1333 1411 1470 1446 tollunt
1481 1411 1575 1446 Solis
1590 1412 1690 1458 equi)

127 1466 322 1509 lucemque
351 1465 460 1500 elatis
486 1465 638 1500 naribus
665 1465 810 1500 efflant:
844 1464 1036 1499 Ennianus
1063 1475 1187 1499 versus
1216 1466 1272 1499 est
1297 1465 1426 1499 ordine
1453 1467 1689 1500 commutato.

128 1518 191 1553 ille
212 1519 311 1554 enim
325 1518 379 1553 ait
393 1519 649 1563 «funduntque
667 1520 882 1564 (suntque
901 1518 1049 1564 Hamb.)
1066 1546 1071 1552 .
1090 1547 1095 1552 .
1110 1518 1282 1553 lucem».’
1381 1517 1521 1553 Marius
1532 1519 1692 1554 Victori—

128 1584 196 1606 nus
217 1571 257 1607 G.
273 1572 311 1606 L.
326 1572 369 1606 K.
385 1585 422 1607 v1
440 1584 475 1617 p.
493 1575 547 1615 28,
563 1575 581 1606 7
599 1572 766 1607 ‘videtur
784 1571 955 1617 plurimis
982 1582 1061 1607 esse
1081 1572 1233 1616 quintus
1254 1572 1504 1606 communium
1530 1572 1692 1617 syllaba-

127 1637 209 1660 rum
233 1625 375 1668 modus,
398 1625 462 1669 qui
482 1626 583 1670 apud
603 1625 787 1660 Lucilium
808 1627 846 1660 et
864 1626 1005 1660 veteres
1024 1625 1161 1660 multos
1188 1627 1245 1660 est
1263 1624 1531 1669 frequentatus
1552 1627 1594 1660 ut
1614 1637 1692 1660 cor-

126 1680 234 1724 repta
253 1678 391 1713 vocalis
418 1678 567 1713 desinat
585 1678 624 1713 in
645 1690 660 1713 s
681 1680 719 1713 et
744 1678 952 1724 excipiatur
973 1678 1020 1713 ab
1046 1678 1122 1713 alia
1149 1679 1368 1714 consonanti
1388 1678 1446 1713 vel
1465 1678 1585 1713 vocali
1610 1678 1690 1713 loco

128 1732 365 1766 consonantis
385 1731 518 1777 posita,
540 1732 583 1766 ut
602 1733 659 1766 est
677 1731 771 1766 illud
787 1733 907 1778 [Lucr.
922 1745 960 1767 1v
975 1733 1081 1778 1207]
1097 1733 1135 1767 et
1153 1732 1244 1767 item
1258 1733 1478 1778 «efflantque
1497 1732 1606 1767 elatis
1626 1743 1691 1767 na—

127 1785 229 1820 ribus
248 1785 419 1821 lucem».’
436 1785 606 1820 efflant
626 1796 669 1820 ex
682 1785 841 1831 Vergilii
861 1797 968 1820 versu
988 1787 1186 1831 sumptum.

246 1839 392 1874 CXXIV
405 1841 501 1885 (601)
535 1839 681 1874 Servius
695 1838 880 1874 Danielin.
895 1839 935 1873 in
949 1839 1039 1874 Aen.
1055 1852 1107 1873 xn
1121 1843 1190 1874 294
1206 1839 1216 1856 ³
1226 1839 1376 1883 teloque
1391 1840 1558 1874 orantem
1572 1838 1691 1873 multa

126 1892 280 1928 trabali:
302 1893 443 1927 Ennius
464 1893 637 1938 «teloque
655 1892 794 1928 trabali
814 1892 1052 1938 (trabalim
1071 1892 1231 1938 Flor.)».’

246 1945 375 1981 CXXV
388 1947 484 1992 (602)
523 1946 638 1981 Gloss.
655 1947 734 1981 Lat.
751 1945 877 1981 Graec.
895 1945 931 1981 C.
950 1945 1006 1981 Gl.
1022 1946 1060 1980 L.
1076 1959 1104 1980 11
1122 1958 1157 1991 p.
1176 1949 1229 1988 18,
1246 1949 1290 1980 33
1310 1945 1499 1991 ‘aplustra
1517 1945 1690 1990 (aplus-

127 2000 195 2034 tre
215 1999 308 2034 coni.
324 1999 364 2034 B.
379 1999 597 2045 Vulcanius)
611 2000 747 2043 πτερὸν
760 1997 893 2035 πλοίου
914 2000 963 2040 ὡς
975 1997 1150 2041 ’Έννιος.’
1166 1999 1208 2033 In
1222 1999 1356 2033 iisdem
1369 2011 1404 2043 p.
1419 2002 1472 2041 19,
1483 2002 1527 2033 43
1545 2000 1554 2014 ‘
1566 1998 1690 2044 aplus-

126 2053 185 2087 tra
205 2052 408 2097 ἄσφαλτος’
427 2053 491 2088 καὶ
509 2052 550 2087 τὸ
570 2052 688 2097 ἄκρον
706 2058 771 2098 τῆς
795 2053 971 2097 noctuae?
1119 2051 1170 2087 Cf.
1186 2052 1324 2087 Paulus
1344 2052 1445 2087 Festi
1464 2064 1500 2097 p.
1517 2055 1547 2094 7,
1563 2055 1607 2086 25
1622 2052 1688 2086 Th.

129 2105 333 2150 ‘aplustria
352 2105 502 2141 navium
522 2107 750 2148 ornamenta,
766 2116 862 2149 quae
882 2106 971 2149 quia
990 2106 1097 2140 erant
1117 2105 1276 2150 amplius
1291 2116 1403 2149 quam
1423 2106 1547 2140 essent
1565 2115 1690 2140 neces-

128 2158 226 2194 saria
245 2171 314 2193 usu
335 2159 448 2194 etiam
469 2159 689 2204 amplustria
704 2158 949 2193 dicebantur)
965 2158 1176 2193 Priscianus
1190 2172 1242 2194 v11
1254 2171 1289 2203 p.
1306 2162 1386 2202 351,
1399 2162 1416 2192 1
1432 2158 1476 2192 Η.
1494 2159 1504 2175 ‘
1515 2160 1552 2194 et
1566 2158 1690 2204 aplus-

127 2214 185 2247 tra
211 2212 310 2247 enim
330 2214 368 2247 et
393 2212 576 2258 aplustria
602 2212 748 2256 antiqui
773 2211 973 2257 protulisse
992 2211 1241 2247 inveniuntur.
1262 2211 1387 2246 Cicero
1408 2211 1448 2245 in
1466 2211 1581 2246 Arato
1603 2222 1640 2248 «.
1658 2239 1663 2246 .
1681 2240 1687 2246 .

128 2275 305 2310 quaerere
325 2265 526 2310 aplustra».
543 2265 678 2300 Caesar
698 2265 737 2299 in
756 2265 871 2300 Arato
887 2265 1156 2310 «...aplustria
1174 2265 1362 2310 puppis».’
1380 2264 1432 2300 Cf.
1448 2265 1492 2299 H.
1509 2265 1688 2300 Iordanus

127 2318 249 2354 Herm.
265 2332 317 2354 v11
335 2331 370 2364 p.
387 2322 467 2353 200.
482 2318 526 2353 Η.
544 2318 725 2354 Genthius
738 2320 808 2354 vet.
825 2318 936 2353 schol.
952 2318 991 2353 in
1011 2319 1146 2354 Lucan.
1161 2330 1196 2363 p.
1214 2321 1244 2353 7.
1267 2318 1302 2354 C.
1319 2317 1374 2353 Gl.
1389 2318 1427 2352 L.
1442 2331 1479 2353 v1
1497 2330 1532 2363 p.
1548 2321 1604 2353 81.

246 2371 392 2407 CXXVI
412 2373 507 2418 (603)
541 2371 686 2406 Servius
705 2371 745 2406 in
757 2372 847 2406 Aen.
863 2385 914 2407 vn
935 2375 1002 2406 683
1020 2371 1281 2418 ‘gelidumque
1294 2371 1491 2406 Anienem:
1507 2371 1602 2407 Anio
1622 2372 1689 2406 flu-

127 2425 207 2460 vius
231 2425 334 2460 haud
358 2425 469 2470 longe
496 2425 543 2460 ab
569 2424 660 2459 urbe
680 2426 746 2468 est,
768 2425 833 2459 sed
852 2424 914 2459 hic
934 2424 1159 2470 euphoniam
1180 2426 1327 2460 secutus
1348 2427 1419 2460 est:
1441 2436 1528 2460 nam
1546 2424 1688 2460 Ennius

128 2478 333 2514 «Anionem
354 2478 614 2524 (annionem
633 2477 766 2524 Flor.)»
788 2477 883 2512 dixit
902 2477 1006 2512 iuxta
1024 2478 1219 2524 regulam)

246 2531 409 2567 CXXVII
429 2534 524 2578 (604)
557 2531 745 2567 Charisius
765 2544 778 2565 1
796 2543 832 2576 p.
850 2535 927 2574 124,
945 2535 987 2565 12
1001 2531 1044 2566 Κ.
1062 2532 1231 2567 ‘Cretum
1252 2532 1378 2567 Cicero
1395 2531 1688 2567 Tusculanarum

127 2586 222 2620 libro
237 2599 264 2620 11
284 2588 352 2631 (14,
369 2586 426 2630 34)
441 2585 613 2622 «Cretum
627 2584 762 2630 legis»;
784 2583 1021 2621 «Cretenses»
1036 2584 1188 2628 Ennius,
1208 2586 1252 2620 ut
1264 2585 1380 2621 Varro
1400 2585 1495 2620 libro
1516 2599 1528 2620 1
1548 2586 1594 2620 de
1615 2597 1688 2620 ser-

127 2649 235 2674 mone
255 2639 388 2674 Latino
409 2638 564 2673 scribit.’

248 2781 332 2819 600
354 2781 428 2819 Vix
441 2781 600 2819 dubium
613 2781 764 2820 videtur
777 2781 871 2828 quin
885 2779 986 2820 Solis
1007 2781 1098 2831 equi
1110 2782 1154 2820 in
1166 2781 1292 2820 Ennii
1312 2793 1457 2829 quoquc
1476 2792 1590 2819 versu
1601 2782 1687 2828 pri-

127 2841 181 2877 mi
196 2841 362 2887 fuerint,·
377 2840 424 2887 cf.
434 2839 556 2879 Silius
569 2841 619 2878 It.
631 2853 656 2880 v
673 2839 726 2888 56
742 2840 1017 2878 flammiferum
1030 2842 1212 2879 tollentes
1231 2853 1398 2889 aequore
1416 2852 1571 2877 currum
1584 2839 1685 2877 Solis

129 2900 218 2947 equi
237 2911 412 2948 sparsere
434 2899 536 2937 diem
