2054 3282
343 198 400 239 52
877 188 1137 226 ANNALIUM
1160 188 1247 224 Lm.
1269 187 1354 223 vm

1068 306 1169 341 XXII

341 374 426 416 296
851 370 902 411 de
933 368 1067 410 muris
1097 382 1187 409 rem
1219 367 1330 423 gerit
1362 365 1538 422 Opscus.

1059 471 1177 506 xxm

339 538 423 579 297
458 535 523 577 Ob
554 535 734 577 Romam
766 537 896 576 noctu
928 533 1118 589 legiones
1151 532 1304 575 ducere
1335 533 1487 588 coepit.

1058 637 1177 672 XXIV

338 702 422 744 298
456 701 655 743 Summus
687 699 747 742 ibi
779 699 945 754 capitur
970 698 1161 740 meddix:
1194 698 1402 741 occiditur
1432 698 1549 741 alter.

1066 802 1169 838 XXV

76 858 318 925 iuAngisslrvas
339 867 424 909 299
456 866 579 907 Tibia
609 865 835 921 Musarum,
859 863 1011 920 pangit
1042 863 1176 906 melos

452 994 552 1028 XXII
571 995 666 1038 (296)
704 993 834 1027 Festus
855 1003 900 1027 ex
919 1003 1046 1038 apogr.
1061 992 1084 1026 1.
1099 1005 1162 1027 nv
1179 1004 1214 1037 p.
1232 996 1310 1035 234,
1326 995 1371 1027 30
1385 992 1450 1027 Th.
1472 992 1605 1028 ‘Oscos
1626 1004 1718 1038 quos
1738 993 1895 1029 dicimus

335 1048 390 1082 ait
402 1047 551 1082 Verrius
572 1046 709 1091 Opscos
736 1047 848 1080 antea
874 1045 994 1081 dictos
1019 1047 1115 1080 teste
1139 1045 1260 1080 Ennio
1280 1056 1393 1090 quom
1412 1046 1515 1081 dicat
1534 1046 1604 1082 «de
1625 1075 1631 1081 .
1649 1075 1655 1081 .
1673 1075 1679 1081 .
1701 1046 1893 1092 Opscus»)

453 1100 568 1134 XXIH
588 1101 682 1144 (297)
720 1098 858 1133 Paulus
878 1099 980 1134 Festi
999 1111 1034 1144 p.
1051 1102 1130 1142 193,
1143 1102 1186 1133 13
1201 1098 1267 1133 Th.
1287 1099 1355 1133 ‘ob
1374 1099 1602 1144 praepositio
1619 1128 1625 1134 .
1642 1128 1649 1134 .
1666 1128 1672 1134 .
1687 1111 1754 1145 pro
1775 1101 1834 1144 ad,
1854 1102 1897 1135 ut

334 1153 472 1188 Ennius
494 1153 563 1189 «ob
579 1181 584 1186 .
602 1181 607 1186 .
627 1181 632 1186 .
648 1152 820 1197 coepit».’
842 1152 954 1197 Apud
974 1152 1125 1187 Festum
1144 1162 1189 1186 ex
1206 1152 1265 1186 his
1286 1152 1379 1187 haec
1398 1153 1546 1187 tantum
1560 1154 1758 1198 apparent:
1776 1154 1835 1179 ‘—
1852 1175 1895 1179 —

335 1207 404 1243 «ob
422 1207 578 1241 Romam
596 1217 665 1240 noc
688 1207 692 1250 Ι
715 1227 759 1231 -
774 1227 818 1231 -
833 1205 904 1242 «ob
924 1205 1074 1240 Troiam
1094 1205 1223 1241 duxit»
1240 1206 1244 1253 Ι
1262 1205 1345 1251 (inc.
1362 1206 1424 1250 5).’
1553 1206 1684 1240 Festus
1704 1217 1749 1241 ex
1768 1217 1893 1252 apogr.

332 1259 355 1294 l.
376 1273 438 1295 mv
455 1272 489 1304 p.
507 1263 584 1302 218,
598 1262 617 1293 9
631 1258 697 1293 Th.
722 1258 1057 1304 ‘praepositionem
1076 1258 1124 1293 ob
1143 1269 1209 1304 pro
1231 1259 1279 1293 ad
1299 1258 1450 1294 solitam
1468 1259 1558 1304 poni
1571 1259 1679 1294 testis
1691 1260 1753 1294 hic
1771 1270 1896 1294 versus

335 1341 340 1347 .
358 1341 364 1347 .
381 1341 387 1347 .
409 1315 446 1347 et
465 1312 604 1346 Ennius
626 1312 695 1349 «ob
718 1340 723 1346 .
742 1340 747 1346 .
765 1341 772 1346 .
794 1312 968 1358 coepit».’
1060 1312 1198 1347 Paulus
1216 1324 1252 1357 p.
1270 1316 1349 1355 131,
1366 1316 1407 1346 11
1423 1311 1489 1347 Th.
1514 1312 1692 1348 ‘mortem
1711 1312 1833 1348 obisse
1852 1324 1897 1348 ea

333 1365 597 1400 consuetudine
617 1365 754 1400 dicitur
772 1376 848 1410 qua
867 1366 1041 1400 dixerunt
1060 1365 1207 1410 antiqui
1227 1365 1298 1402 «ob
1317 1366 1475 1400 Romam
1499 1365 1664 1411 legiones
1685 1366 1839 1402 ductas»
1859 1368 1898 1401 et

333 1419 402 1455 «ob
422 1419 570 1454 Troiam
590 1419 697 1453 duxit
716 1419 940 1455 exercitum»
960 1430 1027 1464 pro
1048 1419 1124 1454 ad.'
1216 1419 1302 1454 Exc.
1318 1429 1363 1453 ex
1382 1419 1462 1454 cod.
1477 1418 1616 1454 Cassin.
1632 1423 1677 1454 90
1698 1419 1734 1454 C.
1750 1419 1805 1454 Gl.
1820 1420 1858 1453 L.
1874 1433 1897 1455 v

331 1485 365 1517 p.
388 1476 466 1515 573,
481 1476 525 1507 45
549 1472 616 1507 ‘ob
638 1501 643 1507 .
661 1501 667 1507 .
685 1501 691 1507 .
712 1472 901 1518 significat
923 1474 1086 1518 propter,
1108 1472 1296 1518 significat
1315 1474 1455 1516 contra,
1476 1472 1664 1518 significat
1683 1473 1831 1516 circum,
1854 1474 1897 1507 ut

332 1525 471 1560 Ennius
492 1526 562 1562 «ob
585 1554 590 1560 .
608 1554 614 1561 .
631 1554 637 1560 .
660 1526 810 1573 cepit»)

448 1579 566 1614 XXIV
591 1581 687 1625 (298)
730 1579 868 1614 Paulus
894 1579 995 1614 Festi
1019 1591 1055 1624 p.
1077 1582 1133 1623 88,
1149 1583 1194 1614 34
1207 1579 1273 1614 Th.
1297 1579 1469 1614 ‘meddix
1495 1579 1595 1625 apud
1623 1579 1736 1615 Oscos
1761 1590 1896 1614 nomen

331 1633 570 1678 magistratus
596 1634 662 1668 est.
689 1632 830 1668 Ennius
853 1644 1037 1669 «summus
1060 1633 1114 1668 ibi
1138 1633 1312 1677 capitur.
1330 1633 1503 1668 ,fait-,em
1624 1632 1810 1668 Osbernus
1829 1644 1895 1678 pa-

332 1697 444 1720 norm.
466 1686 571 1731 (thes
592 1697 672 1721 nov
694 1686 789 1732 Lat)
808 1686 851 1720 A.
868 1686 946 1721 Mai
972 1685 1077 1721 class.
1100 1687 1196 1721 auct.
1217 1699 1284 1721 vm
1302 1698 1337 1731 p
1354 1689 1423 1721 360
1445 1686 1615 1721 ‘meddis
1640 1686 1894 1732 magistratus

332 1739 594 1774 didascalatus.
617 1740 796 1776 Caecilius
815 1740 903 1776 «ubi
925 1750 1088 1775 wmmus
1107 1739 1304 1784 capitur..
1327 1739 1472 1775 alter»)

447 1793 548 1827 XXV
567 1794 663 1839 (299)
714 1793 832 1828 Schol.
853 1792 959 1827 Bern.
980 1792 1128 1838 Hagem'
1148 1768 1339 1838 (Fleckeis
1362 1792 1484 1827 annal.
1506 1792 1626 1838 suppl.
1647 1805 1684 1827 1v
1702 1805 1738 1838 p.
1754 1793 1866 1838 959)
1855 1805 1895 1827 in

331 1857 454 1892 georg.
475 1859 512 1881 1v
532 1850 575 1881 67
597 1847 657 1892 (de
683 1857 796 1891 apum
820 1846 1004 1892 pugnis)‘
1014 1856 1125 1891 saepe
1150 1845 1295 1881 duobus
1320 1845 1472 1891 regibus
1491 1845 1646 1880 incessit
1663 1857 1800 1891 magno
1821 1846 1895 1880 dis-

332 1899 459 1934 cordia
476 1901 581 1934 motu
601 1928 607 1934 .
624 1928 654 1934 ..
676 1910 837 1944 namque
861 1900 1048 1934 morantes
1073 1899 1230 1933 Martius
1255 1899 1320 1933 ille
1346 1899 1441 1934 aeris
1466 1899 1571 1934 rauci
1596 1910 1708 1934 canor
1727 1899 1896 1944 increpat

332 1954 369 1986 et
386 1964 455 1987 vox
469 1953 620 1987 auditur
631 1952 769 1988 fractos
783 1953 925 1987 sonitus
940 1952 1088 1987 imitata
1101 1952 1276 1987 tubarum
1285 1953 1309 1987 ἐ
1331 1952 1380 1987 ad
1392 1952 1485 1987 haec
1498 1952 1625 1997 igitur,
1640 1963 1736 1997 quae
1748 1952 1894 1997 plenius

332 2005 520 2041 afferenda
545 2008 662 2050 erant,
683 2007 884 2041 adnotatur
913 2006 961 2040 ad
984 2018 1014 2040 v.
1037 2009 1080 2040 72
1109 2006 1217 2040 ‘inde
1241 2005 1383 2040 Ennius
1409 2005 1449 2039 in
1474 2018 1540 2040 vm
1565 2005 1620 2040 ait
1646 2005 1764 2041 «tibia
1788 2005 1836 2039 M.
1857 2017 1892 2050 p.

330 2059 495 2095 melos».'
516 2060 619 2095 Haec
638 2060 737 2094 enim
763 2070 858 2105 quae
877 2059 1019 2094 Ennius
1040 2059 1134 2094 dicit
1152 2059 1199 2093 de
1218 2058 1315 2093 tibia
1334 2058 1525 2093 Musarum
1539 2059 1587 2103 (h.
1602 2069 1632 2093 e.
1646 2059 1764 2104 pacis)
1778 2058 1894 2094 melos

330 2114 517 2158 pangente
537 2113 710 2158 opposita
735 2124 815 2148 esse
841 2112 1055 2147 subindicat
1073 2112 1254 2157 interpres
1274 2112 1350 2147 illis
1370 2123 1466 2156 quae
1479 2111 1667 2157 Vergilius
1693 2112 1740 2146 de
1758 2112 1893 2147 Martio

332 2166 426 2200 aeris
445 2166 548 2201 rauci
568 2177 702 2202 canore
721 2168 759 2202 et
778 2167 824 2201 de
843 2165 961 2201 fracto
976 2165 1100 2200 sonitu
1113 2165 1288 2201 tubarum
1302 2165 1463 2211 exponit.
1485 2165 1540 2200 De
1554 2165 1767 2200 discrimine
1780 2165 1894 2200 tubae

332 2220 369 2253 et
386 2219 503 2254 tibiae
523 2219 568 2255 cf.
591 2220 736 2255 Servius
755 2220 795 2255 in
814 2219 904 2255 Aen.
925 2233 948 2255 v
969 2222 1046 2254 138.

452 2392 533 2428 298
560 2392 623 2429 De
639 2392 707 2429 hoc
725 2403 839 2430 versu
860 2394 893 2430 et
910 2392 957 2429 de
974 2392 1144 2429 meddice
1165 2390 1349 2428 Oscorum
1370 2391 1443 2438 eqit
1466 2390 1557 2428 olim
1575 2390 1769 2438 Berykius
1789 2384 1890 2442 (opp.

332 2460 346 2485 1
359 2461 400 2496 p.
417 2457 436 2483 2
449 2458 462 2483 1
478 2459 490 2484 1
513 2445 622 2503 sqq),
635 2453 842 2498 praeterea
860 2451 947 2489 vide
958 2443 1375 2502 Schemannumsppp.
1390 2461 1436 2486 111
1449 2461 1491 2497 p.
1506 2458 1555 2495 41
1571 2459 1583 2484 1
1604 2443 1715 2501 sqq),
1726 2449 1892 2486 Momm-

333 2519 467 2545 senum
492 2509 538 2546 de
562 2509 653 2547 dial.
673 2510 763 2547 Ital.
784 2510 856 2557 inf.
870 2522 912 2557 p.
931 2507 1025 2557 278.
1043 2518 1139 2555 304,
1166 2509 1328 2556 demque
1352 2508 1629 2546 Buechelerum
1653 2519 1750 2545 mus.
1770 2508 1890 2545 Rhen.

332 2578 432 2603 xnm
444 2579 486 2614 p.
503 2575 578 2612 132
680 2569 762 2607 299
783 2569 916 2607 Possis
935 2569 1077 2607 addere
1095 2569 1148 2606 ad
1165 2568 1423 2615 supplendum
1442 2578 1596 2605 versum
1615 2568 1650 2604 et
1666 2567 1892 2604 sententiam

334 2627 376 2663 at
399 2624 496 2663 tuba
520 2625 677 2670 Martis,
703 2628 921 2676 referreque
945 2628 1037 2666 haec
1062 2628 1115 2666 ad
1139 2627 1373 2665 Marcellum
1400 2638 1434 2664 a.
1458 2634 1539 2674 543
1561 2628 1653 2673 post
1674 2625 1893 2674 Syracusas

333 2687 468 2732 captas
491 2696 570 2722 non
601 2686 899 2733 triumphantem
922 2687 990 2725 sed
1020 2689 1212 2729 ovantem,
1240 2697 1350 2734 quem
1374 2685 1607 2723 Plutarchus
1636 2685 1812 2722 Marcell.
1838 2693 1888 2719 22

333 2744 464 2782 scribit
489 2741 562 2782 οὐκ
587 2741 651 2782 ἐπὶ
676 2749 745 2782 τοῦ
770 2745 992 2797 τεθρίππου
1017 2744 1286 2797 βεβηκότα
1308 2741 1401 2783 οὐδὲ
1429 2741 1891 2795 περισαλπιζόμενον

334 2800 428 2840 ἀλλὰ
447 2801 565 2848 πεζὸν
585 2834 591 2841 .
614 2832 623 2840 .
643 2833 651 2840 .
673 2797 742 2840 ὑπ’
769 2801 986 2854 αὐλητῶν
1013 2804 1113 2855 μάλα
1131 2806 1286 2843 πολλῶν
1305 2805 1533 2852 inyressum,
1553 2803 1668 2849 idque
1686 2802 1892 2840 discrimen

334 2862 421 2900 belli
443 2863 543 2900 iuter
563 2865 596 2900 ct
613 2863 728 2910 pacis
752 2863 914 2910 speciem
930 2875 1165 2911 persequens
1185 2865 1242 2901 ait
1263 2861 1329 2901 καὶ
1353 2860 1426 2914 γὰρ
1447 2858 1467 2899 ὃ
1494 2859 1613 2907 αὐλὸς
1638 2859 1798 2912 εἰρήνης
1825 2858 1890 2911 με’-

333 2935 423 2972 ρος,·
449 2921 495 2969 cf.
515 2933 620 2959 nume
646 2922 753 2959 relat.
775 2922 883 2959 acad.
905 2934 939 2959 a.
961 2920 1069 2970 1899
1090 2935 1130 2970 p.
1151 2920 1231 2958 266
1252 2933 1329 2969 sqq.
