2004 3278
629 228 892 266 CHARISIUS.
931 230 1175 267 DIOMEDES
1576 234 1687 270 XCIX

131 339 248 379 Festo
281 339 345 377 vel
369 339 510 377 Verrio
543 339 721 389 depromi
753 335 819 394 (cf.
847 338 1080 396 31111.356);
1111 357 1236 394 neque
1265 346 1350 383 erat
1374 346 1478 395 quod
1509 347 1602 395 quia
1626 347 1687 385 bis

131 398 230 437 dicit
259 398 467 437 aamaliusm
497 399 596 436 libro
626 412 833 438 numerum
862 401 955 439 libri
985 402 1139 440 librarii
1165 404 1263 442 vitio
1290 405 1475 442 extritum
1500 418 1581 443 esse
1607 407 1684 444 sta-

130 459 326 496 tueretur:
347 458 402 496 sic
421 458 526 496 certe
546 458 667 495 etiam
680 458 861 498 Lucilius
879 463 1106 499 saturarum
1125 462 1222 500 libro
1234 475 1270 511 p.
1288 464 1383 511 240,
1398 464 1422 501 8
1447 466 1486 501 61
1504 465 1686 502 similiter

132 517 229 555 alibi
254 517 405 555 citavit.
431 516 653 554 Annalibus
677 519 774 566 puto
798 519 902 557 recte
929 519 1170 569 adscriptum
1196 522 1254 559 est
1276 522 1454 570 quamvis
1475 523 1557 561 sine
1576 525 1685 561 testi-

130 577 262 614 monio
281 589 318 625 p.
335 577 432 625 201,
449 576 501 614 15
523 576 682 614 Ennius
703 573 786 614 ‘tibi‘
805 579 885 615 vita
904 589 971 616 seu
983 590 1086 616 mors
1099 580 1142 617 in
1154 580 1297 617 mundo
1311 578 1376 618 est’
1394 575 1501 632 (ann.
1517 582 1597 619 467
1609 578 1684 635 sq.)

250 635 494 686 Tragoediae
523 636 792 673 memorantur
822 636 933 684 duae,
958 650 995 686 p.
1019 639 1114 686 197,
1136 639 1187 675 22
1217 635 1392 676 ‘duriter'
1424 640 1620 678 Terentius
1643 643 1687 679 in

131 695 306 742 adelphis
327 725 335 732 .
357 725 365 732 .
387 725 395 732 .
419 695 488 733 ubi
511 693 645 733 Acron
669 695 880 733 secundum
905 697 1164 746 antiquorum,
1194 698 1330 745 inquit,
1361 699 1687 737 consuetudinem:

128 766 223 791 nam
243 756 276 792 et
294 754 452 791 Ennius
476 755 520 792 in
538 754 724 792 Phoenice
744 749 805 805 [v]
829 751 961 802 ‘quam
980 755 1049 793 tibi
1068 767 1112 793 ex
1133 766 1197 793 ore
1216 758 1425 794 orationem
1444 757 1591 795 duriter
1610 758 1686 796 dic-

130 814 179 851 tis
193 809 322 851 dedit.'
350 812 466 851 Hunc
490 813 616 863 igitur
640 813 869 863 tragoediae
890 826 1057 862 versum,
1083 827 1198 863 quem
1216 815 1368 853 Nonius
1389 828 1542 864 quoque
1562 816 1686 864 affert,

132 872 242 910 cuius
269 884 388 921 supra
414 870 615 910 Charisius
640 885 677 921 p.
703 873 768 921 79,
791 873 842 910 13
870 873 911 909 in
938 872 1074 910 eadem
1100 886 1193 911 voce
1218 875 1456 912 mentionem
1482 887 1559 913 non
1589 876 1686 913 feee-

128 932 204 979 rat,
230 944 277 969 ex
300 930 459 969 Helenii
477 930 643 969 Acronis
671 925 737 983 (cf.
757 945 794 980 p.
817 933 914 979 200,
935 926 1007 984 15)
1029 933 1307 971 commentario
1328 933 1560 972 Terentiano
1580 934 1686 972 vide-

128 1003 214 1028 mus
239 991 371 1029 nescio
398 1002 476 1039 qua
501 991 568 1028 via
592 991 635 1028 in
660 989 830 1028 Charisii
856 992 979 1029 artem
1005 992 1205 1042 migrasse.
1237 992 1291 1029 Et
1314 1006 1351 1041 p.
1374 993 1469 1040 241,
1491 993 1513 1030 6
1542 989 1684 1031 ‘euhoe’

128 1050 249 1087 Maro
275 1062 333 1088 VII
355 1079 363 1087 .
390 1079 398 1087 .
427 1080 434 1087 .
466 1050 625 1088 Ennius
656 1051 699 1088 in
723 1048 958 1088 Athamante
991 1046 1065 1089 ‘his
1097 1054 1179 1089 erat
1207 1052 1251 1089 in
1281 1062 1345 1089 ore
1376 1048 1576 1090 Bromius’
1609 1065 1685 1101 eqs.

131 1107 250 1147 Cuius
281 1108 511 1159 tragoediae
542 1110 774 1147 memoriam
807 1111 846 1146 et
871 1110 953 1147 eius
978 1109 1049 1147 hos
1076 1111 1248 1159 quinque
1273 1122 1408 1148 versus
1434 1111 1686 1159 perpulchros

127 1168 243 1206 unius
270 1166 440 1206 Charisii
470 1169 742 1206 testimonium
774 1169 959 1216 servavit,
991 1170 1071 1217 qui,
1103 1170 1292 1218 quoniam
1316 1170 1435 1207 Maro
1468 1163 1564 1221 (non
1598 1170 1686 1207 Ver-

124 1221 263 1280 yilius)
290 1228 408 1266 simul
434 1228 592 1276 citatur,
617 1228 691 1266 hoc
716 1227 863 1266 indicio
885 1228 1066 1278 arguitur
1083 1228 1153 1266 hos
1173 1240 1307 1267 versus
1327 1228 1447 1265 Ennii
1470 1240 1492 1265 a
1511 1228 1686 1266 Romano

128 1298 349 1335 sumpsisse.

245 1346 402 1395 Restat,
436 1347 624 1396 quoniam
654 1346 748 1384 libri
778 1347 920 1384 tertius
954 1347 992 1384 et
1024 1345 1183 1396 quintus
1210 1347 1309 1384 nihil
1333 1345 1479 1384 habent
1504 1346 1685 1395 Enniani,

127 1404 173 1442 de
207 1407 348 1454 quarto
379 1407 426 1443 ut
455 1405 630 1443 breviter
655 1405 924 1454 admoneatur,
957 1406 1025 1455 qui
1056 1418 1228 1444 seorsum
1260 1418 1283 1443 a
1313 1406 1432 1454 primi
1463 1406 1502 1443 et
1527 1405 1685 1443 secundi

125 1465 279 1502 ratione
312 1477 431 1513 quam
467 1464 639 1504 vidimus
677 1465 798 1503 Ennii
834 1477 977 1503 nomen
1013 1477 1206 1514 nusquam
1244 1465 1581 1513 commemoravit,
1618 1464 1686 1502 sed

125 1524 259 1561 tamen
279 1523 470 1573 quosdam
489 1536 635 1573 versus,
655 1525 868 1562 maximam
882 1525 1036 1573 partem
1052 1525 1309 1572 hexametros,
1330 1523 1454 1571 affert,
1475 1524 1543 1572 qui
1557 1524 1684 1561 alieno

125 1583 354 1621 testimonio
376 1585 446 1621 aut
469 1583 668 1632 probabili
694 1585 918 1622 coniectura
944 1583 994 1620 ad
1014 1583 1186 1621 Ennium
1210 1584 1249 1621 et
1269 1582 1319 1620 ad
1338 1582 1497 1621 annales
1517 1582 1684 1620 maxime

125 1642 243 1679 relati
262 1643 369 1680 sunt:
389 1656 426 1691 p.
449 1643 546 1691 267,
569 1644 590 1680 7
612 1654 751 1691 vosque
769 1643 898 1681 Lares
917 1645 1052 1681 tectum
1069 1645 1245 1680 nostrum
1263 1643 1330 1690 qui
1351 1641 1530 1690 funditus
1549 1644 1687 1679 curant

127 1696 235 1751 [ann.
258 1699 382 1751 620];
400 1715 438 1751 p.
461 1703 558 1750 271,
580 1702 632 1740 28
655 1704 718 1741 aio
737 1705 770 1740 te
789 1701 965 1741 Aeacida
985 1715 1051 1751 eqs
1073 1698 1181 1753 [ann.
1204 1697 1325 1752 179];
1343 1715 1380 1750 p.
1398 1702 1493 1748 272,
1510 1701 1561 1738 27
1583 1712 1685 1738 cum-

125 1772 195 1808 que
216 1761 452 1809 yubernator
475 1773 621 1810 mayna
645 1763 826 1800 contorsit
851 1772 963 1810 equos
987 1763 1028 1799 vi
1055 1759 1160 1810 [31111.
1182 1756 1305 1811 486];
1330 1773 1366 1809 p.
1390 1760 1485 1807 278,
1508 1760 1561 1797 24
1591 1760 1685 1797 endo

124 1831 239 1857 suam
264 1820 311 1858 do
338 1816 446 1871 [ann.
469 1818 583 1870 576]
612 1821 786 1866 Quorum
806 1820 965 1859 secundi
988 1821 1028 1858 et
1048 1821 1180 1869 quarti
1198 1819 1315 1857 fidem
1334 1819 1556 1857 Ennianam
1575 1819 1685 1856 testi-

124 1879 300 1916 monium
324 1881 518 1928 praestat,
544 1880 694 1929 primus
719 1892 799 1918 11011
823 1879 943 1917 habet
967 1879 1044 1917 nisi
1065 1878 1286 1917 Charisium
1310 1879 1463 1926 testem,
1489 1877 1555 1915 sed
1580 1879 1627 1914 ut
1646 1879 1685 1915 et

123 1937 188 1975 hic
212 1939 253 1975 et
276 1939 418 1977 tertius
445 1934 512 1992 (de
539 1951 616 1988 quo
641 1939 731 1977 vide
757 1939 808 1977 ad
834 1952 921 1976 ann.
944 1933 1048 1990 486)
1080 1950 1159 1976 11011
1190 1938 1272 1976 sine
1305 1937 1440 1985 aliqua
1470 1935 1684 1985 probabili-

122 1998 206 2035 tate
227 1997 276 2035 ad
297 1998 457 2036 annales
478 1998 669 2047 adscripti
689 1999 778 2035 sint.
806 1997 954 2043 Quibus
975 1997 1198 2034 addendum
1212 1997 1271 2034 est
1284 1996 1449 2034 fortasse
1462 2008 1499 2043 p.
1516 1995 1611 2042 278,
1629 1996 1678 2031 11

121 2056 376 2104 induperator
387 2069 464 2105 pro
483 2059 713 2105 imperator:
732 2058 835 2094 certe
856 2069 943 2094 eam
962 2056 1129 2094 formam
1149 2068 1172 2093 a
1185 2055 1362 2105 Vergilio
1383 2054 1552 2092 alienam
1564 2053 1684 2090 habet

122 2114 273 2155 Ennius
307 2116 527 2165 aliquoties.
565 2115 686 2154 Porro
718 2129 755 2164 p.
784 2116 866 2152 282
905 2115 1121 2164 figurarum
1157 2114 1440 2151 rhetoricarum
1471 2112 1679 2150 notissima

123 2175 301 2224 exempla
323 2176 627 2224 componuntur:
653 2174 798 2212 Marsa
821 2185 974 2218 mamus,
998 2173 1160 2221 Peligna
1185 2173 1316 2211 cohors
1335 2184 1402 2221 eqs
1429 2167 1536 2222 [ann.
1559 2168 1681 2221 276];

122 2244 143 2271 o
167 2234 248 2272 Tite
266 2236 342 2272 tute
365 2234 453 2272 Tati
472 2245 539 2282 eqs
561 2232 667 2282 [ann.
691 2229 811 2284 109]3
837 2233 904 2270 hos
928 2232 1060 2270 reduci
1078 2243 1195 2279 quam
1213 2232 1392 2278 relinqui,
1417 2230 1547 2268 devehi
1565 2241 1682 2278 quam

122 2293 247 2331 deseri
273 2289 391 2344 [seen.
414 2289 536 2343 390];
562 2294 772 2331 maerentes
797 2292 927 2339 flentes
952 2292 1199 2329 lacrimantes
1224 2303 1291 2339 eqs
1315 2285 1422 2340 [ann.
1447 2286 1566 2338 103]3
1586 2300 1681 2337 quo-

120 2364 209 2389 rum
240 2352 340 2389 nulli
372 2351 517 2390 alicubi
547 2351 819 2390 testimonium
851 2350 1013 2400 originis
1040 2349 1243 2387 Ennianae
1275 2348 1393 2386 deest.
1427 2347 1605 2396 Denique
1631 2347 1680 2384 ab

122 2423 199 2448 uno
222 2409 399 2449 Charisio
421 2405 477 2463 (p.
500 2411 597 2459 284,
619 2412 642 2448 9
665 2412 705 2448 61
725 2410 821 2458 286,
839 2403 882 2461 7)
903 2409 1045 2447 allatos
1065 2421 1199 2447 versus
1218 2419 1296 2446 non
1316 2418 1562 2446 commemoro
1581 2406 1681 2454 quod

121 2469 302 2508 draconis
329 2482 395 2519 eqs
416 2472 456 2508 et
479 2481 558 2507 non
583 2470 684 2518 quod
709 2469 840 2507 domui
864 2470 943 2506 vim
963 2480 1053 2517 eqs,
1081 2469 1174 2517 quia
1200 2468 1380 2505 accurate
1401 2466 1571 2515 expressi
1590 2466 1681 2503 sunt

122 2541 168 2565 ex
193 2529 369 2567 versibus
394 2529 554 2567 Medeae
580 2528 830 2578 Euripideae,
856 2540 934 2566 non
965 2527 1146 2565 dubitavi
1171 2527 1300 2564 Ennio
1332 2524 1550 2563 adscribere
1576 2525 1615 2561 et
1639 2523 1680 2560 in

122 2588 204 2626 eius
229 2588 367 2626 Medea
398 2589 590 2627 collocare
616 2582 707 2640 (Ix).
746 2587 947 2625 Postremo
978 2599 1027 2624 ne
1059 2586 1153 2636 quid
1185 2586 1404 2632 omittatur,
1435 2585 1476 2621 in
1508 2584 1680 2621 extrema

121 2648 233 2695 parte
258 2647 350 2685 libri
369 2660 411 2685 1v
437 2660 536 2696 quae
563 2649 622 2686 est
647 2647 693 2684 de
712 2658 875 2684 numero
897 2645 1082 2683 Saturnio
1102 2658 1139 2694 p.
1162 2644 1326 2693 288,15
1348 2644 1443 2681 11366
1463 2642 1679 2680 afferuntur

123 2702 147 2743 ‘.
169 2735 177 2743 .
195 2706 254 2744 vel
279 2707 410 2755 quales
441 2708 484 2744 in
515 2706 722 2755 traqoediis
751 2716 1044 2752 nonnumquam
1073 2704 1241 2742 incidere
1271 2703 1458 2740 veteribus
1488 2701 1607 2738 solent
1636 2701 1679 2735 ut

121 2764 273 2803 Ennii
297 2765 492 2813 Acciique,
518 2766 585 2803 sed
611 2764 750 2803 deinde
775 2763 897 2811 Accii,
922 2776 1002 2801 non
1028 2763 1147 2800 Ennii
1173 2762 1350 2810 exempla
1374 2760 1582 2809 ponuntur.

240 2823 337 2861 Cum
374 2823 551 2862 Charisio
590 2825 745 2873 oportet
780 2822 982 2860 Diomedis
1021 2835 1082 2860 ars
1121 2821 1399 2870 coniungatur3
1437 2819 1540 2854 inter
1578 2826 1673 2863 quos

120 2884 396 2932 grammaticos
423 2895 524 2932 quae
548 2884 652 2921 ratio
683 2881 902 2920 intercedat
926 2881 977 2918 H.
996 2880 1148 2919 Keilius
1173 2893 1210 2929 p.
1230 2891 1254 2916 1..
1286 2875 1542 2927 praefationis
1574 2873 1673 2911 dilu-

119 2940 203 2979 cide
234 2943 424 2992 exposuit.
457 2942 640 2980 Enniana
675 2954 775 2990 quae
808 2942 937 2979 essent
971 2940 1078 2990 apud
1102 2937 1333 2976 Diomedem
1359 2937 1397 2973 et
1422 2946 1499 2984 qua
1523 2933 1675 2970 ratione

1417 2999 1464 3044 g..
