2004 3278
291 199 468 236 CLXXVI
803 195 847 230 Π.
873 194 938 229 DE
957 194 1113 230 LIBRIS
1132 193 1364 229 ENNIANIS

290 313 423 350 bratus
441 309 709 348 Romanorum
732 308 851 346 hostis
875 308 1028 357 effectus
1052 310 1117 346 est.
1142 306 1224 345 Nec
1249 308 1395 355 tamen,
1419 318 1508 345 cum
1527 304 1691 345 Orosius
1710 318 1782 345 sua
1800 306 1850 345 ab

288 370 512 420 Augustino
538 369 741 405 mutuatus
765 366 960 415 videatur,
984 367 1157 404 multum
1182 366 1219 404 ei
1244 367 1452 404 consensui
1479 365 1629 415 tribuo,
1659 366 1852 416 Augusti·

288 441 362 466 nus
386 440 479 467 vero
504 427 586 465 fere
611 439 691 464 non
715 425 854 464 dubito
881 427 980 475 quin
1004 427 1047 464 in
1073 438 1119 464 ea
1143 438 1186 463 re
1212 426 1491 464 auctoritatem
1518 425 1627 464 Livii
1651 427 1852 475 sequatur,

289 488 339 526 ad
372 500 489 536 quem
517 498 704 537 magnam
737 487 892 535 partem
917 498 1051 523 eorum
1077 497 1179 534 quae
1203 484 1261 522 ibi
1285 485 1424 522 narrat
1447 484 1698 535 Augustinus
1722 484 1851 523 redire

289 560 309 585 e
333 546 440 585 Livii
464 545 656 583 librorum
679 557 723 582 X1
742 547 782 583 et
800 557 858 582 X11
886 545 1081 594 periochis
1121 544 1333 594 conigitur.
1366 543 1493 589 Quam
1518 543 1567 582 ob
1591 556 1675 582 rem
1706 545 1741 582 si
1771 544 1852 582 alia

288 618 367 643 non
393 605 633 654 accederent,
658 603 856 642 sufficeret
873 604 971 642 haec
989 603 1206 654 Augustini
1223 604 1427 652 memoria,
1451 605 1498 640 ut
1516 615 1581 641 eos
1601 603 1744 652 quibus
1762 616 1851 653 pro-

288 665 450 703 letarios
475 665 518 701 in
543 663 786 714 praesidium
811 663 919 702 urbis
946 665 1118 701 armatos
1142 664 1329 701 narratur
1352 674 1488 700 versus
1511 662 1713 701 Ennianos
1739 656 1851 715 (vm)

288 725 331 761 in
349 724 424 762 hoc
442 724 528 761 loco
547 734 835 772 reponeremus,
856 735 933 771 quo
954 734 1019 761 eos
1039 723 1240 761 rettulisse
1258 723 1340 759 iam
1354 722 1645 760 Freinshemius
1660 722 1852 771 supplem.

289 783 375 821 Liv.
394 795 426 820 11
445 795 475 820 c.
498 784 551 820 22
578 782 747 821 videtur.
773 781 921 819 Verum
947 783 1140 820 succurrit
1164 782 1328 819 tertium
1354 781 1401 818 de
1426 781 1652 830 proletariis
1678 781 1729 819 ad
1747 781 1853 818 mili-

289 843 389 880 tiam
419 843 571 881 vocatis
605 840 733 879 Cassii
762 840 956 878 Heminae
987 842 1261 879 testimonium
1296 840 1404 889 apud
1433 840 1609 878 Nonium
1639 853 1677 889 p.
1700 841 1775 888 67,
1797 841 1850 878 22

292 901 453 940 Cassius
472 901 644 939 Hemina
669 901 808 938 annali
826 901 891 938 lib.
911 913 962 938 II:
986 903 1076 938 tanc
1094 901 1260 938 Marcus
1272 911 1417 948 praeco
1429 901 1608 948 primum
1618 900 1853 947 proletarios

290 962 470 999 armavit.
495 959 737 998 Insidentem
761 959 891 998 verbis
917 959 1138 997 labeculam
1162 959 1377 997 infeliciter
1395 960 1558 997 Marius
1569 961 1748 1007 primum
1767 970 1853 998 con-

288 1021 352 1058 sul
383 1018 624 1057 emendando
657 1018 949 1057 Freinshemius
982 1018 1032 1056 ad
1059 1018 1163 1056 Flor.
1183 1031 1229 1055 m
1252 1020 1289 1066 1,
1312 1019 1364 1056 13
1396 1019 1620 1067 temptavit.
1653 1018 1853 1056 Maculam

291 1079 477 1117 abstersit
507 1079 589 1116 leni
619 1090 740 1116 manu
765 1077 925 1127 Lipsius
958 1080 1037 1115 ant.
1070 1078 1157 1115 lect.
1178 1090 1220 1116 1v
1243 1079 1308 1114 17.
1334 1090 1360 1115 v
1382 1079 1434 1115 22
1467 1078 1510 1114 in
1541 1077 1645 1115 hunc
1673 1077 1853 1115 modum:

290 1139 472 1176 Marcius
490 1140 668 1186 praetor:
700 1137 801 1174 illud
826 1128 1111 1186 praetermisit,
1143 1149 1259 1186 quem
1291 1137 1482 1174 Marcium
1515 1136 1638 1174 vellet
1667 1137 1852 1187 intelligi.

293 1197 383 1246 Ipse
410 1197 503 1234 dum
529 1197 816 1245 circumspicio,
843 1196 893 1233 ad
920 1209 1036 1245 quem
1062 1208 1108 1233 ea
1132 1197 1332 1244 pertineat
1356 1196 1558 1244 memoria,
1583 1195 1716 1234 incido
1741 1197 1783 1233 in
1809 1194 1852 1240 Q.

290 1256 485 1294 Marcium
509 1255 754 1304 Philippum,
780 1256 850 1304 qui
870 1268 903 1293 a.
924 1268 960 1292 u.
982 1268 1012 1293 c.
1034 1256 1117 1292 473
1146 1267 1237 1292 cum
1261 1254 1304 1292 L.
1324 1254 1496 1293 Aemilio
1516 1254 1694 1293 Barbula
1718 1255 1854 1293 consul

290 1316 378 1353 fuit.
400 1314 574 1359 Quorum
593 1314 657 1351 hic
677 1310 762 1363 ‘qui
782 1315 863 1352 iam
882 1315 925 1351 in
946 1313 1151 1352 Samnium
1171 1314 1222 1352 ad
1241 1315 1456 1352 exercitum
1475 1314 1676 1363 profectus
1695 1310 1854 1362 fuerat’,

290 1373 359 1412 ubi
384 1374 531 1411 Romae
562 1373 711 1411 bellum
742 1385 831 1410 cum
857 1373 1082 1411 Tarentinis
1114 1373 1314 1411 decretum
1340 1375 1410 1420 est,
1440 1374 1483 1410 in
1517 1386 1612 1424 agro
1639 1373 1853 1412 Tarentino

291 1436 421 1472 castra
451 1445 597 1482 ponere
632 1432 801 1470 iubetur.
841 1431 898 1470 Cf.
923 1432 1141 1482 Dionysius
1166 1431 1284 1470 Halic
1310 1445 1387 1471 exc.
1408 1445 1478 1470 XIX
1499 1433 1523 1470 6
1544 1446 1581 1482 p.
1604 1433 1687 1471 235
1708 1433 1755 1470 K.
1784 1433 1854 1471 Zo-

290 1504 407 1530 naras
431 1504 506 1531 vm
532 1493 570 1541 2,
598 1492 634 1529 5.
678 1492 771 1540 Iym'
813 1493 991 1540 ferroque
1034 1490 1196 1530 Orosius
1238 1493 1372 1541 inquit
1413 1494 1542 1530 vastat
1582 1493 1732 1537 omma,
1765 1493 1855 1540 plu-

290 1553 394 1590 rima
426 1554 622 1600 empuynat
652 1551 815 1599 oppida:
854 1563 899 1589 ac
930 1551 1116 1589 similiter
1148 1552 1320 1589 Zonaras
1346 1551 1372 1589 1.
1398 1551 1423 1588 l.
1455 1549 1528 1601 τὴν
1559 1550 1688 1603 χώραν
1723 1549 1853 1590 αὐτῶν

292 1609 484 1661 ἐλεηλάτει
508 1608 574 1648 καὶ
593 1608 787 1661 ἔφθειρεν.
816 1609 858 1648 οἱ
880 1607 922 1648 δὲ
941 1607 1159 1660 ἐπεξῆλθον
1180 1608 1265 1660 μέν,
1290 1605 1367 1648 ἀλλ’
1389 1608 1625 1661 ἐτράπησαν,
1650 1609 1745 1649 ὥστε
1763 1609 1855 1657 τοὺς

287 1667 500 1721 Ῥωμαίους
525 1668 597 1719 τήν
623 1682 663 1707 τε
687 1668 815 1720 χώραν
842 1667 972 1708 αὐτῶν
998 1667 1121 1715 ἀδεῶς
1153 1672 1355 1720 πορθῆσαι
1384 1668 1454 1707 καί
1475 1684 1563 1707 τινα
1593 1668 1855 1720 χειρώσασθαι

292 1729 477 1781 φρούρια.
504 1727 633 1773 Quare
657 1728 748 1767 vide
774 1741 825 1766 an
852 1728 903 1766 ad
927 1728 1145 1766 Aemilium
1170 1729 1298 1777 possit
1321 1740 1456 1766 versus
1482 1731 1517 1767 et
1540 1729 1710 1767 detondit
1741 1740 1854 1779 ayros

290 1789 410 1827 laetos
435 1791 548 1836 atque
571 1788 718 1836 oppida
742 1789 840 1835 oepit
864 1783 950 1840 (lib.
970 1788 1045 1825 inc.
1059 1782 1207 1840 XXXm)
1234 1789 1443 1836 pertinere,
1468 1800 1720 1837 quamquam,
1750 1788 1855 1837 quod

291 1848 398 1885 infra
434 1848 582 1895 dicam,
619 1848 741 1885 etiam
779 1847 860 1884 alia
897 1848 981 1884 eius
1019 1859 1155 1885 versus
1190 1846 1299 1885 sed'es
1330 1848 1374 1884 in
1404 1849 1591 1896 promptu
1623 1849 1692 1886 est.
1730 1847 1854 1885 Paulo

293 1907 564 1955 confidentius,
591 1907 779 1955 quoniam
804 1919 850 1944 ex
874 1906 948 1944 hoc
974 1906 1109 1944 annali
1134 1907 1292 1954 citatur,
1323 1905 1373 1944 ad
1397 1906 1502 1944 idem
1527 1906 1623 1944 belli
1649 1907 1855 1945 Tarentini

294 1967 408 2015 quasi
438 1967 684 2015 prooemium
715 1966 761 2003 fr.
781 1978 824 2003 111
855 1977 1007 2013 revoco,
1041 1967 1087 2002 ut
1116 1966 1159 2003 in
1191 1965 1332 2003 subitis
1365 1965 1501 2014 quales
1532 1965 1728 2004 Aemilius
1760 1967 1856 2004 fecit

292 2025 617 2075 praedationibus
649 2025 781 2062 locum
806 2025 1058 2062 nanciscatur
1083 2036 1208 2062 suum.
1242 2024 1318 2062 Sed
1342 2024 1400 2062 ibi
1425 2025 1518 2062 dum
1542 2024 1738 2063 Aemilius
1769 2038 1855 2063 ver-

296 2087 417 2133 satur,
443 2085 614 2122 Marcius
639 2084 768 2132 rebus,
794 2083 845 2121 ad
871 2096 970 2132 quas
995 2084 1139 2122 missus
1166 2086 1261 2133 erat,
1288 2084 1544 2122 Etruscorum
1569 2084 1743 2122 nondum
1767 2096 1855 2133 per-

294 2145 393 2182 actis
425 2144 591 2182 Romam
621 2143 726 2181 redit
757 2144 906 2182 accitus
937 2145 983 2180 ut
1014 2143 1172 2181 videtur
1209 2155 1232 2180 a
1269 2145 1427 2191 senatu,
1465 2144 1535 2192 qui
1566 2139 1855 2192 ‘expectatione

295 2202 440 2251 Pyrrhi
479 2203 674 2241 sollicitus
713 2202 913 2252 praesidia
955 2202 1129 2251 undique
1173 2199 1447 2252 conquirebat'
1490 2200 1555 2250 (cf.
1594 2203 1856 2241 Freinshemii

295 2262 484 2310 supplem.
511 2261 597 2300 Liv.
618 2275 648 2299 11
670 2257 764 2315 21):
794 2261 1016 2310 triumphat
1047 2260 1094 2299 de
1127 2261 1304 2300 Etruscis
1337 2257 1390 2314 (a.
1411 2275 1448 2299 u.
1470 2273 1499 2299 c.
1521 2262 1606 2300 473
1627 2261 1674 2299 Κ.
1694 2257 1855 2315 April.)‚

296 2332 342 2358 ac
367 2321 549 2370 deinceps
574 2321 683 2359 urbis
710 2321 930 2359 custodiam
949 2320 1187 2369 moderatur,
1211 2322 1385 2370 primum
1408 2321 1556 2369 consul,
1583 2321 1740 2370 quando
1760 2334 1855 2359 non-

295 2379 389 2416 dum
413 2381 674 2428 praeterierat
699 2393 824 2418 annus
858 2380 1087 2428 consularis,
1118 2382 1256 2429 postea
1282 2375 1334 2432 (a.
1355 2392 1394 2417 u.
1415 2392 1445 2417 c.
1467 2375 1572 2432 474)
1604 2382 1780 2429 praetor:
1810 2382 1857 2418 ut

295 2450 374 2476 non
406 2451 581 2478 seorsum
606 2452 630 2477 a
654 2441 790 2478 nostra
822 2440 1018 2477 sententia
1050 2437 1207 2477 Cassius
1235 2438 1407 2476 Hemina
1439 2451 1462 2476 a
1492 2440 1674 2487 praetore
1705 2439 1855 2477 Marcio

298 2499 540 2546 conscriptos
564 2498 802 2547 proletarios
829 2498 1052 2546 tradiderit,
1076 2498 1155 2536 nisi
1180 2497 1286 2546 quod
1309 2497 1441 2535 Herm.
1462 2497 1602 2535 Petrus
1626 2498 1717 2536 hist.
1743 2498 1854 2536 Rom.

295 2557 408 2606 reliq.
435 2569 468 2594 a.
492 2558 604 2595 1870
624 2570 661 2606 p.
685 2558 767 2595 103
794 2570 873 2595 non
891 2560 1053 2605 praetor
1077 2570 1122 2595 ex
1140 2568 1284 2605 praeeo
1310 2556 1378 2594 sed
1395 2568 1472 2604 pro
1505 2557 1658 2595 consule
1685 2556 1855 2596 efficien-

297 2616 391 2653 dum
421 2617 573 2654 statuit.
608 2616 734 2654 Favet
765 2617 983 2654 sententiae
1017 2615 1122 2665 quod
1154 2617 1325 2654 Zonaras
1355 2628 1430 2654 vm
1451 2616 1489 2664 3,
1510 2616 1534 2653 3
1567 2617 1686 2654 misso
1719 2618 1856 2654 contra

298 2675 532 2712 Tarentinos
556 2675 732 2713 Laevino
757 2676 913 2724 partem
939 2676 1142 2724 copiarum
1166 2676 1208 2712 in
1234 2675 1329 2712 urbe
1353 2675 1534 2712 relictam
1559 2677 1855 2724 commemorat3

298 2746 384 2772 eam
409 2733 516 2772 haud
540 2733 668 2781 dubie,
695 2746 814 2783 quam
838 2734 1009 2773 Marcius
1029 2735 1111 2772 sive
1131 2736 1291 2783 praetor
1310 2735 1392 2772 sive
1412 2746 1483 2782 pro
1504 2734 1662 2772 consule
1682 2734 1856 2784 regebat.

299 2792 486 2831 Consules
513 2794 615 2830 certe
642 2794 712 2841 qui
736 2793 885 2831 Marcio
905 2793 1157 2842 Aemilioque
1176 2795 1444 2832 successerunt
1468 2795 1632 2841 uterque
1657 2794 1700 2830 in
1725 2794 1856 2831 castra

297 2853 467 2900 profecti
492 2851 623 2903 erant,]
646 2851 843 2890 Laevinus
868 2853 930 2889 uti
955 2852 1036 2889 dixi
1062 2855 1198 2890 contra
1224 2852 1470 2899 Tarentinos,
1502 2852 1560 2889 Ti.
1588 2850 1856 2890 Coruncanius

298 2912 340 2948 in
361 2911 557 2949 desertam
576 2910 625 2948 ab
644 2911 792 2949 Marcio
813 2911 998 2949 Etruriae
1017 2913 1280 2960 provinciam:
1306 2910 1410 2948 unde
1429 2913 1469 2948 et
1486 2912 1570 2960 ipse
1589 2913 1680 2959 post
1698 2923 1855 2962 pugnae
