2004 3278
831 162 1107 199 MACROBIUS
1631 167 1743 203 CXIII

187 269 303 311 arcet'
331 266 439 325 (ann.
462 271 545 310 542
556 271 640 321 sq).
672 273 785 312 Unde
811 274 939 313 Ennio
966 277 1069 314 certe
1094 276 1191 314 haec
1215 276 1412 316 reddenda
1437 281 1551 317 erant
1574 281 1641 327 qui
1664 282 1741 328 ful-

186 333 289 370 mine
313 331 418 370 claro
443 332 575 369 omnia
592 343 666 379 per
690 334 838 371 sonitus
857 337 960 373 arcet
977 337 1120 373 terram
1137 348 1245 374 mare
1264 337 1421 375 caelum.
1446 337 1590 376 Utrum
1609 341 1741 377 autem

186 390 371 428 Lucretio
397 390 535 428 eadem
560 390 817 429 adscribenda
842 393 922 430 sint
953 405 1040 431 cum
1064 393 1317 434 Lachmanno
1349 408 1399 433 an
1423 409 1557 435 versus
1585 399 1741 436 tantum

186 449 466 499 relinquendus
498 461 616 498 quem
647 450 683 487 ei
714 449 863 488 Probus
893 454 1027 500 aperte
1057 452 1217 502 tribuit,
1250 455 1318 503 qui
1348 455 1473 493 multa
1503 455 1741 495 Lucretiana

185 508 316 557 habet,
342 508 541 559 ambigere
566 508 669 546 licet.
708 508 840 557 Atque
865 510 962 547 haec
987 512 1119 548 omnia
1144 513 1185 548 in
1211 525 1290 551 una
1313 513 1385 550 illa
1410 514 1664 553 adnotatione
1690 516 1741 554 ad

185 567 270 606 buc.
294 568 332 617 6,
353 568 404 605 31
433 567 640 605 habentur.
666 567 725 605 Ex
751 568 1075 607 adnotationibus
1100 571 1142 607 in
1167 572 1351 621 georgica
1375 585 1498 610 unum
1518 576 1576 612 est
1595 574 1740 612 Ennia-

185 640 280 665 num
306 627 412 676 quod
429 626 558 665 Probo
585 626 759 675 debetur,
786 627 854 676 qui
876 628 927 665 ad
945 641 975 665 11
997 629 1078 666 506
1106 642 1143 677 p.
1165 629 1232 678 53,
1254 631 1304 667 21
1315 630 1361 667 K.
1381 630 1556 669 Sarrano
1576 633 1742 672 dormiat

185 689 285 724 ostro
304 686 470 724 adnotat
493 687 653 735 Tyriam
664 698 891 734 purpuram
908 687 990 724 vult
1007 688 1173 736 iutelleyi
1190 688 1411 727 Sarranum
1429 693 1584 728 ostrum.
1615 692 1741 740 Tyron

185 747 287 784 enim
310 745 477 784 Sarram
501 746 738 793 appellatam
757 746 952 784 Homerus
977 746 1098 791 doeetr
1116 759 1226 794 quem
1251 750 1365 786 etiam
1391 749 1548 787 Ennius
1571 753 1742 798 sequitur

185 807 378 843 auctorem
409 816 496 843 ewm
527 804 620 843 dicit
642 805 790 842 Poenos
814 803 940 842 Sarra
968 806 1153 843 oriundos
1185 801 1292 859 (31111.
1315 801 1428 859 220).
1468 808 1520 845 Et
1550 808 1596 845 de
1624 808 1741 847 Sarra

185 863 344 913 quidem
375 863 532 902 nomine
564 863 660 912 Tyri
692 862 850 902 Servius
884 877 1039 913 quoque
1071 864 1122 902 ad
1153 865 1318 903 eundem
1351 878 1506 905 versum
1538 867 1742 906 admonuit

183 923 358 961 Enniani
381 935 516 962 versus
542 936 621 961 non
645 935 805 961 memor.

303 982 477 1032 Propero
504 982 555 1020 ad
573 981 831 1031 Macrobium,
858 995 974 1031 quem
998 984 1221 1032 temporum
1246 985 1399 1022 ratione
1424 997 1502 1022 non
1521 987 1741 1034 proximum

184 1054 208 1079 a
234 1041 370 1081 Servio
396 1044 529 1079 tamen
556 1041 605 1079 ab
631 1054 676 1079 00
703 1053 909 1092 segregare
935 1042 1045 1079 nolui
1070 1044 1231 1092 propter
1251 1055 1337 1081 eam
1358 1055 1456 1092 quae
1477 1046 1535 1081 est
1553 1045 1656 1083 inter
1675 1057 1739 1083 eos

184 1100 231 1138 de
256 1101 435 1151 Vergilio
461 1100 718 1139 necessitudo.
757 1099 876 1139 Cuius
904 1102 1040 1150 copiae
1066 1101 1270 1140 Ennianae
1296 1103 1412 1153 longe
1438 1103 1525 1141 istis
1550 1104 1740 1152 interpre-

182 1159 288 1198 tibus
314 1160 557 1211 Vergilianis
589 1161 809 1210 superiores
842 1173 920 1198 non
945 1160 1132 1211 indignae
1164 1163 1256 1200 sunt
1288 1174 1387 1210 quae
1421 1161 1648 1212 diligentius
1680 1175 1741 1200 ex-

182 1221 391 1268 ponantur.
423 1219 588 1257 Initium
614 1221 748 1257 autem
773 1219 876 1257 facio
904 1232 927 1257 a
952 1221 1189 1259 testimoniis
1216 1220 1450 1269 quibusdam
1476 1221 1615 1270 quibus
1640 1221 1741 1259 indi-

183 1280 296 1316 catur
326 1279 511 1317 Enniana
541 1279 622 1316 iam
652 1279 779 1317 videri
811 1279 971 1317 duriora
1004 1292 1122 1328 quam
1162 1292 1261 1329 quae
1299 1280 1360 1317 illi
1398 1280 1553 1318 saeculo
1588 1281 1741 1330 placere

182 1338 345 1387 possint.
376 1338 517 1388 Itaque
544 1334 646 1391 (Sat.
665 1351 680 1376 1
700 1339 738 1387 4,
762 1332 834 1390 17)
862 1338 1032 1387 Servius,
1060 1340 1128 1388 qui
1153 1351 1242 1377 suas
1270 1338 1459 1388 quasdam
1483 1340 1525 1376 in
1551 1352 1595 1377 οο
1623 1340 1740 1378 collo-

185 1398 278 1446 quio
296 1399 429 1447 partes
449 1397 579 1447 habet,
606 1411 694 1436 cum
714 1397 887 1435 Ennium
907 1399 1100 1435 citaturus
1121 1400 1190 1446 est,
1216 1398 1438 1447 praemittit
1456 1398 1551 1435 haec
1571 1398 1740 1444 Ennius,

181 1458 260 1495 uisi
291 1458 354 1495 cui
384 1457 537 1495 videtur
567 1458 668 1496 inter
694 1460 848 1495 nostrae
874 1459 1010 1495 aetatis
1028 1457 1228 1504 politiores
1253 1457 1467 1495 munditias
1491 1457 1740 1505 respuendus,

182 1517 222 1553 et
246 1528 380 1554 rursus
405 1529 447 1555 v1
469 1517 505 1565 3,
528 1518 550 1555 9
578 1516 646 1554 ubi
672 1516 855 1554 Enniana
876 1528 964 1553 cum
982 1515 1223 1566 Vergilianis
1244 1517 1464 1565 composuit
1481 1527 1590 1554 nemo
1610 1528 1654 1555 ecc
1672 1517 1739 1554 hoc

180 1575 274 1613 viles
298 1578 410 1623 putet
437 1578 578 1614 veteres
604 1578 759 1623 poetas,
790 1576 891 1623 quod
921 1587 1054 1614 versus
1086 1587 1216 1613 eorum
1245 1576 1374 1614 scabri
1403 1576 1513 1613 nobis
1543 1576 1742 1613 videntur.-

181 1634 245 1672 ille
270 1636 371 1673 enim
395 1635 508 1673 stilus
528 1635 709 1673 Enniani
733 1635 879 1673 saeculi
904 1635 1066 1673 auribus
1091 1635 1196 1672 solus
1213 1635 1394 1682 placebat
1412 1637 1446 1672 et
1463 1635 1533 1672 diu
1551 1635 1742 1673 laboravit

182 1696 288 1731 aetas
311 1696 442 1732 secuta
465 1697 509 1732 ut
535 1696 661 1743 mayis
691 1695 780 1732 huie
810 1694 978 1732 molliori
1007 1694 1074 1741 filo
1106 1694 1429 1742 adquiesceretur3
1461 1693 1628 1742 denique
1654 1692 1740 1731 Ser-

181 1753 268 1791 vius
296 1753 363 1802 qui
384 1754 589 1802 quaerenti
608 1753 761 1791 Avieno
783 1748 844 1807 (v1
866 1754 887 1790 7
905 1747 976 1806 in.)
1002 1765 1259 1802 responsurus
1279 1755 1338 1791 est
1356 1765 1397 1792 v1
1419 1754 1456 1800 9,
1478 1753 1501 1790 9
1523 1753 1568 1791 de
1586 1754 1741 1790 incuria

180 1813 316 1851 veteris
341 1812 510 1851 lectionis
537 1812 807 1861 conqueritur:
831 1824 926 1850 riam
951 1813 1045 1860 quia
1068 1813 1265 1850 saeculum
1288 1815 1463 1850 nostrum
1488 1812 1537 1850 ab
1557 1811 1688 1849 Ennio
1708 1814 1742 1849 et

181 1873 286 1910 omui
311 1872 534 1910 bibliotheca
558 1875 679 1910 vetere
704 1872 872 1916 descivit,
896 1872 1019 1909 multa
1043 1873 1268 1919 iquoramus
1294 1883 1392 1919 quae
1415 1882 1493 1908 non
1518 1871 1678 1909 laterent
1706 1871 1742 1908 si

179 1933 349 1969 veterum
374 1931 481 1970 lectio
505 1932 616 1969 nobis
643 1934 737 1970 esset
760 1931 986 1979 familiaris.

300 1990 484 2028 Enniana
510 1992 643 2028 autem
668 1990 774 2039 apud
798 1989 1043 2028 Macrobium
1068 1990 1127 2027 ita
1152 1989 1363 2027 distributa
1389 1991 1491 2037 sunt,
1525 1990 1570 2025 ut
1594 1989 1636 2026 in
1660 1988 1740 2037 pri-

181 2049 313 2087 oribus
340 2048 612 2088 Saturnalium
643 2049 755 2087 libris
786 2061 914 2098 pauca
945 2049 1112 2098 sparsim
1137 2050 1425 2097 proponantur,
1454 2047 1563 2086 velut
1588 2059 1602 2084 1
1623 2047 1661 2095 4,
1684 2048 1736 2084 17

180 2107 278 2146 duos
308 2121 444 2147 versus
470 2109 591 2146 Ennii
623 2107 670 2145 de
701 2108 830 2145 forma
857 2109 970 2145 noctu
996 2106 1152 2144 exhibet
1177 2108 1282 2145 solus
1309 2102 1419 2159 (nam
1446 2104 1642 2144 Osbernus
1668 2117 1738 2144 sua

180 2180 226 2204 ex
244 2167 445 2205 Macrobio
472 2161 695 2219 excerpsit),
722 2178 810 2204 cum
834 2167 894 2203 ita
918 2165 1055 2204 scribit
1080 2165 1238 2203 Ennius
1265 2162 1391 2203 ‘noctu
1416 2161 1614 2203 concubia'
1642 2164 1741 2202 dixit

179 2226 240 2264 his
264 2227 439 2264 versibus
465 2222 557 2274 ‘qua
583 2225 690 2264 Galli
714 2222 865 2273 furtim'
894 2236 978 2273 eqs;
1004 2235 1077 2272 quo
1101 2226 1145 2262 iu
1170 2225 1248 2262 loeo
1274 2224 1332 2261 ait
1356 2223 1739 2262 animadvertendum

180 2288 234 2324 est
257 2297 336 2323 riori
360 2285 485 2323 solum
510 2285 610 2333 quod
637 2281 764 2322 ‘noctu
789 2280 987 2322 concubia'
1014 2283 1081 2321 sed
1105 2283 1206 2331 quod
1230 2284 1345 2321 etiam
1371 2280 1463 2331 ‘qua
1487 2279 1614 2321 noctu’
1635 2282 1738 2320 dixe-

178 2346 232 2383 rit
257 2339 382 2397 (quod
406 2357 543 2383 verum
567 2356 647 2382 non
672 2356 754 2381 esse
780 2343 830 2381 ad
854 2354 988 2381 versus
1014 2343 1120 2391 ipsos
1146 2337 1367 2395 adnotavi),
1396 2344 1430 2380 et
1453 2342 1521 2380 hoc
1539 2342 1673 2389 posuit
1695 2343 1738 2379 in

181 2405 388 2442 annalium
406 2405 565 2452 septimo
586 2397 741 2455 (quarto
762 2398 823 2454 [v]
845 2404 889 2439 ut
908 2402 1007 2439 mihi
1025 2402 1154 2439 visum
1174 2395 1264 2453 est),
1288 2403 1331 2439 iu
1350 2412 1513 2449 quorum
1532 2402 1639 2439 tertio
1661 2395 1737 2451 [vi]

181 2463 327 2502 clarius
352 2464 454 2502 idem
479 2463 578 2501 dimit
598 2459 684 2501 ‘hac
707 2465 821 2500 noctu
845 2457 926 2508 filo’
954 2472 1032 2510 eqs.
1060 2461 1113 2498 Et
1130 2473 1177 2498 111
1200 2462 1266 2508 12,
1287 2461 1310 2498 8
1333 2472 1421 2498 011111
1441 2460 1487 2498 de
1506 2461 1626 2508 festra
1644 2470 1738 2497 voce

181 2534 204 2560 a
229 2520 436 2572 Gniphone
461 2522 658 2571 explicata
683 2521 780 2559 dicit
803 2521 877 2558 hoc
903 2519 1015 2557 addit
1039 2530 1080 2558 eo
1104 2520 1217 2558 verbo
1243 2521 1357 2557 etiam
1382 2519 1540 2557 Ennius
1563 2529 1658 2556 usus
1684 2519 1737 2555 est

181 2575 274 2633 (inc.
291 2576 384 2635 29),
411 2581 578 2630 denique
599 2580 735 2619 eodem
754 2580 856 2617 libro
879 2580 945 2628 13,
962 2579 1014 2617 13
1043 2591 1131 2616 011111
1149 2579 1254 2617 inter
1273 2578 1404 2616 edulia
1416 2589 1581 2626 porcum
1603 2577 1736 2614 Troia-

181 2652 277 2678 num
301 2643 488 2689 recenset,
516 2654 631 2690 quem
659 2652 735 2688 quo
763 2639 933 2676 nominis
959 2638 1061 2676 ratio
1088 2639 1241 2676 constet
1265 2637 1323 2675 ita
1349 2636 1534 2675 describit
1558 2635 1647 2673 aliis
1676 2636 1735 2671 in-

180 2699 296 2737 clusis
322 2700 559 2738 animalibus
581 2699 801 2748 yravidum,
826 2701 869 2735 ut
892 2698 957 2736 ille
979 2698 1173 2735 Troianus
1200 2708 1317 2745 equus
1338 2693 1538 2744 ‘yravidus
1557 2689 1733 2731 armatis’

178 2759 273 2806 fuit,
305 2760 429 2797 sciens
462 2759 512 2796 ad
543 2771 631 2796 eum
662 2770 818 2796 versum
848 2756 1064 2795 Alexandri
1089 2752 1152 2807 [x]
1182 2756 1386 2793 Ennianae
1418 2752 1587 2800 adludit,
1620 2763 1735 2799 quem

179 2818 264 2866 ipse
290 2817 388 2855 alibi
413 2812 475 2871 (Ἦ
498 2819 533 2866 2,
556 2812 629 2870 25)
658 2817 819 2867 plenum
844 2815 1072 2865 perscripsit
1098 2812 1206 2853 ‘uam
1230 2815 1398 2853 maximo
1418 2812 1521 2850 saltu
1538 2809 1736 2858 superabit

176 2877 366 2925 yravidus
385 2879 548 2915 armatis
569 2872 702 2924 equus'
726 2888 804 2925 eqs.
832 2875 939 2921 Quae
958 2888 1051 2914 vero
1071 2887 1097 2913 v
1120 2876 1185 2923 17,
1201 2874 1224 2911 5
1245 2872 1381 2911 scribit
1399 2872 1454 2909 ita
1466 2881 1542 2918 pro
1560 2879 1648 2907 vero
1660 2879 1734 2915 per

249 2948 401 2975 Emuns
420 2948 466 2976 ed.
486 2949 613 2975 Vahlen.
1499 2934 1523 2968 h
