2054 3282
2040 0 2054 58 ..4111

356 186 410 228 76
879 178 1140 214 ANNALIUM
1163 177 1252 213 Lm.
1271 176 1358 212 xvi

1102 295 1152 330 XI

352 363 433 404 421
469 360 584 412 Quos
615 360 689 402 ubi
720 374 794 401 rex
824 359 950 413 epulo
983 357 1124 412 spexit
1154 357 1205 399 de
1236 356 1405 399 cotibus
1437 357 1564 400 celsis

1093 467 1161 502 ΧΠ

351 532 437 574 422
470 530 551 581 Qui
584 531 741 572 clamos
774 529 1063 586 oppugnantis
1093 542 1251 585 vagore
1282 529 1446 571 volanti

1082 639 1167 674 XII]

98 703 321 770 335?ssssinAE
352 705 438 746 423
469 703 637 745 Primus
669 717 795 744 senex
826 702 981 756 bradys
1011 701 1056 744 in
1086 701 1276 758 regimen
1306 701 1493 756 bellique
1523 701 1685 757 peritus

115 785 306 812 GERENDO

131 833 153 851 x
156 832 290 851 1111111

1087 806 1172 841 XIV

347 869 434 911 424
466 867 707 910 «Aestatem
740 871 969 910 autumnus
1001 868 1208 923 sequitur,
1238 871 1339 924 post
1368 882 1463 911 acer
1494 867 1659 923 hiemps
1685 868 1720 910 it

463 996 513 1031 XI
533 998 628 1043 (421)
659 997 790 1032 Festus
809 1009 844 1042 p.
860 1000 941 1040 490,
957 1000 999 1032 31
1015 997 1081 1031 Th.
1105 997 1238 1042 ‘spicit
1256 1008 1403 1042 quoque
1424 997 1502 1033 sine
1515 996 1792 1042 praepositione
1807 996 1908 1032 dixe-

348 1052 433 1085 runt
447 1050 610 1095 antiqui.
626 1079 631 1084 .
646 1079 652 1084 .
666 1051 703 1085 et
717 1051 846 1095 spexit.
862 1050 1003 1085 Ennius
1016 1050 1040 1085 1.
1052 1064 1114 1086 xw
1128 1062 1239 1096 «quos
1251 1051 1316 1086 ubi
1330 1062 1395 1087 rex
1403 1051 1535 1098 slssoulo
1549 1050 1671 1096 spexit
1684 1050 1730 1085 de
1743 1050 1909 1086 coutibus

348 1103 504 1139 celsis».'
579 1103 697 1139 Varro
718 1104 764 1139 de
783 1104 806 1138 l.
822 1104 859 1138 L.
875 1117 912 1139 v1
932 1107 977 1138 82
994 1104 1183 1149 ‘spectare
1203 1104 1344 1139 dictum
1365 1104 1412 1139 ab
1433 1104 1587 1149 antiquo
1608 1114 1680 1148 quo
1702 1103 1816 1138 etiam
1834 1103 1909 1138 En-

345 1157 429 1192 nius
448 1168 536 1191 usus
556 1168 639 1193 «vos
658 1159 763 1202 epulo
777 1161 972 1203 postquam
992 1158 1164 1202 spexit».'

462 1210 528 1244 XII
543 1212 637 1256 (422)
663 1211 794 1246 Festus
809 1221 853 1246 ex
867 1222 992 1257 apogr.
1004 1211 1068 1246 lib.
1079 1224 1126 1245 xx
1135 1223 1171 1256 p.
1185 1214 1263 1254 570,
1273 1214 1293 1246 8
1305 1211 1371 1245 Th.
1382 1223 1418 1256 p.
1431 1214 1474 1246 81
1487 1210 1707 1246 Mommseni
1720 1210 1908 1255 ‘vagorem

348 1275 415 1308 pro
435 1263 563 1308 vagitu
576 1263 718 1298 Ennius
737 1264 759 1298 1.
775 1264 939 1309 xv1«qui
959 1264 1097 1299 clamos
1118 1265 1184 1310 (sic
1196 1264 1280 1299 Vat.
1295 1264 1318 1298 S
1338 1265 1482 1300 Leid.Y
1502 1263 1721 1299 Mommseni
1741 1263 1908 1298 clamor

344 1317 427 1352 Vat.
443 1317 487 1361 R)
504 1345 509 1351 .
528 1346 533 1351 .
549 1317 741 1353 volanti»)
762 1317 900 1352 Paulus
923 1318 1117 1363 ‘vagorem
1136 1330 1203 1363 pro
1222 1318 1353 1364 vagitu
1371 1318 1513 1353 Ennius
1531 1318 1685 1363 posuit?

462 1370 545 1404 XHI
564 1372 660 1416 (423)
691 1371 823 1406 Festus
843 1384 878 1416 p.
895 1375 974 1414 386,
989 1375 1012 1406 4
1026 1371 1091 1406 Th.
1110 1372 1296 1417 ‘regimen
1315 1384 1382 1417 pro
1402 1372 1608 1417 regimento
1621 1372 1805 1416 usurpant
1819 1381 1907 1417 poe-

345 1425 415 1458 tae.
437 1423 578 1458 Ennius
597 1424 619 1458 l.
636 1438 697 1459 xm
718 1424 881 1470 «primus
903 1436 929 1459 s.
944 1425 1089 1472 bradsyu
1104 1454 1110 1459 .
1128 1454 1134 1460 .
1152 1454 1158 1459 .
1180 1425 1372 1470 peritus».'

460 1477 544 1512 XIV
558 1479 653 1523 (424)
679 1478 892 1513 Priscianus
905 1491 928 1513 v
941 1491 975 1524 p.
993 1482 1071 1522 153,
1084 1482 1105 1513 9
1119 1479 1163 1513 Η.
1182 1479 1192 1496 ‘
1203 1490 1287 1514 acer
1301 1481 1338 1514 et
1354 1479 1478 1514 alacer
1493 1479 1530 1514 et
1545 1478 1694 1514 saluber
1711 1480 1749 1514 et
1762 1478 1907 1514 celeber

344 1530 510 1575 quamvis
531 1531 625 1566 acris
646 1532 684 1567 et
703 1531 838 1566 alacris
858 1532 1076 1577 plerumque
1095 1532 1239 1567 faciant
1258 1534 1296 1568 et
1315 1532 1474 1567 salubris
1489 1533 1527 1567 et
1540 1531 1696 1567 celebris
1715 1531 1905 1576 feminina,

343 1584 382 1618 in
400 1585 559 1628 utraque
583 1586 710 1620 tamen
734 1585 998 1621 terminatione
1018 1585 1222 1620 communis
1248 1586 1363 1621 etiam
1388 1585 1535 1631 generis
1561 1585 1800 1620 inveniuntur
1822 1596 1907 1630 pro-

343 1637 431 1672 lata.
448 1666 454 1671 .
472 1666 478 1671 .
495 1666 501 1671 .
517 1637 659 1673 Ennius
675 1638 716 1673 in
728 1651 789 1673 xvi
805 1640 1010 1675 «aestatem
1029 1642 1228 1674 autumnus
1246 1640 1410 1684 sequi-tur
1423 1642 1508 1684 post
1520 1649 1551 1673 a.
1567 1638 1686 1673 hiems
1700 1637 1905 1683 (hiemps)».

343 1689 442 1725 idem
461 1690 500 1725 in
518 1704 570 1725 x11
590 1691 663 1737 [1].’
763 1691 909 1726 Servius
932 1691 971 1726 in
990 1691 1080 1726 Aen.
1095 1705 1132 1726 VI
1147 1695 1215 1726 685
1232 1692 1290 1726 ‘et
1310 1692 1501 1727 sciendum
1520 1691 1694 1735 antiquos
1715 1692 1752 1726 et
1772 1690 1907 1726 alacris

344 1745 381 1778 et
400 1743 523 1779 alacer
542 1746 580 1779 et
599 1744 694 1779 acris
714 1746 752 1780 et
771 1756 855 1780 acer
877 1746 956 1780 tam
976 1745 1022 1780 de
1047 1745 1254 1780 masculino
1274 1756 1388 1790 quam
1411 1745 1457 1780 de
1483 1744 1662 1780 feminino
1689 1754 1824 1788 genere
1850 1744 1906 1780 di-

343 1796 449 1831 xisse.
476 1809 574 1832 nunc
598 1798 805 1833 masculino
830 1800 1029 1842 utrumque
1055 1798 1197 1842 damus,
1218 1798 1264 1834 de
1290 1798 1469 1833 feminino
1490 1798 1613 1833 alacer
1633 1799 1671 1833 et
1697 1807 1782 1832 acer
1799 1809 1906 1832 num-

344 1861 455 1894 quam
481 1851 648 1894 dicimus,
669 1851 759 1887 licet
783 1852 925 1886 Ennius
952 1852 1088 1886 dixerit
1113 1853 1320 1888 «aestatem
1339 1856 1542 1887 autumnus
1555 1855 1640 1896 post
1658 1861 1743 1886 acer
1761 1850 1906 1896 hiemps

345 1904 486 1950 (hiems)
506 1904 538 1939 it
557 1904 624 1950 (sic
645 1904 761 1940 Carol.
783 1905 893 1951 Sang.
915 1905 1012 1940 Mon.
1036 1905 1095 1940 sit
1119 1905 1309 1951 reliqui)»;
1335 1916 1423 1940 nam
1447 1905 1535 1940 inde
1561 1906 1617 1940 est
1637 1904 1786 1939 alacer.’

343 1956 496 2001 Explan.
511 1957 550 1992 in
570 1958 703 1993 Donat.
725 1958 764 1993 Gr.
782 1959 819 1992 L.
835 1958 877 1993 K.
893 1972 930 1994 1v
948 1971 984 2003 p.
999 1961 1080 2002 491,
1095 1962 1139 1993 26
1162 1958 1375 2003 ‘quaeritur
1399 1959 1525 1993 utrum
1551 1958 1646 1993 acris
1671 1958 1838 1993 dicamus
1858 1969 1907 1993 an

344 2021 442 2045 acer:
474 2011 616 2046 Ennius
648 2012 747 2047 enim
773 2011 868 2047 dixit
896 2013 1004 2057 «post
1028 2022 1113 2047 acer
1131 2012 1284 2056 hiems»,
1305 2012 1396 2047 item
1417 2011 1587 2057 (fortasse
1606 2011 1750 2046 hiems
1769 2011 1823 2055 it,
1845 2012 1906 2057 et)

343 2063 519 2099 Horatius
540 2066 583 2110 (0.
598 2078 611 2099 1
625 2069 658 2109 3,
675 2067 708 2111 1)
723 2065 902 2102 «solvitur
922 2065 1017 2100 acris
1036 2065 1206 2102 hiems».’

463 2202 544 2239 421
566 2203 734 2252 populos
755 2203 896 2241 conieci
914 2203 1026 2248 olium
1046 2202 1176 2252 Epulo
1197 2202 1392 2250 Bequius
1411 2213 1496 2250 opp.
1517 2214 1532 2239 1
1544 2214 1586 2249 p.
1607 2209 1686 2248 252
1709 2213 1776 2249 sq„
1796 2211 1907 2249 quem

346 2271 424 2298 esse
450 2261 610 2299 eundem
634 2262 717 2299 vult
740 2274 827 2300 cwm
847 2273 887 2299 eo
907 2273 1018 2309 quem
1037 2261 1179 2299 Livius
1193 2256 1281 2314 (xm
1307 2271 1320 2296 1
1337 2271 1370 2305 1,
1391 2255 1432 2313 1)
1453 2260 1605 2310 Aepulo
1627 2255 1701 2313 (sie
1719 2255 1819 2313 eod.)
1839 2272 1907 2309 ap-

338 2319 462 2367 pellat
480 2332 556 2368 quo
577 2332 617 2358 se
636 2321 833 2370 principes
853 2320 1082 2359 Histrorum
1101 2322 1141 2358 et
1159 2321 1318 2371 regulus
1337 2321 1421 2370 ipse
1441 2320 1595 2370 Aepulo
1615 2321 1838 2370 receperat,·
1862 2330 1906 2358 ex

346 2389 459 2426 eoque
482 2377 629 2417 Florus
654 2393 668 2416 1
691 2378 742 2416 26
765 2375 814 2432 (11
841 2374 923 2432 ιο),
942 2389 964 2426 3
986 2381 1071 2429 ipse
1096 2392 1164 2417 rex
1182 2379 1336 2429 Aepulo
1358 2374 1496 2432 (apulo
1522 2373 1653 2431 libri),·
1676 2379 1778 2417 idem
1799 2378 1904 2417 Lud.

346 2436 524 2475 Havetus
550 2439 729 2477 l’histoire
748 2439 938 2477 Romame
962 2440 1063 2478 daus
1088 2440 1122 2477 le
1145 2439 1299 2478 dernier
1325 2440 1416 2477 tiers
1434 2439 1501 2477 des
1520 2439 1684 2477 annales
1706 2438 1905 2476 d’Euuius

348 2495 613 2544 (bibliotheque
638 2498 683 2536 de
709 2497 831 2536 I'e'eole
856 2499 922 2537 des
945 2499 1080 2537 hautes
1106 2497 1235 2536 e‘tudes
1260 2498 1356 2544 fase.
1376 2509 1497 2542 xxxv,
1517 2497 1636 2536 Paris
1661 2494 1769 2544 1878
1783 2509 1825 2545 p.
1850 2505 1898 2533 21

346 2554 467 2603 sqq.);
487 2558 619 2594 eontra
643 2569 737 2603 quos
761 2557 843 2596 dixi
867 2558 911 2595 in
936 2559 1032 2595 actis
1058 2558 1166 2596 acad.
1188 2569 1223 2595 a.
1246 2553 1353 2593 1886
1375 2556 1397 2604 (
1402 2548 1460 2594 ‘U
1461 2557 1525 2594 ber
1549 2557 1611 2594 die
1630 2554 1815 2593 Auualen
1839 2556 1906 2594 des

346 2610 540 2662 Ennius')
553 2626 595 2663 p.
608 2613 659 2651 28
675 2627 751 2664 sqq.
768 2618 802 2654 et
820 2627 884 2664 eqo
900 2628 982 2655 rem
999 2627 1078 2655 mm
1096 2628 1174 2655 ωηο
1192 2617 1347 2654 nomine
1365 2616 1573 2654 admodum
1592 2615 1753 2653 dubiam
1770 2616 1813 2653 iu
1828 2626 1904 2653 me-

347 2675 410 2712 dio
427 2675 603 2722 relinquo
728 2675 908 2713 cautibus
929 2676 1136 2720 edideram,
1158 2675 1309 2714 cotibus
1330 2686 1416 2713 cum
1435 2675 1525 2713 aliis
1543 2674 1682 2712 maluit
1696 2673 1903 2722 Berykius,

349 2732 548 2772 montibus
574 2734 665 2771 olim
682 2733 831 2772 Laetus
951 2736 1035 2772 422
1058 2735 1224 2773 clamos:
1245 2735 1338 2772 conl.
1361 2733 1598 2782 Quintiliano
1618 2745 1633 2770 1
1656 2741 1756 2781 4,13
1777 2732 1904 2770 Lach-

347 2804 518 2831 masrmus
543 2793 595 2831 ad
616 2792 734 2831 Lucr.
755 2805 798 2831 v1
823 2790 934 2829 1260
1060 2795 1145 2832 423
1174 2793 1319 2832 bradus
1344 2793 1522 2836 Merula,
1546 2791 1692 2841 bradys
1714 2791 1757 2829 0.
1777 2791 1905 2829 Muel-

348 2852 473 2897 lerus‚·
492 2854 656 2891 ceterum
673 2853 795 2890 oratu)
807 2853 948 2900 proba,
962 2853 1009 2891 de
1027 2865 1105 2901 qua
1124 2853 1210 2891 vide
1232 2855 1319 2891 acta
1338 2853 1447 2891 acad.
1461 2863 1491 2890 s.
1507 2863 1534 2889 c.
1543 2863 1585 2899 p.
1598 2859 1648 2899 27
1755 2851 1840 2888 424
1859 2849 1905 2887 fit

346 2909 557 2949 Fabricius
