2020 3334
375 182 404 216 L
926 183 953 219 I.
980 183 1208 219 HISTORIA
1232 184 1368 220 ENNII

373 305 508 333 versus
539 295 588 333 ab
618 295 670 332 iis
701 294 907 333 admisceri
937 296 1116 334 orationi.
1170 294 1222 334 A.
1245 295 1308 335 Ac
1335 297 1476 335 multos
1505 297 1661 346 quidem
1692 309 1718 336 a
1749 296 1942 346 Dionysio

374 355 501 392 stoico.
545 354 605 391 M.
629 353 754 392 Pr0be
790 353 909 392 dicis:
951 355 1018 392 sed
1053 356 1088 392 is
1131 357 1246 403 quasi
1287 355 1450 404 dictata,
1484 357 1593 395 nullo
1630 357 1787 401 dilectu,
1828 357 1942 395 nulla

375 413 580 462 eleqantia,
609 412 722 451 Philo
754 415 788 451 et
810 414 975 461 proprio
1004 425 1166 452 numero
1197 417 1232 453 et
1261 414 1356 453 lecta
1379 418 1563 463 poemata
1594 418 1628 454 et
1651 417 1731 455 loco
1756 416 1942 465 adiunye-

374 472 449 510 bat.
494 472 633 520 Itaque
663 474 872 520 postquam
909 473 1095 511 adamavi
1132 474 1233 512 hanc
1269 475 1384 521 quasi
1418 475 1578 513 senilem
1613 475 1941 520 declamationem,

372 531 541 569 studiose
572 531 746 579 equidem
776 534 864 569 utor
893 533 1036 570 nostris
1059 534 1197 580 poetis,
1230 533 1297 571 sed
1327 534 1451 571 sicubi
1481 534 1543 572 illi
1572 534 1808 583 defecerunt,
1844 536 1942 573 verti

374 591 490 629 etiam
526 590 650 629 multa
687 590 734 629 de
766 590 945 636 Graecis,
981 603 1030 630 ne
1066 603 1140 639 quo
1177 595 1401 631 ornamento
1431 594 1476 631 in
1505 593 1574 632 hoc
1601 604 1738 642 yenere
1767 594 1942 641 disputa-

372 651 489 688 tionis
521 652 668 688 careret
691 649 843 688 Latina
874 652 1009 688 oratio.

492 708 747 759 Tragoediae,
779 722 877 758 quas
910 709 1070 759 quidem
1101 711 1282 759 apertum
1313 711 1366 749 sit
1398 710 1447 749 ab
1478 723 1523 749 eo
1555 711 1698 760 afferri,
1733 712 1826 749 sunt
1855 711 1942 759 hae,

376 767 551 817 Alcmeo,
576 767 811 817 Alexander,
835 768 1125 817 Andromacha,
1150 769 1324 818 Hecuba,
1349 769 1569 821 Iphigenia,
1593 770 1743 819 Medea,
1768 770 1941 819 Telamo,

373 827 574 876 Thyestes.
625 827 729 865 Nam
761 828 936 866 citantur
967 829 1064 866 satis
1096 829 1213 866 multi
1240 841 1375 867 versus
1411 824 1539 882 (velut
1569 830 1612 866 in
1637 824 1811 882 officiis),
1842 841 1940 878 quos

374 887 547 924 scenicos
585 899 668 924 esse
700 888 740 924 et
775 888 949 938 tragicos
981 887 1108 925 forma
1139 889 1180 925 et
1210 900 1346 926 sensus
1379 888 1666 937 demonstrant,
1707 889 1772 937 qui
1807 890 1940 927 tamen

375 945 518 994 quibus
550 946 766 996 tragoediis
798 946 1001 984 tribuendi
1032 947 1113 984 sint
1144 948 1250 985 certo
1282 947 1374 985 sciri
1405 959 1484 985 non
1521 949 1662 997 potest.
1706 946 1811 992 Quas
1847 960 1940 986 vero

371 1004 597 1055 tragoedias
629 1005 779 1054 laudat,
811 1018 900 1043 raro
927 1006 1047 1043 Ennii
1079 1018 1220 1043 nomen
1252 1005 1375 1055 addit,
1407 1006 1513 1055 quod
1544 1018 1642 1055 opus
1674 1018 1752 1044 non
1784 1008 1869 1044 erat
1898 1007 1941 1043 in

372 1063 517 1102 fabulis
550 1077 648 1113 quas
680 1077 794 1102 nemo
827 1067 912 1103 erat
937 1066 1034 1114 quin
1060 1065 1107 1103 de
1133 1077 1249 1103 scena
1275 1066 1454 1116 cognitas
1479 1065 1652 1103 haberet.
1696 1065 1787 1103 Non
1811 1066 1940 1115 magis
1974 1092 1976 1094 -

371 1135 460 1161 cum
491 1123 707 1174 tragoediis
739 1125 867 1162 utitur
898 1137 1033 1162 earum
1058 1125 1198 1163 titulos
1225 1124 1426 1173 adscribit,
1457 1124 1525 1162 sed
1551 1125 1728 1174 appellat
1752 1136 1940 1173 personas

372 1195 540 1232 quarum
565 1182 696 1235 ῥήσεις
723 1183 893 1233 adhibet,
920 1184 1031 1222 velut
1055 1196 1133 1221 non
1158 1183 1427 1222 Alexandrum
1453 1183 1551 1221 dicit
1576 1183 1643 1222 sed
1667 1182 1940 1231 Cassandram,

372 1254 473 1291 quae
513 1243 572 1280 est
602 1243 644 1279 in
676 1242 913 1291 Alexandro,
953 1244 992 1281 et
1029 1255 1118 1280 cum
1156 1243 1254 1281 dicit
1283 1242 1555 1291 Alcmeonem,
1591 1243 1788 1291 Medeam,
1827 1243 1939 1280 Tela—

375 1314 544 1350 monem,
571 1301 783 1350 Thyestem
808 1314 887 1339 non
912 1302 1137 1352 tragoedias
1164 1302 1231 1340 sed
1257 1314 1444 1351 personas
1469 1302 1661 1352 intelligit
1687 1314 1787 1350 quae
1806 1303 1940 1350 partes

374 1361 522 1409 primas
554 1362 595 1397 in
627 1361 689 1398 his
721 1361 936 1411 tragoediis
969 1363 1104 1411 agunt.
1154 1361 1302 1399 Versus
1335 1363 1469 1399 autem
1504 1374 1592 1399 cum
1625 1361 1752 1409 affert,
1784 1362 1940 1398 cantica

370 1420 617 1468 praesertim,
648 1421 698 1457 iis
730 1420 857 1457 modis
890 1419 1004 1458 affert
1035 1432 1134 1469 quos
1166 1421 1323 1469 saepius
1355 1422 1434 1458 iam
1467 1419 1705 1471 significavi,
1742 1422 1788 1458 ut
1820 1420 1940 1457 Ennii

370 1478 492 1517 verba
522 1491 601 1517 non
632 1479 790 1529 integra
820 1479 956 1517 tradat
987 1479 1054 1517 sed
1085 1481 1243 1517 tantum
1275 1479 1423 1517 delibet
1453 1481 1647 1529 quantum
1672 1480 1768 1518 satis
1794 1480 1848 1517 sit
1872 1479 1939 1517 ad·

370 1538 556 1576 monendi
587 1550 722 1586 causa,
767 1540 806 1576 et
844 1551 960 1588 saepe
1000 1540 1140 1588 poetae
1183 1538 1304 1577 verba
1347 1539 1428 1577 31113
1472 1551 1659 1577 enarrans
1703 1539 1938 1577 sententiam

371 1597 553 1635 declaret.
597 1597 751 1635 Horum
787 1597 913 1648 igitur
954 1610 1055 1646 quae
1092 1598 1179 1636 dico
1216 1610 1344 1647 pauca
1379 1610 1525 1647 ponam
1563 1598 1759 1647 exempla,
1803 1599 1843 1635 et
1879 1598 1938 1634 in-

370 1657 516 1705 cipiam
543 1656 591 1695 ab
617 1656 841 1705 Alcmeone,
873 1670 991 1706 quem
1016 1657 1127 1695 Enni
1151 1655 1397 1695 Alcmeonem
1428 1657 1526 1695 dicit
1551 1656 1598 1694 de
1623 1656 1688 1694 fin.
1714 1669 1755 1695 rv
1782 1657 1849 1706 23,
1871 1657 1939 1704 62,

366 1715 418 1753 de
451 1728 528 1764 quo
561 1728 648 1753 cum
682 1716 790 1764 alibi,
821 1718 909 1753 tum
939 1717 1191 1765 potissimum
1216 1717 1258 1753 in
1289 1715 1455 1754 Lucullo
1489 1710 1577 1768 (28,
1599 1711 1674 1769 89)
1708 1715 1801 1766 agit.
1836 1715 1939 1764 Quid

369 1776 451 1822 ipse
481 1774 639 1813 Alcmeo
676 1778 783 1819 tuus,
820 1777 887 1823 qui
923 1778 1038 1824 neyat
1069 1771 1149 1813 ‘cor
1179 1776 1254 1813 sibi
1289 1787 1375 1813 cum
1406 1776 1527 1813 oculis
1559 1771 1784 1813 consentire’
1816 1769 1938 1827 (quae

370 1835 569 1872 sententia
600 1847 720 1883 supra
754 1836 828 1885 17,
850 1835 903 1872 52
938 1836 978 1872 et
1010 1836 1083 1883 27,
1105 1835 1159 1872 88
1200 1834 1325 1872 allata
1356 1829 1479 1887 erat),
1515 1846 1642 1872 nonne
1679 1834 1821 1872 ibidem
1852 1830 1937 1885 [111]

369 1894 526 1931 incitato
557 1895 691 1941 furore
723 1890 841 1932 ‘unde
871 1894 964 1932 haec
993 1894 1156 1940 flamma
1192 1890 1359 1932 or·itur.9’
1392 1897 1426 1931 et
1464 1894 1535 1931 illa
1573 1894 1750 1941 deinceps
1780 1889 1938 1937 ‘inceda

368 1953 516 1997 incede,
560 1953 721 1997 adsunt,
761 1965 820 1991 me
862 1949 1064 2000 expetunt'.
1116 1953 1218 2001 Quid
1254 1965 1341 1991 cum
1378 1954 1542 2001 virqinis
1581 1953 1698 2000 pidem
1737 1953 1939 2000 implorat:

370 2007 445 2059 ‘fer
481 2013 537 2050 mi
568 2013 779 2056 auoeilium,
810 2015 956 2059 pestem
987 2013 1097 2061 abiye
1128 2024 1154 2050 a
1183 2024 1259 2056 me,
1291 2013 1569 2060 flammiferam
1599 2013 1699 2050 hamc
1729 2013 1808 2049 vim
1839 2023 1938 2059 quae

370 2082 430 2109 me
467 2073 671 2110 eoecruciat.
718 2071 908 2109 Caerulea
944 2073 1133 2110 incinctae
1171 2072 1292 2120 anqui
1329 2071 1527 2115 incedunt,
1564 2072 1814 2109 circumstant
1850 2082 1936 2108 cum

371 2130 596 2168 ardentibus
628 2126 778 2175 taedis’‚
809 2143 905 2168 num
930 2131 1085 2169 dubitas
1111 2133 1205 2179 quin
1229 2131 1305 2168 sibi
1329 2131 1422 2168 leaeo
1448 2130 1576 2168 videre
1600 2127 1789 2168 videatur.
1821 2129 1936 2167 Item-

369 2201 440 2236 que
478 2193 600 2228 cetera
639 2186 818 2228 ‘intendit
855 2192 1018 2228 crinitus
1058 2189 1200 2237 Apollo
1238 2201 1374 2228 arcum
1411 2192 1595 2227 auratum
1632 2190 1728 2227 luna
1764 2190 1936 2233 innixus,

371 2248 510 2286 Diana
553 2250 678 2296 facem
720 2251 815 2287 iacit
857 2262 882 2287 a
925 2246 1063 2287 laeva?
1110 2249 1185 2298 Qui
1227 2250 1353 2297 mayis
1389 2249 1482 2287 haec
1525 2249 1691 2287 crederet
1727 2250 1764 2286 si
1804 2250 1936 2292 essent,

369 2320 487 2355 quam
519 2308 704 2352 credebat,
736 2310 830 2356 quia
860 2309 1101 2346 videbantur.
1133 2307 1311 2356 Apparet
1342 2309 1443 2346 enim
1473 2309 1554 2345 iam
1588 2303 1667 2345 ‘cor
1697 2320 1784 2346 cum
1815 2307 1936 2345 oculis

369 2363 606 2405 consentire?
649 2367 790 2405 Omnia
822 2371 949 2406 autem
979 2369 1071 2406 haec
1095 2369 1365 2416 proferuntur,
1401 2370 1444 2404 ut
1480 2367 1581 2404 illud
1619 2367 1825 2414 efficiatur,
1862 2378 1935 2413 quo

369 2428 509 2464 certius
539 2427 639 2464 nihil
662 2429 788 2474 potest
818 2438 909 2471 esse,
939 2428 1039 2465 inter
1069 2428 1157 2465 visa
1186 2438 1280 2465 vera
1311 2429 1345 2464 et
1367 2426 1474 2473 falsa
1501 2426 1554 2463 ad
1579 2427 1703 2463 animi
1728 2425 1935 2463 adsensum

369 2486 470 2523 nihil
500 2487 691 2524 interesse.
723 2486 834 2524 Dicit
863 2487 949 2535 ipse
980 2486 1077 2535 quid
1108 2487 1150 2523 in
1176 2498 1248 2524 sua
1278 2485 1546 2535 disputatione
1579 2483 1730 2522 efficere
1762 2484 1860 2522 velit
1884 2484 1934 2522 iis

371 2556 471 2593 quae
513 2557 536 2582 a
573 2546 692 2594 poeta
727 2545 820 2583 ficta
858 2546 1009 2583 ascivit.
1054 2545 1101 2582 In
1139 2545 1306 2595 singulis
1344 2543 1616 2582 desiderantur
1652 2543 1788 2593 plura,
1833 2555 1934 2592 quae

371 2602 507 2641 Cicero
544 2604 591 2640 ut
622 2604 723 2642 solet
752 2605 1038 2653 praetermisit,
1075 2605 1199 2642 totius
1231 2603 1375 2642 cantici
1406 2603 1483 2640 iter
1513 2602 1638 2640 nihilo
1675 2603 1804 2640 minus
1836 2602 1934 2640 satis

372 2662 535 2711 planum
574 2664 650 2710 est,
688 2664 727 2700 et
757 2664 997 2714 intelligitur
1032 2675 1111 2712 quo
1142 2663 1258 2701 modo
1289 2663 1386 2701 haec
1417 2663 1505 2700 acta
1537 2662 1589 2699 sit
1620 2673 1734 2700 scena
1765 2662 1934 2699 furentis

370 2721 615 2770 Alcmeonis,
654 2734 756 2771 quae
787 2722 963 2760 dubitari
994 2735 1071 2760 non
1102 2724 1260 2771 poterat
1297 2722 1393 2771 quin
1429 2720 1650 2771 legentibus
1688 2722 1784 2758 nota
1821 2722 1932 2758 esset.

375 2779 527 2818 Similis
566 2782 791 2831 argumenti
828 2783 921 2819 sunt
958 2794 1058 2830 quae
1092 2780 1313 2820 Cassandra
1343 2781 1451 2819 canit
1480 2780 1523 2817 in
1552 2779 1778 2817 Alexandro
1810 2774 1935 2830 [vm],

373 2839 420 2876 de
452 2839 562 2877 cuius
594 2841 793 2878 vaticiniis
824 2840 922 2878 haec
951 2840 1147 2878 habentur
1177 2841 1218 2877 in
1249 2841 1378 2889 primo
1407 2839 1454 2877 de
1479 2839 1721 2877 divinatione
1747 2832 1837 2890 (31,
1859 2833 1932 2889 66)

370 2898 479 2936 Inest
514 2900 635 2947 iyitur
670 2901 713 2937 in
750 2900 895 2938 animis
926 2901 1165 2948 praesayitio
1202 2901 1436 2938 extrinsecus
1468 2899 1608 2937 iniecta
1640 2900 1751 2945 atque
1781 2897 1935 2935 inclusa
