2054 3282
331 192 388 235 50
868 187 1128 224 ANNALIUM
1152 187 1239 223 Lm.
1260 186 1345 222 vm

1083 305 1134 341 XI

329 370 415 413 283
446 368 645 424 Amplius
677 382 884 425 exaugere
916 367 1087 423 obstipo
1118 366 1282 409 lumine
1313 366 1415 409 solis

1077 471 1145 506 XII

328 535 416 578 284
446 533 618 577 Hastati
651 535 858 590 spargunt
889 532 1046 587 hastas,
1078 533 1129 574 fit
1159 533 1322 574 ferreus
1354 532 1501 575 imber.

1067 637 1152 672 XIII

328 699 413 743 285
444 700 691 743 Densantur
721 699 883 755 campis
914 698 1134 742 horrentia
1164 698 1251 740 tela
1281 698 1483 741 virorum.

1066 803 1151 838 XIV

327 867 413 909 286
444 865 487 909 Is
518 881 672 922 pernas
705 865 885 908 succidit
917 865 1065 920 iniqua
1097 864 1297 919 superbia
1325 864 1460 907 Poeni

1078 957 1147 991 XV

444 1019 486 1053 In
499 1018 619 1053 Ennio
633 1017 824 1052 inducitur
835 1017 1004 1062 Iuppiter
1015 1016 1237 1062 promittens
1250 1017 1428 1052 Romanis
1442 1017 1628 1052 excidium
1642 1016 1890 1063 Carthaginis.

1067 1099 1153 1134 XVI

331 1163 415 1205 287
569 1162 729 1203 «multa
761 1161 849 1203 dies
882 1161 927 1202 in
957 1160 1071 1202 bello
1104 1161 1277 1203 conficit
1307 1176 1435 1203 unus:

327 1281 413 1323 288
446 1280 505 1322 Et
535 1294 682 1321 rursus
714 1279 874 1321 multae
905 1279 1102 1321 fortunae
1133 1279 1244 1321 forte
1274 1279 1546 1321 recumbunt:

445 1352 789 1406 Haudquaquam
821 1364 1079 1405 quemquam
1111 1365 1278 1405 semper
1307 1350 1481 1393 fortuna
1512 1352 1656 1393 secuta
1688 1353 1763 1392 est.

445 1480 496 1514 XI
515 1481 612 1525 (283)
661 1479 792 1513 Festus
821 1489 866 1512 ex
891 1489 1017 1524 apogr.
1044 1478 1068 1513 1.
1090 1491 1151 1513 x1v
1175 1490 1210 1523 p.
1233 1481 1313 1522 220,
1329 1482 1373 1513 27
1393 1478 1459 1513 Th.
1489 1479 1674 1515 ‘obstitum
1699 1479 1893 1524 obliquum

327 1534 527 1579 (‘0bstitum
552 1532 734 1567 oblicum’
757 1531 919 1577 Paulus).
940 1531 1082 1566 Ennius
1102 1532 1140 1566 L.
1155 1545 1217 1566 xm
1237 1532 1289 1578 [x]
1311 1534 1350 1566 et
1373 1532 1413 1566 in
1433 1532 1471 1567 L.
1486 1545 1552 1567 vm
1573 1532 1757 1578 «amplius
1784 1543 1813 1567 e.
1833 1533 1893 1568 ob—

325 1587 539 1631 stipolumve
565 1585 703 1621 solis».'
727 1584 936 1629 Obstipum,
960 1585 1065 1619 euius
1090 1585 1130 1619 in
1157 1585 1273 1620 altero
1299 1595 1406 1620 versu
1425 1585 1538 1620 Ennii
1562 1587 1675 1621 tenue
1694 1586 1893 1631 vestigium

325 1639 465 1674 mansit
487 1637 874 1685 (obstipolumve),
899 1648 975 1673 non
1000 1637 1180 1672 obstitum
1205 1638 1244 1672 in
1266 1637 1336 1673 hoc
1362 1639 1527 1683 capitulo
1555 1639 1618 1684 agi
1638 1638 1810 1674 Gifam‘us
1836 1639 1892 1673 in-

326 1692 481 1728 tellexit.

444 1745 511 1780 XII
531 1746 627 1790 (284)
665 1744 876 1779 Macrobius
897 1744 971 1779 Sat.
992 1757 1029 1779 VI
1050 1747 1081 1786 1,
1097 1747 1139 1779 52
1163 1744 1228 1779 ‘ac
1253 1744 1392 1779 ferreus
1419 1745 1563 1791 ingruit
1584 1745 1703 1780 imber
1723 1746 1826 1791 (Aen.
1841 1749 1893 1780 x‘n

328 1800 421 1844 284).
447 1798 589 1833 Ennius
609 1797 649 1832 in
667 1811 734 1833 vm
754 1797 917 1834 «hastati
933 1825 940 1831 .
957 1826 963 1831 .
980 1826 986 1832 .
1001 1797 1171 1833 imber».’

444 1851 529 1886 XIII
548 1853 644 1897 (285)
681 1851 893 1886 Priscianus
912 1864 950 1885 1x
968 1863 1003 1896 p.
1019 1853 1099 1894 480,
1115 1854 1135 1885 5
1149 1850 1193 1885 Η.
1212 1851 1368 1886 ‘denseo
1395 1852 1526 1887 denses
1553 1853 1591 1887 et
1617 1852 1731 1887 denso
1759 1852 1892 1887 densas

329 1933 335 1939 .
352 1933 358 1939 .
376 1933 382 1939 .
404 1916 427 1940 a
447 1905 560 1939 denso
580 1904 721 1938 Ennius
749 1904 788 1938 in
807 1917 873 1939 vm
893 1905 968 1949 (vn
989 1903 1114 1949 Sang.)
1140 1904 1332 1939 annalium
1357 1905 1585 1941 «densantur
1605 1934 1611 1940 .
1629 1934 1635 1940 .
1652 1934 1658 1940 .
1679 1906 1891 1941 virorum».'

444 1958 529 1992 XIV
543 1959 639 2003 (286)
677 1957 814 1991 Paulus
829 1957 930 1991 Festi
942 1969 977 2002 p.
989 1960 1069 2000 439,
1079 1960 1099 1991 9
1114 1956 1179 1991 Th.
1198 1957 1208 1974 ‘
1219 1958 1438 2003 suppernati
1451 1958 1626 1993 dicuntur
1640 1959 1774 2003 quibus
1787 1958 1893 1994 femi-

327 2023 376 2046 na
395 2012 481 2046 sunt
500 2010 644 2046 succisa
662 2010 702 2044 in
720 2010 873 2047 modum
892 2010 1085 2044 suillarum
1103 2021 1312 2055 pernarum.
1332 2011 1474 2046 Ennius
1490 2013 1588 2048 «his.
1606 2040 1612 2046 .
1630 2041 1635 2046 .
1651 2012 1817 2048 Poeni».'
1839 2012 1895 2046 Ex

326 2065 385 2099 his
413 2064 513 2110 apud
539 2064 691 2098 Festum
712 2063 806 2098 haec
830 2063 1007 2109 leguntur
1028 2063 1273 2110 ‘—1pernati
1299 2064 1386 2099 dicu
1405 2086 1449 2090 —
1471 2086 1515 2090 —-
1538 2066 1542 2110 Ι
1565 2076 1614 2099 na
1639 2066 1726 2099 sunt
1750 2065 1895 2100 succisa

330 2139 373 2144 —
395 2139 438 2144 —
455 2117 553 2163 {rum
571 2118 798 2162 pernaru(m)
819 2138 862 2142 —
884 2116 946 2163 -Ι
969 2117 1025 2153 «is
1042 2127 1176 2162 pernas
1197 2117 1323 2163 succ(i)
1345 2139 1388 2143 —
1411 2139 1452 2143 -—
1469 2118 1652 2164 {Poeni».'

445 2170 513 2205 XV
551 2170 697 2205 Servius
716 2170 756 2204 in
769 2170 859 2204 Aen.
875 2183 887 2204 1
903 2173 947 2205 20
962 2170 1064 2215 (Iuno
1078 2170 1316 2216 progeniem.
1335 2199 1340 2204 .
1358 2199 1364 2205 .
1381 2171 1541 2206 Troiano
1563 2182 1585 2206 a
1605 2171 1787 2217 sanguine
1807 2171 1893 2206 duci

328 2224 509 2267 audierat,
524 2223 656 2269 Tyrias
677 2223 767 2258 olim
780 2234 876 2268 quae
889 2225 1049 2258 verteret
1061 2235 1181 2268 arces3
1199 2224 1288 2259 hinc
1299 2224 1481 2270 populum
1493 2224 1570 2259 late
1582 2235 1709 2270 regem
1721 2224 1893 2269 belloque

328 2277 527 2323 superbum
555 2278 750 2312 venturum
778 2277 923 2312 excidio
949 2277 1103 2323 Libyae)
1133 2277 1340 2312 ‘audierat:
1369 2288 1390 2312 a
1415 2277 1499 2312 Iove
1525 2279 1591 2313 aut
1616 2289 1638 2313 a
1663 2278 1776 2313 Fatis.
1799 2306 1805 2312 .
1828 2306 1835 2311 .
1857 2279 1895 2312 et

326 2331 446 2376 perite
466 2330 654 2374 audierat3
674 2331 714 2365 in
733 2330 853 2366 Ennio
874 2330 973 2365 enim
992 2331 1182 2366 inducitur
1203 2359 1209 2364 .
1226 2359 1232 2364 .
1250 2359 1255 2364 .
1278 2329 1542 2376 Carthaginis)

445 2383 530 2419 XVI
549 2385 645 2429 (287)
683 2383 894 2418 Macrobius
915 2384 989 2418 Sat.
1004 2397 1041 2418 vr
1062 2387 1093 2427 2,
1110 2387 1153 2418 16
1176 2383 1315 2418 ‘multa
1334 2383 1413 2418 dies
1433 2383 1630 2428 variusque
1648 2383 1755 2418 labor
1772 2384 1893 2418 muta-

329 2437 416 2472 bilis
436 2437 517 2472 aevi
536 2437 683 2471 rettulit
701 2437 741 2471 in
759 2436 904 2480 melius,
924 2436 1061 2471 multos
1082 2436 1227 2471 alterna
1245 2436 1407 2471 revisens
1426 2436 1518 2471 lusit
1531 2438 1568 2471 et
1581 2437 1620 2470 in
1634 2436 1752 2471 solido
1766 2448 1891 2472 rursus

328 2489 479 2525 fortuna
503 2489 642 2524 locavit
665 2490 768 2535 (Aen.
783 2503 821 2524 XI
840 2492 933 2535 425).
955 2490 1096 2524 Ennius
1122 2490 1161 2525 in
1183 2503 1250 2525 vm
1269 2489 1411 2526 «multa
1432 2517 1438 2524 .
1455 2517 1462 2524 .
1479 2517 1486 2524 .
1506 2501 1602 2524 unus
1628 2491 1667 2524 et
1690 2501 1814 2524 rursus
1835 2518 1841 2523 .
1859 2518 1865 2523 .
1883 2518 1889 2523 .

328 2542 549 2577 recumbunt
566 2542 860 2589 haudquaquam
880 2554 1105 2588 quemquam
1125 2545 1201 2589 (qu
1209 2553 1273 2578 em
1281 2554 1337 2588 qu
1345 2553 1411 2577 am
1431 2541 1564 2577 Salisb.
1580 2553 1649 2577 om.
1665 2542 1865 2588 plerique).
1883 2571 1889 2577 .

329 2597 458 2631 secuta
477 2596 583 2631 est».'

450 2743 532 2781 283
554 2742 709 2793 obstipo
730 2743 877 2782 lumine
891 2742 940 2782 A.
955 2742 1219 2793 Augustinus:
1239 2743 1527 2793 obstipolumve
1651 2742 1733 2780 286
1755 2742 1793 2781 Is
1812 2743 1846 2780 h.
1862 2754 1889 2781 e.

329 2802 390 2846 iis,
411 2803 459 2850 cf.
479 2802 761 2840 Lachmamms
786 2804 839 2841 ad
856 2803 976 2841 Lucr.
991 2815 1033 2841 1v
1055 2812 1137 2851 933
1285 2803 1368 2840 287
1388 2802 1590 2840 Praemittz·
1607 2804 1762 2849 poterat
1786 2801 1890 2846 Infit,

329 2863 372 2899 ut
393 2869 500 2909 394,·
511 2863 601 2909 post
621 2862 723 2899 hunc
739 2864 867 2900 autem
882 2863 1075 2901 intercidit
1083 2864 1181 2910 puto
1194 2873 1329 2900 versus
1345 2862 1411 2909 qui
1427 2861 1662 2899 contrariam
1678 2861 1891 2909 insequenti

329 2921 555 2959 sententiam
573 2920 737 2958 habebat
