2020 3334
846 221 894 255 M.
914 220 1081 256 VARRO
1593 221 1746 256 XXXIII

189 337 224 374 et
253 334 413 372 Ennius
445 331 663 380 emendare,
694 332 763 371 sed
788 333 983 371 Homerus
1014 336 1048 371 et
1077 332 1232 382 Accius,
1265 345 1287 371 a
1319 345 1396 382 quo
1427 333 1501 372 hoc
1532 334 1750 383 capitulum

190 393 343 431 orditur
374 395 413 431 et
445 394 554 431 cuius
585 392 776 440 reliquiae
807 392 922 430 hodie
948 392 1069 430 etiam
1096 392 1332 441 aliquotiens
1358 393 1460 430 hunc
1485 405 1599 431 usum
1622 394 1750 431 numi-

188 454 252 491 nis
288 451 446 490 habent.
515 450 592 488 Sed
634 450 812 500 plerique
855 451 1073 489 hexametri
1117 451 1185 500 qui
1222 451 1342 489 Ennii
1384 453 1540 490 nomine
1577 452 1750 490 citantur

189 511 354 548 dubium
390 523 469 548 non
507 511 567 548 est
604 522 681 558 quo
718 509 912 547 referendi
950 511 1047 558 sint,
1085 512 1124 547 et
1153 510 1281 548 Varro
1316 523 1611 560 nonnumquam
1648 523 1749 550 com-

189 570 322 620 plures
364 570 610 608 hexametros
653 581 731 606 uno
776 568 911 606 ordine
955 569 1122 618 singulis
1159 569 1233 606 hoc
1271 570 1385 618 quasi
1421 570 1603 608 lemmate
1644 571 1751 618 apud

191 630 369 667 Ennium
406 629 621 679 praemisso
659 629 850 675 recenset,
890 639 987 676 quos
1025 627 1227 665 annalium
1265 639 1346 666 esse
1377 641 1490 667 nemo
1522 641 1600 668 non
1630 630 1750 678 videt,

190 689 300 727 velut
331 701 388 727 vn
421 689 487 726 41.
521 689 588 725 42.
622 688 688 725 43.
723 683 810 739 (44.
844 682 929 739 45).
965 687 1032 724 46.
1065 687 1151 735 48„
1189 688 1231 724 in
1269 687 1410 736 quibus
1447 689 1516 737 qui
1553 690 1645 726 sunt
1682 690 1749 726 42.

191 748 257 785 43.
292 748 359 785 44.
393 748 447 785 45
488 758 621 785 omnes
659 746 709 783 ad
738 745 911 783 Numam
942 745 1183 795 Pompilium
1223 747 1464 795 pertinentes
1501 748 1543 784 in
1583 747 1750 786 secundo

192 807 398 845 annalium
423 805 643 845 collocandi
667 806 844 843 fuerunt:
870 805 973 842 unde
999 806 1096 843 satis
1121 804 1214 843 fidei
1238 806 1479 843 nanciscitur
1498 806 1604 855 quod
1629 807 1751 844 statui

190 878 324 904 versus
362 865 567 904 flaminum
603 865 765 902 nomina
800 865 980 902 tenentes
1013 859 1108 916 (45)
1148 866 1187 902 et
1222 865 1468 903 hexametros
1506 878 1588 903 esse
1626 868 1665 903 et
1702 866 1751 904 ab

189 925 262 963 hoc
296 925 397 963 libro
435 924 584 963 secludi
615 936 694 962 non
732 923 871 962 debere
904 918 998 976 (111).
1050 922 1107 960 Cf.
1133 936 1190 962 vn
1225 925 1318 961 104.
1369 924 1444 962 Illa
1482 937 1637 974 quoque
1674 937 1752 963 non

189 984 355 1035 indigna
392 996 493 1033 quae
534 983 807 1032 attendantur,
838 995 896 1022 v11
922 983 975 1020 41
1016 983 1187 1031 incipere
1225 982 1274 1021 ab
1311 984 1372 1021 his
1403 983 1525 1031 Apud
1555 985 1752 1023 Ennium.-

190 1039 336 1081 εοναέον
369 1045 453 1082 sine
478 1054 576 1091 pace
606 1039 721 1081 redit’
753 1054 820 1091 eqs
854 1036 962 1094 (31111.
990 1054 1031 1080 v1
1057 1042 1103 1079 fr.
1130 1036 1237 1094 XV1);
1269 1042 1407 1080 deinde
1440 1044 1635 1092 explicato
1665 1056 1752 1083 ora-

192 1106 271 1141 tore
307 1104 350 1140 in
389 1102 524 1140 eodem
562 1102 736 1151 capitulo
777 1101 888 1139 addit
923 1103 1052 1149 itaque
1089 1101 1247 1139 Ennius
1286 1103 1342 1140 ait
1379 1098 1562 1141 ‘oratores
1599 1104 1751 1142 doctilo-

190 1158 271 1209 qui'
293 1156 400 1215 (31111.
424 1160 546 1211 582);
573 1163 643 1199 aut
662 1174 718 1200 vn
739 1161 793 1198 46
814 1160 936 1209 Apud
961 1161 1158 1198 Ennium:
1190 1156 1286 1199 ‘iam
1309 1164 1396 1199 cata
1419 1163 1534 1210 siqua
1563 1159 1658 1210 fere'
1686 1176 1752 1212 eqs

191 1216 300 1274 (ann.
327 1215 445 1274 459),
478 1223 565 1259 cata
590 1223 705 1259 acuta
725 1250 733 1258 .
756 1250 763 1258 .
790 1231 909 1268 quare
935 1215 1059 1258 ‘catus
1084 1218 1222 1258 Aelius
1253 1216 1405 1258 Sextus'
1433 1217 1541 1273 (ann.
1571 1217 1674 1274 331)
1696 1252 1704 1260 .
1727 1239 1752 1272 ,ς

191 1283 225 1318 et
260 1281 361 1328 quod
398 1283 452 1318 est
489 1276 595 1318 ‘tuno
632 1281 751 1327 coepit
792 1291 1005 1317 memorare
1046 1280 1165 1317 simul
1207 1282 1294 1318 cata
1336 1276 1454 1318 dicta’
1496 1275 1603 1333 (ann.
1638 1276 1751 1334 529).

189 1339 410 1378 Praemisso
442 1341 547 1378 enim
577 1338 649 1376 uni
679 1340 811 1376 versui
842 1338 961 1375 Ennii
992 1339 1149 1376 nomine
1182 1338 1229 1376 de
1261 1338 1411 1377 duobus
1443 1339 1510 1388 qui
1542 1341 1753 1389 insequun-

189 1400 256 1436 tur
287 1398 484 1436 dubitatio
517 1410 598 1437 esse
629 1411 709 1436 non
745 1398 886 1447 potest.
936 1397 1178 1447 Ambiguum
1216 1399 1275 1436 est
1310 1398 1500 1436 iudicium
1537 1399 1583 1437 de
1614 1412 1671 1438 vn
1698 1400 1750 1439 33

188 1459 245 1496 sic
275 1458 419 1496 dictum
450 1470 475 1496 a
506 1458 738 1505 quibusdam
771 1459 814 1494 ut
844 1453 942 1494 ‘una
973 1453 1101 1494 canes’
1134 1453 1231 1494 ‘una
1268 1458 1394 1495 trabes
1432 1459 1548 1496 remis
1584 1461 1753 1497 rostrata

184 1528 258 1564 per
295 1513 444 1555 altum?
488 1517 647 1554 Ennius
681 1513 848 1554 ‘utinam
883 1528 930 1554 ne
966 1517 1009 1554 in
1045 1527 1198 1554 nemore
1227 1516 1333 1554 Pelio
1360 1546 1368 1553 .
1396 1546 1404 1554 .
1436 1518 1634 1556 accidisset
1671 1518 1752 1556 abi-

191 1587 288 1624 egna
319 1576 372 1614 ad
409 1579 553 1614 terram
589 1572 730 1613 trabes’
759 1570 876 1628 (Med.
903 1570 947 1627 1).
992 1574 1093 1619 Quia
1125 1575 1229 1612 enim
1265 1575 1418 1613 librarii
1455 1577 1554 1614 vitio
1590 1578 1753 1626 propter

192 1634 381 1672 iteratum
418 1635 544 1673 trabes
584 1634 714 1672 media
755 1647 855 1682 quae
888 1636 1000 1671 erant
1031 1634 1176 1672 omissa
1207 1636 1315 1682 sunt,
1354 1647 1430 1683 quo
1464 1648 1603 1685 genere
1636 1648 1752 1685 saepe

190 1694 232 1731 in
263 1693 325 1732 his
356 1694 467 1732 libris
499 1695 704 1743 peccatum
730 1694 805 1742 est,
838 1694 948 1731 velut
972 1706 1030 1732 VII
1056 1694 1123 1730 43.
1147 1694 1218 1742 57,
1252 1706 1330 1730 una
1357 1706 1444 1731 cum
1476 1694 1591 1732 initio
1618 1707 1751 1733 versus

191 1765 332 1791 nomen
368 1755 528 1802 poetae,
569 1753 601 1791 si
638 1753 813 1802 positum
854 1754 954 1801 erat,
998 1752 1218 1801 intercidit,
1263 1765 1378 1801 quem
1415 1753 1590 1791 Ennium
1632 1754 1751 1792 fuisse

191 1811 347 1850 dubites
385 1813 594 1861 propterea
633 1812 735 1860 quod
768 1812 927 1850 Ennius
965 1824 1052 1849 cum
1089 1824 1206 1849 versu
1241 1812 1401 1850 Medeae
1437 1813 1676 1861 insequitur,
1714 1816 1753 1851 et

190 1870 318 1909 Varro
349 1871 601 1921 praemonuit
632 1884 657 1909 a
688 1871 920 1919 quibusdam
951 1872 996 1908 ut
1021 1867 1119 1908 ‘una
1150 1867 1277 1909 canes’
1306 1873 1360 1909 sic
1386 1868 1483 1910 ‘una
1508 1869 1648 1911 trabes’
1675 1873 1753 1911 dic-

191 1933 272 1968 tum
309 1942 398 1969 esse.
447 1931 595 1969 Versus
632 1932 716 1979 ipse
754 1943 832 1968 non
870 1931 972 1968 male
1009 1930 1172 1968 decebat
1203 1931 1377 1968 Ennium
1409 1932 1447 1969 et
1479 1932 1651 1980 annales,
1682 1945 1752 1970 nec

192 1989 352 2027 difficile
391 1990 441 2027 ad
479 1990 703 2039 exemplum
741 1989 930 2027 similium
967 1989 1181 2038 suppletur.
1251 1988 1378 2033 Quare
1417 1990 1586 2029 retinere
1628 1991 1753 2028 malui
1796 2014 1802 2019 -

196 2042 304 2101 (ann.
333 2043 448 2102 616).
486 2049 591 2087 Nam
623 2049 727 2098 quod
758 2049 973 2098 praemisso
1006 2049 1126 2086 Ennii
1157 2061 1272 2087 versu
1304 2049 1438 2087 addito
1470 2050 1532 2087 vel
1569 2063 1648 2087 non
1686 2050 1751 2087 ad-

193 2108 276 2145 dito
307 2110 447 2157 poetae
479 2110 636 2146 nomine
668 2108 710 2145 in
742 2108 878 2146 eadem
910 2122 950 2146 re
977 2107 1156 2157 sequitur
1181 2109 1359 2146 Ennius:
1397 2104 1563 2146 ‘utinam
1583 2105 1751 2158 neseqs,

193 2180 272 2205 non
301 2168 420 2216 plane
449 2167 656 2205 dissimilia
682 2169 774 2205 sunt
798 2179 898 2216 quae
924 2179 1043 2216 supra
1069 2167 1187 2205 attuli
1212 2180 1257 2204 ex
1277 2179 1333 2205 vn
1353 2168 1421 2215 41,
1447 2169 1486 2204 et
1510 2167 1599 2205 vide
1619 2180 1675 2206 vn
1697 2169 1749 2206 93

191 2225 233 2263 111
265 2226 400 2264 eodem
433 2226 606 2275 capitulo
640 2226 686 2263 de
717 2225 847 2264 verbis
878 2226 977 2263 nihil
1009 2225 1321 2276 significantibus
1352 2228 1397 2263 ut
1428 2238 1539 2271 euax,
1572 2229 1615 2264 ut
1645 2227 1752 2275 apud

192 2285 371 2323 Ennium
403 2281 534 2323 ‘helzae
565 2281 662 2333 ipse’
694 2297 762 2333 eqs
794 2279 911 2338 (scen.
939 2280 1063 2338 417);
1098 2285 1205 2332 apud
1236 2285 1415 2323 Ennium
1446 2281 1534 2323 ‘heu
1564 2297 1650 2324 mea
1673 2298 1751 2334 pu-

193 2339 282 2381 ella'
315 2356 382 2392 eqs
415 2339 534 2396 (scen.
562 2339 686 2396 419);
719 2346 757 2381 et
781 2357 807 2382 v
830 2345 894 2381 19.

310 2402 368 2440 De
406 2403 641 2441 hexametris
674 2403 801 2441 Ennio
839 2415 917 2440 non
953 2402 1156 2441 nominato
1194 2403 1290 2441 haec
1327 2403 1465 2441 dicam.
1527 2404 1586 2441 De
1623 2403 1751 2442 verbis

194 2474 295 2510 quae
327 2474 351 2499 a
381 2464 509 2511 poetis
541 2464 633 2500 sunt
662 2462 793 2511 posita
824 2463 995 2510 primum
1027 2462 1074 2500 de
1105 2462 1201 2500 locis
1233 2462 1435 2500 exordiens
1466 2463 1593 2500 Varro
1626 2463 1750 2501 dicere

192 2534 249 2559 v11
276 2522 299 2559 6
340 2521 475 2560 scribit
510 2523 699 2569 incipiam
737 2522 826 2559 hinc
865 2518 982 2559 ‘unus
1013 2523 1086 2559 erit
1127 2533 1236 2569 quem
1279 2524 1320 2559 tu
1362 2522 1468 2560 tolles
1509 2523 1552 2560 in
1595 2523 1751 2560 caerula

193 2580 290 2618 caeli
331 2578 498 2629 templa?
550 2580 673 2625 Quem
716 2592 871 2618 versum
914 2580 1032 2617 Ennii
1076 2592 1158 2618 esse
1202 2593 1281 2618 non
1325 2581 1482 2618 aliunde
1525 2581 1749 2619 testimonio

194 2640 365 2688 constat,
403 2640 470 2678 sed
508 2653 585 2689 quo
624 2635 739 2678 inodo
772 2652 860 2677 eum
892 2638 1055 2677 Ovidius
1089 2640 1286 2688 adhibuit,
1323 2653 1368 2678 ex
1399 2653 1444 2678 eo
1477 2641 1516 2678 et
1547 2652 1680 2678 sensus
1712 2641 1750 2677 et

193 2698 300 2736 locus
333 2700 373 2736 et
404 2712 449 2737 ex
481 2699 529 2737 iis
560 2701 679 2748 poeta
712 2698 960 2748 cognoscitur
993 2693 1099 2751 (31111.
1126 2712 1140 2736 1
1165 2699 1211 2736 fr.
1238 2693 1390 2752 xxmx).
1435 2698 1584 2736 Deinde
1620 2698 1751 2748 pergit

193 2758 323 2805 templi
342 2757 648 2808 significationes
673 2769 871 2795 recensere
897 2757 1021 2795 ascita
1040 2758 1213 2806 Hecuba,
1238 2757 1438 2805 Periboea,
1463 2757 1749 2805 Andromacha,

193 2815 360 2865 denique
393 2811 457 2870 (7)
492 2817 679 2865 Quocirca
716 2817 847 2865 inquit
883 2817 1031 2855 caelum
1061 2829 1139 2865 qua
1170 2818 1357 2855 attuimur
1387 2817 1530 2854 dictum
1558 2816 1750 2862 templum,

192 2876 248 2913 sic
285 2871 526 2914 ‘contremuit
556 2870 744 2928 templum}
774 2888 960 2924 maynum
990 2876 1098 2914 Iovis
1135 2871 1403 2919 altitonantis',
1439 2875 1482 2912 id
1513 2877 1582 2919 est,
1621 2877 1664 2911 ut
1694 2875 1750 2911 ait

193 2934 388 2973 Naevius:
418 2930 771 2983 ‘hemisphaerium'
797 2947 874 2984 eqs.
907 2935 1024 2973 Hunc
1049 2948 1206 2984 quoque
1231 2935 1498 2972 hexametrum
1524 2933 1748 2971 Ennianum

264 3006 418 3033 Euxinis
439 3008 485 3034 ed.
504 3007 633 3033 Vahlen.
1518 3009 1537 3032 C

1718 3072 1722 3099 1
