2054 3282
341 193 397 234 48
874 185 1134 222 ANNALIUM
1157 185 1244 221 ΠΒ.
1265 184 1350 220 vm

342 369 429 411 274
830 367 875 406 at
904 378 991 406 non
1023 303 1270 406 sicsdubius
1301 364 1386 406 fuit
1415 363 1551 406 hostis

456 437 641 479 Aeacida
665 436 829 478 Burrus

1097 503 1132 538 V

88 568 273 636 &1393ss
275 610 311 636 IS
340 567 425 609 276
456 566 598 608 Marsa
627 580 790 620 manus,
822 564 1001 620 Peligna
1032 564 1198 620 cohors,
1225 565 1398 608 Vestina
1427 565 1568 607 virum
1599 566 1664 607 vis

147 659 250 677 V—XX

337 695 429 740 Pet.)
441 705 469 729 c.
481 695 543 730 sed
552 694 668 740 mayis
678 704 796 729 errore
805 694 859 728 rei
868 693 1042 738 repetunt
1050 693 1087 738 (p
1096 703 1115 727 e
1123 694 1255 739 tunt).
1267 722 1273 728 .
1285 722 1290 728 .
1302 693 1423 729 solida
1436 694 1472 729 vi
1486 694 1636 740 (273)».⁵
1647 705 1730 729 cum
1741 695 1776 740 (s
1784 693 1901 729 olita

337 748 502 792 uicum)
513 747 579 781 hos
591 757 659 792 ego
670 757 794 781 versus
802 746 991 780 Ennianos
1003 745 1179 781 dixissem
1189 775 1283 781 ......
1290 746 1305 767 ⁹
1314 747 1528 782 institutum
1538 749 1609 782 est.
1621 776 1626 782 .
1639 749 1696 782 .ut
1708 747 1901 793 litigantes

338 811 412 835 non
432 801 471 834 in
490 800 568 834 iure
583 800 683 844 apud
696 800 905 844 praetorem
918 810 1070 834 manum
1084 802 1326 843 consererent,
1343 801 1408 835 sed
1422 811 1467 835 ex
1479 801 1559 835 iure
1571 811 1685 835 manu
1699 801 1767 846 (sic
1779 801 1900 842 codd.)

339 855 546 888 consertum
571 854 745 887 vocarent
766 881 771 886 .
789 880 795 886 .
813 880 818 886 .
840 852 870 872 ¹⁰
889 852 1028 887 idcirco
1054 852 1196 888 Ennius
1222 853 1433 899 significare
1452 854 1578 889 volens
1603 853 1743 889 bellum
1767 865 1842 888 non
1859 855 1902 888 ut

338 907 385 941 ad
404 907 612 951 praetorem
632 905 783 940 solitum
803 906 859 940 est
877 905 1056 951 legitimis
1074 906 1283 941 actionibus
1297 918 1418 952 neque
1432 918 1476 942 ex
1489 908 1568 942 iure
1581 918 1733 942 manum
1753 908 1901 952 (manu

336 960 459 1005 pauci)
492 960 700 994 consertum
726 959 791 993 sed
817 958 915 993 bello
942 958 1114 1004 ferroque
1141 961 1179 994 et
1203 970 1290 995 vera
1314 960 1350 994 vi
1376 962 1488 1005 atque
1515 960 1636 995 solida
1657 960 1744 995 vadi
1764 961 1901 1005 (quod

336 1013 436 1058 libri)
456 1013 601 1047 videtur
621 1012 770 1055 dixisse,
792 1011 984 1046 conferens
1003 1013 1078 1047 vim
1098 1013 1203 1047 illam
1217 1013 1364 1048 civilem
1378 1015 1415 1048 et
1428 1013 1667 1049 festucariam
1681 1024 1777 1058 quae
1789 1013 1900 1048 verbo

336 1066 519 1100 diceretur
543 1076 617 1100 non
644 1076 739 1110 quae
764 1076 878 1100 manu
903 1065 1008 1100 fieret
1028 1077 1111 1100 cum
1130 1066 1166 1100 vi
1186 1066 1322 1101 bellica
1341 1068 1379 1102 et
1399 1067 1578 1102 cruenta.'
1682 1066 1900 1102 Lactantius

338 1119 409 1153 div.
430 1119 514 1153 inst.
536 1132 558 1153 v
580 1122 610 1161 1,
627 1122 646 1153 5
669 1118 963 1163 ‘disceptatione
983 1119 1133 1154 sublata
1153 1119 1350 1164 «pellitur.
1367 1149 1373 1154 .
1391 1148 1397 1154 .
1414 1120 1601 1165 sapientia
1621 1120 1900 1166 (sapientiae

334 1172 430 1217 Put.)
450 1173 486 1207 vi
506 1173 518 1217 (
525 1171 596 1206 cui
615 1172 720 1217 Bon.)
739 1173 879 1218 yeritur
898 1183 954 1207 res
973 1174 1054 1218 (res
1075 1183 1145 1207 om.
1161 1172 1284 1218 Vat.)»
1304 1174 1347 1207 ut
1366 1174 1420 1208 ait
1439 1173 1606 1207 Ennius’
1700 1172 1825 1207 Cicero
1852 1173 1900 1207 ad

334 1225 419 1260 fam.
441 1238 492 1259 v11
514 1228 567 1268 13,
584 1228 603 1258 2
627 1225 794 1259 ‘tantum
821 1226 958 1268 metuo,
984 1236 1030 1260 ne
1057 1225 1256 1260 artificium
1280 1227 1387 1260 tuum
1412 1226 1483 1261 tibi
1501 1237 1634 1272 pamm
1651 1226 1780 1271 prosit.
1801 1236 1899 1269 nam,

334 1280 375 1312 ut
394 1278 515 1320 audio,
537 1278 622 1312 istic
642 1289 739 1314 «non
759 1289 804 1312 ex
822 1278 902 1312 iure
922 1290 1071 1314 manum
1092 1290 1120 1314 c.
1141 1280 1204 1314 sed
1222 1281 1340 1326 mayis
1357 1280 1455 1323 ferro
1474 1291 1548 1315 rem
1567 1280 1790 1325 repetunt»)

333 1331 434 1366 Idem
459 1342 524 1376 pro
551 1330 706 1366 Murena
733 1335 788 1374 14,
804 1335 848 1366 30
880 1332 1049 1375 ‘etenim‚
1075 1333 1118 1366 ut
1143 1333 1197 1367 ait
1221 1333 1436 1378 ingeniosus
1456 1334 1568 1378 poeta
1588 1334 1626 1367 et
1644 1334 1773 1367 auctor
1791 1332 1899 1367 valde

334 1385 460 1426 bonus,
475 1384 627 1429 proeliis
641 1384 889 1430 promulgatis
910 1387 1020 1430 (quae
1034 1385 1221 1420 Ciceronis
1242 1388 1338 1429 sunt,
1359 1398 1433 1421 non
1453 1386 1577 1432 Ennii)
1599 1386 1774 1431 «pellitur
1793 1385 1898 1431 (tol-

333 1438 446 1472 litur
471 1438 577 1472 codd.
599 1438 702 1483 Lag.)
724 1448 743 1472 e
768 1438 915 1474 medio»
941 1449 1015 1473 non
1042 1439 1160 1474 solum
1186 1439 1260 1474 ista
1285 1441 1406 1474 vestra
1425 1439 1580 1474 verbosa
1605 1439 1793 1474 simulatio
1812 1451 1899 1484 pru-

333 1491 482 1525 dentiae
510 1491 575 1525 sed
604 1491 719 1526 etiam
747 1491 830 1536 ipsa
858 1491 926 1526 illa
954 1492 1105 1527 domina
1132 1503 1255 1527 rerum
1284 1493 1511 1538 «sapientia:
1541 1493 1685 1529 videtur
1714 1493 1900 1537 respuitur

333 1544 499 1589 (Helmst.
526 1544 709 1578 videtur
739 1545 895 1589 respui
927 1545 1159 1590 spernitur
1189 1546 1247 1580 vel
1272 1546 1455 1580 videtur
1479 1558 1506 1580 r.
1521 1558 1556 1591 p.
1585 1546 1818 1591 spernitur
1841 1545 1899 1579 vel

333 1598 512 1632 videtur
530 1597 739 1643 resperni
759 1598 884 1640 ceteri)
905 1599 1052 1633 orator»
1071 1610 1146 1633 non
1160 1599 1278 1633 solum
1292 1599 1441 1634 odiosus
1455 1600 1494 1633 in
1508 1600 1666 1634 dicendo
1687 1609 1730 1634 ac
1749 1598 1897 1643 loquax,

333 1661 456 1685 verum
476 1651 591 1686 etiam
610 1650 767 1687 «bonusz
788 1651 960 1685 horridus
979 1651 1086 1686 miles
1107 1653 1286 1687 amatur».
1308 1654 1470 1687 vestrum
1489 1663 1573 1687 vero
1594 1652 1759 1686 studium
1778 1653 1898 1686 totum

332 1705 444 1739 iacet:
473 1715 569 1740 «non
594 1715 639 1739 ex
663 1704 743 1738 iure
769 1706 1082 1750 manum(manu
1114 1705 1280 1750 quidam)
1307 1706 1516 1740 consertum
1542 1705 1605 1741 sed
1628 1705 1748 1748 ferro»
1775 1704 1899 1754 inquit

337 1769 433 1793 «rem
451 1759 675 1803 repetunt».'

449 1811 500 1845 IV
519 1812 615 1857 (274)
655 1810 805 1845 Orosius
825 1824 863 1846 rv
884 1815 938 1854 14,
953 1814 974 1845 3
995 1811 1042 1845 de
1060 1811 1272 1846 Hannibale
1303 1811 1410 1846 ‘odio
1433 1811 1593 1846 Romani
1615 1811 1775 1846 nominis
1798 1811 1898 1856 quod

333 1864 431 1908 patri
450 1864 655 1899 Hamilcari
681 1875 765 1899 cum
790 1865 888 1899 esset
906 1875 1038 1899 novem
1057 1875 1173 1899 annos
1193 1866 1302 1899 natus
1330 1864 1544 1899 fidelissime
1571 1864 1664 1899 alias
1685 1864 1897 1899 infidelissi-

332 1929 412 1951 mus
433 1919 519 1952 ante
539 1928 622 1952 aras
642 1917 829 1952 iuraverat
847 1917 885 1951 P.
901 1916 1070 1952 Cornelio
1091 1917 1263 1963 Scipione
1283 1919 1320 1952 et
1339 1917 1393 1952 Ti.
1411 1917 1626 1963 Sempronio
1640 1918 1767 1963 Longo
1788 1917 1894 1952 coss.'

334 1981 406 2015 eqs.
429 1970 548 2016 Supra
565 1971 658 2006 haec
678 1970 791 2005 verba
812 1970 1110 2005 ‘infidelissimus
1126 1999 1132 2004 .
1150 1999 1155 2005 .
1174 1999 1179 2005 .
1196 1972 1233 2005 et
1251 1970 1380 2016 publio
1401 1972 1480 2016 (pro
1501 1971 1592 2016 Ti.)'
1615 1971 1654 2005 in
1674 1971 1752 2005 cod.
1776 1970 1897 2006 Orosii

334 2023 495 2069 Sangall.
518 2028 583 2059 621
606 2034 700 2059 saec.
721 2037 745 2058 x
763 2025 859 2058 teste
879 2024 1177 2070 Zangemeistero
1202 2035 1315 2059 manu
1341 2035 1415 2058 non
1434 2023 1641 2058 Ekkeharti
1660 2037 1697 2058 1v
1716 2023 1781 2058 sed
1801 2023 1896 2058 alius

334 2083 522 2127 scriptoris
547 2083 660 2129 paulo
686 2083 820 2128 prioris
839 2083 932 2118 haec
958 2083 1098 2128 scripta
1117 2085 1204 2117 sunt
1225 2083 1283 2117 ‘in
1309 2082 1407 2117 bello
1437 2083 1507 2126 dic,
1534 2083 1574 2118 in
1593 2079 1618 2127 ἃ
1643 2083 1724 2117 erat
1748 2082 1894 2117 infidus.

334 2142 456 2176 animo
481 2141 592 2188 longe
616 2142 746 2177 leviori
772 2146 820 2187 qa
838 2154 981 2187 pyrrus.
1003 2142 1058 2177 De
1077 2137 1102 2187 (⁰1
1121 2142 1272 2177 Ennius.
1301 2142 1374 2178 «At
1392 2146 1416 2176 ᾖ
1441 2141 1495 2176 sic
1520 2141 1655 2176 dubius
1681 2141 1755 2176 fuit
1778 2141 1896 2176 hostis

334 2195 464 2230 eacida
482 2195 691 2240 phyrrus».'

451 2248 484 2282 V
504 2250 599 2294 (276)
639 2249 827 2284 Charisius
847 2262 884 2285 1v
902 2262 937 2295 p.
953 2252 1032 2293 282,
1049 2253 1069 2284 6
1089 2249 1131 2283 K.
1156 2249 1315 2284 ‘schesis
1335 2250 1536 2283 onomaton
1556 2249 1613 2283 est
1631 2259 1715 2282 cum
1734 2247 1773 2282 in
1791 2248 1896 2282 textu

333 2301 456 2345 plures
471 2302 749 2337 antonomasiae
762 2304 961 2347 ponuntur,
976 2303 1018 2336 ut
1032 2313 1178 2338 «marsa
1196 2314 1242 2336 m.
1258 2314 1292 2347 p.
1309 2313 1337 2336 c.
1358 2302 1590 2349 festina1rum
1603 2301 1707 2336 vis».’
1807 2300 1895 2335 Dio-

336 2355 460 2389 medes
479 2368 507 2389 11
525 2367 560 2400 p.
582 2359 662 2398 446,
677 2359 722 2390 26
742 2355 784 2390 Κ.
809 2355 967 2390 ‘schesis
993 2357 1194 2390 onomaton
1219 2357 1275 2390 est
1300 2366 1383 2390 cum
1409 2354 1566 2400 singulis
1586 2353 1798 2389 nominibus
1818 2353 1895 2399 epi-

335 2407 439 2442 theta
459 2408 656 2443 coniuncta
676 2410 771 2451 sunt,
792 2410 835 2443 ut
854 2420 1000 2445 «marsa
1015 2421 1061 2443 m.
1073 2421 1108 2454 p.
1122 2419 1150 2443 c.
1165 2409 1301 2451 festina
1319 2409 1439 2443 virum
1451 2408 1506 2442 vis
1521 2407 1615 2453 (Par.
1630 2407 1679 2451 A3
1699 2406 1718 2441 f
1723 2406 1895 2441 estina-

334 2460 475 2495 vimus
495 2461 560 2495 vis
580 2461 677 2496 Mon.
699 2461 873 2496 festina
892 2462 1035 2496 virum
1053 2461 1134 2496 Par.
1155 2461 1250 2507 B)».'
1337 2461 1505 2495 Donatus
1526 2462 1593 2495 art.
1614 2472 1667 2506 gr.
1690 2459 1730 2495 G.
1746 2460 1784 2494 L.
1799 2459 1842 2494 K.
1858 2471 1895 2494 ιν

333 2525 368 2558 p.
385 2516 463 2557 398,
480 2517 522 2548 19
545 2514 702 2549 ‘schesis
723 2517 923 2550 onomaton
942 2516 999 2549 est
1017 2514 1218 2549 multitudo
1232 2514 1424 2549 nominum
1437 2514 1718 2548 coniunctorum
1731 2513 1894 2558 quodam

455 2680 539 2717 274
564 2691 617 2727 sq.
637 2679 822 2718 Fortasse
845 2692 949 2718 unus
973 2680 1051 2727 fuit
1068 2691 1202 2718 versus
1220 2681 1263 2717 in
1286 2679 1388 2717 hunc
1411 2678 1567 2717 modwm
1592 2678 1821 2726 compositus
1838 2676 1894 2714 At

334 2750 413 2777 non
432 2739 487 2777 sic
507 2738 646 2776 dubius
663 2739 838 2788 Pyrrhus
857 2740 935 2777 fuit
947 2739 1121 2777 Aeacida
1140 2739 1280 2783 hostis,
1294 2738 1614 2786 quemadmodum
1623 2737 1895 2784 Valmaqyium

335 2809 482 2846 quoque
493 2797 643 2836 Bollett.
658 2810 699 2836 1v
713 2792 754 2850 (1
765 2793 868 2851 898)
883 2810 926 2845 p.
938 2807 958 2833 2
967 2807 1020 2846 59
1035 2799 1244 2836 coniectare
1261 2799 1381 2842 video,
1400 2798 1479 2835 nisi
1498 2796 1598 2844 quod
1616 2795 1766 2833 Burrus
1786 2795 1893 2832 dirus

451 2856 514 2895 De
535 2858 704 2895 nominis
728 2858 922 2905 scriptura
948 2858 1034 2895 vide
1060 2858 1112 2895 ad
1138 2855 1216 2904 178
1343 2856 1625 2904 Synaloepham
1643 2855 1896 2892 vindicaverit

338 2913 390 2963 78
414 2917 588 2966 auspicio
614 2917 856 2967 augurioque
878 2918 912 2953 et
933 2913 1014 2962 238
1138 2916 1222 2954 276
1244 2915 1410 2953 Vestina
1429 2915 1556 2952 Ianus
1575 2914 1731 2952 Dousa:
1749 2913 1894 2951 festina
