2054 3282
343 185 400 228 62
903 176 1163 213 ANNALIUM
1186 175 1274 212 Lm.
1293 175 1327 210 x

1073 294 1157 329 xm

340 362 424 405 349
456 359 597 417 Aegro
624 358 749 401 corde
780 357 912 400 comis
938 356 1080 411 passis

339 490 425 533 350
707 487 845 543 passis
876 486 962 528 late
993 485 1148 540 palmis
1179 487 1302 540 pater

1074 577 1159 612 XIV

337 642 419 685 351
541 642 719 697 pinsunt
749 643 905 684 terram
934 638 1114 696 genibus

1082 731 1150 765 XV

335 795 420 838 352
450 795 510 837 Et
541 794 668 837 simu]
699 793 867 836 erubuit
898 806 975 835 ceu
1005 792 1115 834 lacte
1147 794 1189 834 et
1220 807 1411 848 purpura
1442 793 1587 835 mixta.

451 911 535 946 ΧΠ]
560 913 654 957 (349)
710 910 853 945 Nonius
878 922 912 955 p.
935 912 1015 952 370,
1030 913 1074 943 22
1097 909 1269 954 ‘passum
1295 909 1503 955 dispersum
1527 909 1698 944 solutum.
1714 909 1895 956 Virgilius

333 965 517 1000 Aeneidos
536 964 599 999 lib.
614 978 627 998 1
643 965 738 1009 (480)
753 963 940 1000 «crinibus
960 962 1097 997 Iliades
1116 963 1270 1007 passis».
1292 962 1486 998 Terentius
1505 963 1545 997 in
1564 963 1786 998 Phormione
1799 964 1896 1009 (106)

334 1018 514 1063 «capillus
534 1029 676 1062 passus,
696 1017 818 1051 nudus
837 1027 914 1061 pes,
934 1016 1019 1061 ipsa.
1037 1016 1223 1052 horrida».
1240 1015 1423 1051 Caecilius
1443 1016 1679 1061 synaristosis
1694 1016 1798 1053 «heri
1810 1027 1895 1051 vero

331 1071 564 1116 prospexisse
575 1081 659 1105 eum
669 1080 707 1104 se
719 1071 777 1115 (ex
790 1069 946 1115 tegulis:
960 1069 1054 1104 haec
1063 1069 1256 1104 nuntiasse
1266 1071 1304 1105 et
1313 1069 1538 1116 flammeum)
1550 1080 1747 1115 expassum
1759 1070 1893 1106 domi».

331 1135 482 1169 parcere
498 1125 554 1158 est
567 1124 712 1158 veniam
726 1123 825 1158 dare.
835 1122 1017 1168 Virgilius
1030 1122 1141 1158 lib.v1
1156 1123 1266 1170 [853]¹
1288 1123 1454 1158 LuciJius
1467 1122 1532 1158 lib.
1544 1136 1616 1158 xxx
1631 1123 1715 1169 [955
1729 1123 1796 1170 L.].
1810 1134 1895 1168 pas-

331 1189 412 1212 sum
431 1179 622 1213 extensum
640 1178 789 1222 patens:
810 1177 910 1211 unde
930 1178 968 1211 et
986 1187 1118 1221 passus
1138 1176 1296 1211 dicimus
1310 1177 1410 1221 quod
1427 1176 1614 1223 gressibus
1626 1176 1766 1211 mutuis
1779 1177 1894 1221 pedes

330 1232 535 1276 patescunt.
563 1230 705 1264 Ennius
731 1229 924 1265 annalium
948 1229 1012 1264 lib.
1033 1243 1057 1264 x
1077 1240 1218 1275 «aegro
1245 1230 1354 1265 corde
1381 1230 1495 1265 comis
1513 1230 1633 1275 passis
1657 1230 1734 1264 late
1758 1229 1894 1275 palmis

330 1285 469 1328 pater».
489 1284 609 1329 passis
635 1283 690 1318 ait
713 1283 848 1328 palmis
873 1283 1091 1328 patentibus
1117 1284 1154 1318 et
1173 1283 1344 1318 extensis.
1365 1283 1527 1318 Naevius
1551 1283 1748 1329 Iphigenia
1761 1294 1894 1328 «passo

330 1337 387 1371 vel
405 1337 476 1371 hoc
495 1337 658 1372 vicinum
677 1336 853 1381 aquilone
872 1337 1021 1371 hortum
1040 1336 1096 1371 fer
1117 1335 1268 1372 foras».'

446 1390 531 1424 XIV
550 1392 645 1436 (351)
683 1390 881 1425 Diomedes
901 1403 914 1424 1
933 1402 967 1435 p.
990 1393 1069 1434 373,
1085 1394 1105 1424 5
1124 1390 1168 1424 K.
1192 1389 1315 1435 ‘apud
1340 1391 1481 1425 veteres
1506 1390 1709 1435 reperimus
1735 1390 1850 1425 etiam
1868 1402 1893 1424 n

328 1443 455 1478 littera
475 1444 606 1478 addita
625 1444 731 1489 pinso
752 1444 852 1488 quod
872 1445 929 1478 est
946 1444 1064 1479 tundo
1084 1445 1123 1478 et
1140 1443 1258 1488 pinsit
1277 1444 1479 1478 secundum
1499 1443 1652 1478 tertium
1671 1443 1838 1478 ordinem
1850 1444 1894 1478 ut

328 1496 468 1531 Ennius
487 1497 629 1531 decimo
649 1497 842 1531 annalium
856 1497 1033 1542 «pinsunt
1046 1497 1220 1542 (pinsui
1232 1496 1346 1543 Mon.)
1359 1498 1384 1531 t.
1400 1496 1608 1542 genibus».'
1631 1496 1683 1532 Cf.
1699 1507 1795 1532 scen.
1811 1500 1890 1531 411.

445 1549 513 1584 XV
532 1552 627 1596 (352)
665 1550 809 1585 Nonius
827 1562 863 1595 p.
885 1553 965 1594 483,
980 1554 1000 1585 3
1023 1550 1141 1585 ‘lacte
1161 1551 1391 1585 nominativo
1412 1561 1500 1585 casu
1520 1550 1567 1585 ab
1587 1561 1630 1585 eo
1645 1550 1746 1595 quod
1758 1551 1815 1585 est
1832 1550 1892 1585 lac

329 1603 468 1638 Ennius
488 1603 552 1638 lib.
568 1617 591 1638 x
611 1603 753 1649 (Bamb.
773 1617 817 1638 x1
836 1603 962 1649 ceteri)
983 1605 1075 1640 «essi
1094 1605 1157 1649 (et
1179 1604 1216 1639 si
1235 1603 1331 1649 Par.)
1345 1604 1476 1640 mulie-r
1489 1603 1659 1638 erubuit.
1677 1632 1682 1638 .
1700 1632 1706 1638 .
1721 1604 1889 1639 mixta»)

449 1729 531 1768 349
554 1740 631 1777 ι(ς99.
655 1728 762 1777 Quae
781 1730 958 1767 contiuuo
977 1728 1112 1766 ordine
1131 1729 1277 1776 scripta
1295 1730 1388 1766 suut
1403 1728 1447 1766 iu
1466 1728 1576 1766 libris
1595 1729 1688 1775 quia
1706 1729 1749 1766 iu
1767 1739 1891 1766 uuum

328 1798 481 1825 versum
506 1799 585 1825 riou
610 1790 753 1832 coeunt,
781 1789 973 1835 dispescat
997 1788 1040 1825 in
1065 1788 1173 1832 duos,
1198 1787 1463 1835 imperfectum
1487 1789 1714 1834 utrumque,·
1739 1790 1773 1825 et
1797 1788 1891 1835 quia

328 1847 431 1884 credi
461 1858 540 1885 reon
565 1849 688 1895 potest
717 1848 818 1895 quod
841 1847 1002 1894 fuerunt
1025 1848 1091 1894 qui
1117 1847 1312 1885 crederent
1329 1846 1507 1884 Ennium
1532 1847 1653 1885 comis
1679 1847 1719 1884 et
1745 1846 1889 1896 palmis

327 1907 452 1955 passis
478 1907 633 1944 diversa
659 1907 811 1944 notione
842 1907 1072 1944 coniunctim
1102 1907 1257 1950 dixisse,
1282 1908 1445 1953 propter
1476 1906 1534 1943 bis
1557 1907 1731 1954 positum
1761 1907 1888 1955 passis

329 1959 468 2017 (comis
481 1966 607 2014 passis
624 1968 657 2004 et
668 1967 794 2016 passis
813 1965 838 2002 l.
853 1959 1015 2018 palmis)
1030 1966 1236 2003 verisimile
1250 1967 1304 2003 est
1322 1965 1506 2003 accidisse
1518 1967 1563 2002 ut
1579 1965 1655 2003 duo
1667 1965 1890 2013 fraymeuta

328 2025 578 2062 coalescerent
601 2027 643 2063 in
670 2037 811 2063 unum:
842 2026 884 2063 id
909 2025 1010 2072 quod
1037 2024 1308 2072 Quieheratum
1339 2035 1485 2072 quoque
1515 2024 1744 2062 iutelleoeisse
1769 2025 1886 2062 video.

329 2083 492 2122 alterum
517 2084 642 2133 passis
668 2085 748 2122 late
773 2084 917 2134 palmis
936 2085 1061 2134 pater,
1082 2085 1143 2122 cui
1163 2084 1362 2132 explicatio
1383 2084 1565 2121 adhaeret
1581 2084 1707 2132 passis
1728 2083 1786 2120 ait
1803 2083 1887 2133 pal-

327 2142 402 2179 mis
422 2143 647 2191 patentibus
668 2145 707 2181 et
726 2144 895 2182 extensis
913 2144 1016 2190 falso
1035 2144 1185 2187 reiecta,
1200 2154 1435 2191 quamquam
1452 2143 1533 2180 iam
1551 2143 1643 2180 sciri
1660 2154 1739 2180 nou
1750 2144 1887 2190 potest,

327 2200 477 2239 huicine
502 2203 597 2240 libro
624 2204 863 2251 adscriptum
886 2203 1016 2250 fuerit,
1043 2205 1206 2240 ceterum
1230 2213 1364 2240 verum
1389 2202 1549 2246 videtur,
1577 2204 1611 2239 et
1627 2203 1782 2249 poterat
1800 2203 1888 2239 orat

329 2260 422 2298 addi
449 2255 514 2313 (ef.
534 2256 605 2314 20)
614 2276 628 2307 ,·
655 2263 710 2300 sie
731 2263 922 2310 Veryilius
946 2263 1060 2311 pater
1077 2261 1266 2299 Anchises
1293 2261 1420 2310 passis
1447 2260 1494 2298 de
1519 2261 1635 2298 litore
1653 2260 1797 2309 palmis
1815 2273 1887 2298 nu-

327 2319 435 2356 mina
460 2332 604 2370 magna
628 2322 745 2359 vocat
764 2316 881 2374 (Aen.
902 2333 948 2358 111
976 2315 1102 2373 263);
1125 2319 1256 2359 Cicero
1274 2331 1351 2368 pro
1376 2319 1468 2358 Sest.
1493 2328 1559 2368 55,
1580 2329 1594 2355 1
1610 2329 1623 2355 1
1637 2328 1656 2367 7
1680 2321 1830 2357 stantes
1851 2320 1887 2357 ei

327 2377 507 2416 manibus
537 2381 662 2428 passis
691 2381 841 2430 gratias
877 2381 1060 2430 agentes,·
1086 2380 1260 2427 idemque
1285 2380 1329 2416 iu
1353 2377 1511 2417 Arateis
1537 2373 1603 2431 (de
1626 2381 1705 2417 nat.
1731 2379 1832 2416 deor.
1855 2391 1886 2415 11

330 2446 355 2483 4
361 2445 397 2485 3,
416 2446 429 2472 1
446 2446 459 2471 1
475 2431 514 2489 1)
529 2440 655 2486 passis
674 2439 816 2488 palmis
837 2440 935 2477 dixit
953 2439 1054 2487 quod
1075 2437 1223 2477 Graece
1242 2440 1297 2476 est
1314 2435 1536 2489 ἀμφοτέρας
1555 2440 1682 2488 χεῖρας
1701 2436 1886 2476 τανύοντι

327 2492 484 2542 ἐοικώς;
502 2508 622 2543 neque
639 2509 747 2536 secus
765 2501 864 2549 χεῖρε
883 2497 1076 2544 πετάσσας
1095 2494 1317 2549 ἀμφοτέρας
1337 2499 1371 2534 et
1387 2497 1533 2535 similia
1552 2497 1659 2544 apud
1671 2496 1886 2533 Homerum

328 2557 362 2592 et
380 2556 489 2599 alios,
504 2567 618 2603 saepe
637 2568 722 2594 eum
734 2558 926 2605 precandi
943 2558 1095 2595 ‘notione
1115 2558 1326 2595 coniuncta.
1334 2556 1452 2603 prius
1472 2558 1599 2594 autem
1611 2555 1884 2604 fraymeutum,

327 2614 429 2661 quod
451 2614 576 2662 fuisse
598 2618 689 2662 puto
716 2628 832 2666 aegro
859 2616 973 2655 corde
999 2616 1119 2654 comis
1143 2616 1282 2665 passis,
1309 2617 1342 2652 et
1360 2615 1460 2663 quod
1478 2626 1527 2652 ue
1545 2626 1614 2652 suo
1634 2615 1787 2662 quidem
1806 2615 1884 2652 loco

327 2674 434 2720 apud
451 2673 626 2711 Nouium
643 2674 775 2712 haberi
797 2677 955 2720 videtur,
974 2677 1129 2723 poterat
1147 2676 1390 2713 coniunctum
1411 2685 1489 2712 esse
1508 2685 1594 2711 cum
1616 2682 1638 2720 3
1647 2682 1668 2720 5
1681 2683 1694 2709 1
1720 2674 1885 2722 pinsunt

326 2734 474 2770 terram
502 2733 682 2783 genibus,
712 2735 764 2771 ad
792 2746 877 2772 eum
903 2735 1059 2772 modum
1088 2745 1160 2782 quo
1186 2733 1328 2771 Livius
1355 2734 1487 2771 scribit
1510 2745 1607 2770 xxvl
1634 2742 1671 2781 9,
1696 2740 1715 2779 7
1744 2733 1787 2769 in
1813 2735 1884 2770 ter-

326 2803 413 2829 rore
437 2792 701 2830 Hannibalieo
731 2794 935 2830 matronae
963 2824 969 2829 .
992 2824 998 2830 .
1022 2824 1029 2830 .
1058 2793 1229 2830 crinibus
1260 2793 1387 2841 passis
1420 2803 1508 2829 aras
1540 2792 1739 2829 verrentes
1769 2793 1883 2828 nixae

327 2850 491 2900 genibus
511 2851 672 2901 supinas
691 2863 831 2889 manus
852 2852 901 2889 ad
918 2853 1070 2890 caelum
1089 2851 1292 2889 tendentes
1326 2888 1331 2892 ,
1413 2851 1497 2888 352
1519 2850 1571 2887 Et
1590 2850 1707 2888 simul
1727 2850 1884 2887 erubuit

329 2909 560 2949 Gulielmius
580 2905 646 2963 (cf.
675 2905 793 2964 128):
819 2911 894 2948 essi
918 2911 1061 2948 mulier
1086 2910 1242 2948 erubuit
