2004 3278
269 193 411 230 CLVIII
770 192 814 226 H.
840 190 905 226 DE
924 189 1080 225 LIBRJS
1100 189 1332 226 ENNIANIS

269 307 338 356 qui
362 306 543 344 accurate
568 304 611 341 in
635 303 738 341 hanc
764 314 843 352 qua
869 302 1066 341 scribebat
1084 304 1257 341 aetatem
1277 302 1530 352 quadrarent,
1556 301 1625 340 sed
1648 303 1695 340 ut
1712 302 1832 341 simul

267 365 428 403 adderet
448 358 656 415 (quoniam
674 362 910 411 simpliciter
929 361 1131 411 appellare
1150 363 1352 400 auctorem
1370 374 1451 400 non
1468 356 1659 415 poterat),
1685 361 1717 399 ii
1735 362 1832 400 anni

268 423 317 461 ab
342 423 463 460 Ennii
487 423 618 460 aetate
644 420 740 470 quid
764 421 970 469 distarent,
1002 433 1082 459 non
1108 422 1224 470 quasi
1247 421 1551 470 reprehenderet
1575 422 1736 470 poetam
1761 422 1832 458 aut

266 483 300 520 is
326 481 443 531 plane
469 481 548 519 alio
575 480 930 530 computandorum
955 492 1148 518 annorum
1172 480 1288 518 modo
1314 491 1408 518 usus
1433 482 1546 519 esset.
1574 480 1652 518 Sed
1677 480 1748 529 qui
1771 481 1831 518 ita

266 541 443 590 loquitur
465 541 692 588 septiuqenti
715 542 807 578 suut
822 540 948 588 paulo
970 540 1061 588 plus
1086 542 1157 578 aut
1179 541 1310 578 minus
1334 541 1432 578 amni
1454 552 1501 578 ex
1520 541 1627 578 certa
1645 551 1687 577 re
1707 541 1830 590 gesta,

266 612 345 638 non
375 599 491 638 valde
522 600 698 637 curiosus
731 601 791 637 est
821 599 868 637 de
900 600 1036 637 exacto
1068 611 1231 637 numero
1257 611 1450 637 annorum
1476 600 1516 636 et
1540 598 1764 636 subindicat
1788 610 1830 636 se

266 671 345 697 non
369 660 687 706 intercessurum,
719 659 754 696 si
778 658 868 707 plus
893 659 1027 708 potius
1054 670 1174 707 quam
1197 659 1328 696 minus
1353 670 1447 697 vero
1477 659 1658 707 posuisse
1689 670 1830 708 argua-

266 720 343 766 tur,
369 730 458 756 cum
481 717 524 755 id
549 720 685 769 ageret
709 720 754 755 ut
772 730 959 768 magnam
979 717 1283 756 diuturnitatem
1303 717 1555 768 significaret.
1581 717 1646 755 Ita
1665 716 1829 764 Ennius,

267 778 338 827 qui
363 779 511 815 certam
537 789 731 815 annorum
756 778 897 815 seriem
921 776 1131 824 retinebat,
1156 777 1268 826 loqui
1292 789 1371 815 non
1395 778 1564 826 poterat,
1589 777 1747 826 poterat
1771 777 1830 814 ita

268 836 496 885 loquentem
520 836 706 874 inducere
738 849 839 884 eum,
872 837 941 885 qui
970 837 1014 873 in
1045 836 1289 887 designanda
1320 837 1519 874 vetustate
1543 848 1592 874 ne
1617 847 1830 886 exaggera·

266 896 417 933 tionem
450 895 609 944 quidem
641 895 841 944 quandam
866 896 981 933 anxie
1007 907 1145 934 cavere
1171 895 1348 933 debebat.
1386 895 1538 944 Nempe
1569 908 1616 933 ex
1649 895 1829 933 oratione

265 955 336 993 hos
366 966 505 993 versus
535 954 788 1004 depromptos
821 954 1010 1003 arbita-or,
1046 954 1122 993 hoc
1155 954 1314 1004 quidem
1345 954 1482 993 ordine
1514 966 1592 1004 quo
1632 966 1702 992 suo
1741 954 1828 991 loco

267 1013 460 1053 collocavi

388 1079 457 1111 500
481 1073 665 1112 Moribus
689 1074 861 1121 antiquis
884 1084 946 1112 res
970 1076 1047 1111 stat
1069 1073 1253 1111 Romana
1276 1073 1457 1121 virisque.

385 1139 451 1171 501
478 1131 714 1181 Septingenti
737 1135 830 1170 sumt
845 1133 970 1180 paulo
987 1133 1083 1180 plus
1108 1135 1178 1170 aut
1200 1134 1331 1171 miuus
1356 1133 1465 1177 anui,

477 1190 654 1240 Auyusto
680 1193 846 1240 auyurio
863 1194 1072 1240 postquam
1095 1192 1230 1230 inclita
1255 1192 1409 1230 condita
1433 1191 1561 1229 Roma
1586 1193 1651 1236 est,

268 1250 335 1289 sed
360 1251 538 1289 oratione
565 1262 667 1299 quae
694 1251 807 1288 cuius
832 1251 954 1288 fuerit
984 1263 1063 1289 non
1095 1252 1223 1301 magis
1250 1252 1374 1289 scitur
1399 1263 1518 1299 quam
1543 1251 1586 1287 in
1611 1262 1691 1300 qua
1714 1251 1828 1299 parte

266 1308 395 1358 operis
426 1309 558 1359 posita
589 1309 720 1348 fuerit.
757 1307 841 1354 Quo
872 1310 1002 1348 minus
1035 1311 1342 1348 consentaneum
1374 1311 1434 1348 est
1465 1309 1514 1347 ab
1545 1309 1607 1347 his
1638 1308 1829 1357 versibus,

267 1380 434 1417 quorum
458 1368 611 1406 notatio
637 1369 826 1418 temporis
852 1369 894 1406 in
918 1370 1054 1407 tenore
1081 1369 1265 1407 carminis
1286 1368 1567 1407 obscuritatem
1592 1381 1722 1407 creare
1750 1381 1829 1406 non

267 1428 436 1477 poterat,
463 1428 576 1476 quasi
600 1428 717 1465 unico
742 1427 868 1465 fulcro
893 1429 1119 1466 universam
1143 1430 1367 1478 temporum
1391 1429 1586 1466 rationem
1606 1428 1829 1466 Ennianam

266 1486 502 1536 suspendere
521 1486 635 1525 velle.
661 1485 844 1525 Orationi
869 1487 939 1525 illa
964 1487 1134 1526 retribui
1157 1488 1199 1525 in
1217 1489 1348 1537 poeta,
1372 1500 1488 1537 quem
1507 1487 1634 1526 adhuc
1652 1487 1829 1525 videmus

266 1546 483 1584 multarum
515 1546 740 1584 orationum
764 1546 898 1596 fuisse,
929 1547 1074 1584 mirum
1098 1559 1177 1585 non
1202 1549 1272 1595 est,
1305 1559 1350 1585 ac
1378 1548 1545 1585 fortasse
1575 1546 1719 1585 inutile
1750 1559 1829 1585 non

266 1606 326 1644 est
355 1605 554 1643 reminisci
585 1617 720 1643 eorum
752 1618 852 1654 quae
884 1606 991 1655 apud
1015 1606 1242 1656 Appianum
1274 1606 1462 1657 leguntur
1490 1607 1534 1644 in
1558 1605 1718 1644 Punicis
1748 1606 1827 1654 pri-

265 1677 375 1702 mum
393 1677 408 1702 1
427 1678 465 1714 p.
487 1664 586 1713 236,
602 1665 624 1701 2
646 1664 774 1702 Mend.
800 1666 891 1714 post
910 1665 1174 1703 Hannibalem
1194 1678 1218 1703 a
1238 1665 1419 1715 Scipione
1445 1664 1643 1703 devictum
1666 1666 1708 1703 in
1727 1665 1828 1702 Has-

266 1722 441 1762 drubalis
466 1724 645 1762 oratione
670 1723 916 1774 deprecantis
942 1719 1005 1763 οἷα
1029 1723 1095 1763 καὶ
1119 1721 1144 1774 ἡ
1170 1723 1454 1776 Καρχηδονίων
1478 1723 1590 1770 πόλις
1612 1720 1638 1774 ἡ
1663 1729 1733 1775 τῆς
1751 1727 1828 1772 Λι-
1883 1740 1889 1745 ·

266 1782 367 1833 βύης
392 1782 549 1834 μεγίστη
574 1781 641 1821 καὶ
666 1782 915 1833 δυνατωτάτη
937 1815 943 1822 .
967 1814 974 1822 .
995 1812 1003 1821 .
1023 1781 1267 1830 ἑπτακοσίοις
1291 1781 1414 1822 ἔτεσιν
1433 1780 1644 1833 ἀνθήσασαι
1665 1813 1673 1821 .
1694 1812 1703 1821 .
1724 1814 1731 1821 .
1751 1788 1828 1822 νῦν

266 1840 337 1892 τὴν
369 1840 507 1880 ἐλπίδα
536 1841 728 1893 σωτηρίας
759 1839 802 1880 ἐν
834 1841 929 1893 ὑμῖν
960 1841 1053 1894 ἔχει,
1085 1842 1225 1881 deinde
1257 1841 1497 1893 Carthagine
1530 1842 1664 1881 diruta
1700 1843 1742 1880 in
1778 1843 1827 1881 iis

267 1913 366 1950 quae
387 1900 520 1951 Scipio
546 1913 678 1939 secum
702 1901 750 1939 de
775 1902 858 1940 fato
884 1902 1113 1940 mortalium
1132 1901 1325 1940 deliberat
1342 1914 1358 1939 1
1374 1915 1412 1951 p.
1435 1902 1532 1949 319,
1548 1902 1571 1939 6
1594 1901 1720 1940 Mend.
1742 1899 1763 1940 ὁ
1783 1899 1826 1940 δὲ

270 1960 451 1999 Σκιπίων
470 1959 585 1999 πόλιν
606 1957 709 2011 ὀρῶν
728 1958 971 2008 ἑπτακοσίοις
991 1959 1113 1999 ἔτεσιν
1132 1959 1367 2011 ἀνθήσασαν
1387 1959 1464 1999 ἀπὸ
1484 1966 1554 1999 τοῦ
1570 1965 1828 2011 συνοικισμοῦ

269 2015 323 2072 (h.
344 2032 374 2057 e.
396 2032 420 2058 a
445 2014 630 2072 Didone).
662 2019 726 2057 Ita
750 2020 830 2058 fere
857 2016 1003 2073 (neque
1029 2021 1134 2058 enim
1158 2020 1219 2058 his
1251 2021 1312 2058 uti
1342 2020 1432 2058 volo
1463 2022 1509 2057 ut
1541 2017 1827 2070 ‘septingentos

268 2075 407 2117 annos’
427 2078 547 2117 Ennii
572 2079 623 2116 ad
656 2077 907 2130 Carthaginis
939 2080 1224 2129 aequalitatem
1255 2080 1491 2129 compositos
1522 2074 1702 2132 probem)
1734 2079 1828 2117 licet

268 2139 397 2176 animo
428 2138 642 2176 informare
673 2139 805 2177 nescio
838 2151 952 2188 quem
985 2139 1208 2178 Romanum
1238 2139 1281 2176 in
1312 2151 1359 2176 ea
1390 2139 1585 2186 oratione,
1616 2151 1695 2187 qua
1725 2139 1826 2176 anti-

271 2198 404 2245 quitus
429 2199 610 2236 constare
635 2197 744 2235 urbis
769 2198 970 2236 fortunam
995 2210 1040 2236 ac
1066 2199 1256 2237 virtutem
1282 2198 1579 2246 demonstraret,
1606 2197 1827 2247 ponderosa

269 2256 466 2305 gravitate
491 2257 620 2295 Ennio
646 2257 769 2308 digna
793 2257 991 2296 elocutum
1016 2269 1098 2296 esse

478 2315 715 2365 Septinqeuti
737 2319 830 2354 suut
845 2317 971 2365 paulo
988 2317 1084 2364 plus
1108 2319 1179 2354 aut
1201 2317 1331 2354 miuus
1356 2317 1454 2354 armi

478 2373 655 2423 Auyusto
681 2377 846 2424 auyurio
863 2378 1072 2424 postquam
1095 2376 1231 2414 inclita
1255 2375 1409 2413 condita
1432 2374 1560 2413 Roma
1585 2377 1648 2413 est.

386 2432 527 2482 Itaque
551 2436 597 2471 ut
621 2434 756 2473 redeat
779 2434 941 2472 tandem
965 2434 1070 2472 unde
1095 2434 1253 2472 deflexit
1277 2434 1416 2482 oratio,
1441 2433 1518 2471 Ilia
1541 2446 1612 2483 per
1630 2433 1826 2471 familiare

268 2491 361 2529 huic
378 2494 518 2541 poetae
538 2493 680 2531 somnii
699 2493 911 2532 artificium
930 2494 1199 2532 calamitatem
1219 2492 1426 2542 praevidet
1450 2505 1561 2530 suam
1581 2504 1699 2541 quam
1718 2492 1825 2530 dein-

270 2562 360 2600 ceps
379 2552 497 2599 poeta
514 2553 599 2600 ipse
618 2554 807 2601 narravit,
832 2566 911 2591 non
937 2553 1033 2591 adeo
1052 2564 1170 2602 parce
1190 2550 1376 2590 Ovidium
1395 2552 1430 2589 si
1449 2551 1561 2590 audis
1579 2552 1681 2589 trist.
1695 2563 1726 2588 11
1741 2552 1824 2589 259

267 2611 476 2657 sumpserit
498 2611 659 2649 annales
685 2611 803 2658 (nihil
827 2615 882 2650 est
904 2613 1093 2651 hirsutius
1116 2610 1236 2659 illis).-
1258 2612 1366 2658 facta
1388 2612 1440 2648 sit
1456 2611 1559 2649 unde
1570 2622 1719 2658 pareus
1738 2610 1769 2647 I
1769 2611 1826 2648 lia

268 2680 403 2717 nempe
433 2669 526 2717 leyet
555 2664 731 2722 (xxvm).
769 2670 887 2708 Iliam
917 2671 1120 2709 Vestalem
1150 2670 1270 2708 fuisse
1302 2668 1438 2707 Cicero
1470 2669 1517 2706 de
1549 2669 1626 2707 div.
1646 2682 1661 2706 1
1681 2671 1749 2718 20,
1769 2670 1825 2707 40

270 2722 402 2779 (ibid.)
428 2727 591 2776 indicat,
622 2730 664 2766 in
690 2742 806 2779 quem
831 2742 909 2768 non
935 2730 1014 2767 fuit
1037 2731 1169 2780 ipsum
1193 2741 1335 2767 nomen
1360 2728 1458 2766 Iliae
1484 2727 1739 2766 coniectando
1767 2727 1824 2764 in-

268 2786 484 2824 ferendum.

387 2845 484 2884 Post
507 2847 664 2895 partum
690 2846 767 2884 Ilia
792 2848 834 2885 in
859 2847 1033 2885 Tiberim
1058 2847 1314 2897 praecipitari
1346 2845 1504 2884 iubetur
1535 2857 1559 2883 a
1588 2858 1681 2895 rege
1705 2845 1826 2883 Alba-

270 2917 411 2942 norum
436 2905 611 2955 Amulio,
641 2905 684 2942 in
709 2918 825 2955 quem
850 2908 1012 2956 tyranni
1035 2908 1140 2945 vices
1171 2906 1382 2945 contulisse
1408 2905 1581 2943 Ennium
1605 2904 1826 2954 Porphyrio

1971 0 2004 256 1

1992 258 2004 370 ἐ
