2020 3334
334 157 483 193 LXXVI
894 156 919 190 I.
947 154 1174 205 HISTORIA
1192 154 1331 204 ΕΝΝΠ

334 270 576 318 fabulositas.
600 268 642 316 Q.
657 268 815 319 Ennius
832 268 873 305 T.
891 266 1103 306 Caecilium
1126 267 1314 305 Teucrum
1332 268 1567 317 fratremque
1586 269 1667 318 eius
1684 269 1898 335 praecipue

334 330 499 367 miratus
523 330 684 375 propter
716 337 776 364 eos
806 328 955 364 sextum
985 326 1176 364 decimum
1207 315 1347 364 adiecit
1377 326 1569 365 annalem
1607 314 1666 365 Ex
1700 328 1896 377 principio

338 388 421 425 eius
447 386 540 424 libri
565 385 769 423 annalium
795 398 911 437 quem
931 384 1028 423 dicit
1046 384 1151 422 haec
1161 384 1306 433 hausit,
1333 397 1433 435 quae
1453 386 1648 434 quomodo
1669 386 1898 436 accipienda

337 446 526 484 essentia
547 446 621 483 661.
642 444 749 482 acad.
770 456 805 482 a.
829 444 940 482 1886
961 457 999 493 p.
1022 445 1075 482 34
1085 456 1140 496 sq.
1162 444 1346 495 exposui.
1355 444 1548 482 Fabulam
1567 445 1689 483 etiam
1711 445 1758 484 de
1777 445 1898 484 Ε111111

335 506 469 543 5161116
499 504 542 541 111
568 502 798 570 Scipionum
829 503 1007 569 sepulcro
1040 493 1234 541 collocata
1265 502 1314 540 ab
1344 493 1392 541 60
1420 503 1527 541 tradi
1551 498 1628 556 (vn
1650 499 1752 557 114)
1779 516 1898 554 supra

335 577 372 612 p.
393 575 463 601 xxx
488 563 705 601 memoravi
730 564 770 601 et
794 563 914 601 verba
939 562 1022 601 eius
1049 562 1259 600 artificiose
1286 563 1697 612 quaesita-perscripsi
1716 565 1896 613 616111111-

336 623 409 661 cui.
435 621 518 660 Nec
544 623 794 672 praetermisi
819 616 874 675 (p.
896 634 980 659 xxn
994 615 1070 674 sq.)
1093 634 1192 670 quae
1212 621 1260 659 (16
1279 620 1464 669 Pacuvio,
1491 634 1607 671 quem
1626 622 1753 661 Ennii
1769 634 1899 662 sorore

331 683 503 730 yenitum
522 681 631 729 dicit,
651 683 691 719 et
704 680 751 719 de
766 682 848 719 eius
869 681 998 731 gloria
1018 693 1136 730 quam
1156 680 1345 731 pingendi
1365 682 1450 718 arte
1469 681 1667 731 pepererit
1680 675 1808 733 (xxxv
1824 677 1897 735 19)

335 742 505 779 testatus
538 742 607 778 est.
642 740 751 778 Haec
783 740 830 778 de
860 740 1036 778 naturali
1065 740 1243 778 historia.
1278 739 1325 777 In
1356 739 1457 778 libro
1490 741 1748 790 grammatico
1782 753 1897 790 quem

336 800 495 848 scripsit
524 800 711 837 sermonis
744 799 854 837 dubii
883 798 1068 837 eredibfle
1094 800 1154 836 est
1178 800 1332 848 partem
1359 798 1516 848 quidem
1541 811 1725 838 versuum
1751 800 1897 838 Ennia—

335 872 476 896 norum
507 859 650 896 lectam
682 857 802 896 fuisse
836 871 954 907 quam
989 856 1188 895 Charisius
1222 858 1336 896 affert
1366 858 1485 896 toties
1517 859 1578 897 his
1609 858 1720 898 libris
1753 859 1896 898 citatis.

337 917 422 962 Qua
448 917 495 955 de
520 931 561 955 re
587 929 656 955 suo
682 917 769 956 1060
797 917 1004 956 dicendum
1030 918 1099 955 est.

454 976 678 1015 Domitiani
708 977 935 1026 principatu
965 977 1045 1014 tres
1077 977 1170 1014 sunt
1197 977 1355 1025 poetae,
1389 977 1457 1025 qui
1488 988 1528 1014 se
1554 976 1675 1014 Ennii
1706 990 1897 1016 memores

335 1035 516 1085 probant,
537 1036 718 1084 quamvis
738 1049 816 1074 non
835 1036 924 1085 pari
944 1048 1033 1073 eum
1051 1034 1198 1073 iudicio
1219 1036 1439 1083 aestiment,
1467 1034 1588 1074 Silius
1607 1035 1783 1084 Italicus,
1809 1036 1896 1075 Sta-

337 1095 429 1142 tius,
453 1094 662 1133 Martialis.
689 1093 864 1140 Quorum
890 1094 1012 1133 Sih’us
1036 1106 1203 1144 magnus
1229 1093 1413 1133 laudator
1437 1095 1516 1132 fuit
1541 1095 1671 1132 Ennii.
1699 1094 1773 1140 Qui
1798 1109 1897 1145 quae

337 1153 384 1192 de
411 1155 494 1192 eius
521 1153 672 1204 origine
698 1154 836 1192 attulit
862 1148 977 1206 (Pun.
998 1165 1055 1190 ΧΠ
1077 1154 1159 1191 393
1175 1147 1278 1206 sqq.)
1305 1165 1425 1202 supra
1449 1155 1490 1191 in
1515 1153 1600 1192 vita
1622 1154 1743 1192 Ennii
1766 1168 1803 1204 p.
1824 1167 1897 1194 v111

338 1212 510 1250 adhibui.
539 1212 614 1251 Sed
639 1213 713 1251 hoc
738 1214 824 1251 1060
850 1213 936 1251 fieri
960 1225 1039 1251 non
1064 1214 1195 1261 potest
1222 1213 1317 1262 quin
1337 1214 1465 1250 totum
1487 1214 1742 1262 praeconium
1762 1227 1897 1263 quam-

335 1273 395 1310 vis
420 1272 617 1321 prolixum
642 1272 917 1321 perscribatur.

547 1331 639 1369 Non
664 1332 836 1379 equidem
860 1333 1087 1369 innumeras
1113 1331 1245 1369 caedes
1270 1333 1392 1378 totque
1416 1331 1577 1369 horrida
1601 1333 1706 1379 facta

547 1389 749 1437 Sperarim
774 1393 878 1428 tanto
904 1391 1018 1438 diyne
1035 1401 1112 1437 pro
1136 1390 1290 1428 nomine
1314 1401 1446 1427 rerum

547 1449 725 1487 Pandere
749 1461 817 1488 666
842 1450 953 1488 dietis
979 1450 1188 1487 bellantum
1214 1460 1380 1497 aequare
1405 1449 1580 1488 calorem.

454 1515 523 1546 390
547 1508 623 1546 Sed
647 1519 724 1559 vos,
753 1507 935 1556 Calliope,
960 1511 1089 1546 nostro
1115 1508 1252 1546 donate
1277 1508 1402 1546 labori

549 1567 655 1605 Nota
672 1579 821 1615 par-um
846 1568 980 1616 magni
1004 1568 1115 1615 lonqo
1140 1567 1349 1605 tradantur
1373 1570 1416 1604 ut
1440 1578 1532 1605 aevo

548 1627 674 1664 Facta
699 1627 777 1664 viri
802 1630 835 1664 et
859 1627 1038 1665 meritum
1062 1627 1143 1664 vati
1167 1637 1363 1664 sacremus
1388 1627 1578 1664 bonorem.

552 1686 711 1724 Ennius
736 1687 899 1734 antiqua
923 1686 1101 1733 Messapi
1127 1685 1175 1723 ab
1201 1686 1347 1733 oriyine
1371 1686 1472 1738 reyts

549 1745 739 1782 Miscebat
757 1746 913 1792 primas
939 1745 1051 1789 acies,
1075 1744 1291 1792 Latiaeque
1315 1744 1522 1791 superbum

456 1810 523 1841 395
558 1803 655 1842 Vitis
681 1804 899 1841 adornabat
923 1804 1097 1841 dextram
1122 1803 1235 1841 decus
1244 1817 1257 1849 ;
1281 1803 1437 1850 hispida
1463 1803 1572 1841 tellus

550 1863 747 1900 Miserunt
775 1862 956 1909 O'alabri,·
979 1862 1136 1900 Rudiae
1156 1873 1321 1910 ,qenuere
1346 1864 1530 1900 vetustae:

548 1922 666 1959 Nune
690 1922 846 1960 Rudiae
870 1922 949 1959 solo
974 1921 1218 1959 memorabile
1242 1931 1380 1958 nomen
1405 1921 1574 1959 alumno.

550 1981 594 2018 Is
612 1982 748 2027 prima
772 1981 815 2018 in
833 1993 983 2029 puyna,
1008 1983 1112 2018 vates
1137 1983 1180 2018 ut
1208 1980 1402 2018 Thracius
1427 1980 1519 2018 olim

550 2040 743 2087 Infestam
767 2040 861 2077 bello
887 2042 1057 2087 quateret
1080 2051 1166 2077 cum
1195 2038 1354 2087 Cyzicus
1378 2037 1486 2087 Aryo

456 2105 525 2136 400
550 2098 711 2146 Spicula
736 2099 903 2146 deposito
928 2098 1154 2145 Rhodopeia
1171 2099 1322 2145 pectine
1346 2099 1466 2142 torsit,

550 2157 810 2205 Spectandum
835 2169 914 2195 sese
938 2168 1017 2195 non
1034 2169 1167 2205 parva
1190 2159 1318 2204 straqe
1341 2157 1516 2194 virorum

551 2217 724 2261 Fecerat,
750 2219 784 2255 et
807 2217 962 2255 dextrae
983 2217 1167 2265 yliscebat
1191 2216 1371 2254 caedibus
1396 2216 1526 2253 ardor.

549 2274 729 2320 Advolat,
755 2278 954 2314 aeternum
977 2286 1140 2323 sperans
1163 2276 1247 2322 fore
1264 2274 1423 2322 pelleret
1446 2274 1594 2313 Hostus

549 2333 594 2372 Si
618 2337 766 2372 tantam
791 2335 927 2379 labem,
952 2346 998 2373 66
1015 2335 1208 2382 perlibrat
1231 2334 1380 2372 viribus
1404 2334 1567 2372 hastam.

455 2399 523 2430 405
549 2393 653 2431 Risit
676 2395 777 2432 nube
800 2394 934 2432 sedens
958 2395 1053 2431 vani
1078 2394 1284 2431 conamina
1308 2393 1427 2440 coepti

550 2452 606 2489 Et
628 2452 743 2490 telum
761 2453 901 2500 procul
924 2453 969 2491 in
992 2456 1120 2490 ventos
1145 2452 1293 2490 dimisit
1314 2450 1455 2498 Apollo

550 2510 610 2549 Ac
632 2523 749 2559 super
773 2512 852 2549 liis:
878 2508 1058 2549 ‘nimium
1082 2512 1233 2549 iuvenis
1256 2511 1495 2557 nimiumque
1517 2510 1674 2558 superbi

550 2569 716 2617 Spei-ata
740 2571 914 2609 hausisti.
940 2570 1058 2608 Sacer
1082 2571 1143 2608 hic
1168 2582 1214 2608 ac
1237 2580 1382 2618 maqna
1405 2579 1582 2606 sororum

550 2628 750 2667 Aonidum
775 2641 871 2667 cura
896 2632 949 2667 est
974 2632 1007 2667 et
1031 2629 1172 2677 diynus
1196 2628 1378 2676 Apolline
1402 2630 1516 2665 vates.

456 2694 525 2725 410
552 2688 630 2725 Hic
655 2690 763 2726 canet
786 2689 931 2726 illustri
948 2689 1105 2735 primus
1131 2688 1229 2726 bella
1254 2687 1362 2725 Itala
1386 2697 1499 2724 versu

550 2745 777 2794 Attolletque
802 2747 915 2785 duces
940 2747 1064 2793 caelo‚·
1087 2758 1268 2785 resonare
1293 2746 1436 2784 docebit

551 2806 630 2843 Hic
654 2805 784 2844 Latiis
809 2806 999 2844 Helicona
1023 2806 1146 2844 modis
1170 2817 1239 2844 nec
1262 2805 1364 2844 cedet
1386 2805 1526 2842 honore

551 2862 721 2904 Ascraeo
745 2866 901 2913 famave
924 2861 1034 2903 seni.'
1049 2864 1124 2904 Sic
1148 2865 1332 2910 Phoebus,
1358 2866 1392 2903 et
1415 2863 1537 2902 Hosto
