2020 3334
818 241 866 276 M.
888 241 1054 277 VARRO
1554 245 1721 281 XXXVII

161 353 361 404 assignare
387 365 466 391 non
491 352 594 390 licet.
639 352 698 390 De
724 353 866 402 quibus
892 365 970 392 non
997 355 1055 393 est
1080 355 1185 404 quod
1210 357 1369 406 agatur:
1402 369 1494 395 nam
1519 369 1568 395 ne
1588 370 1644 396 vn
1666 359 1718 396 93

160 412 320 462 quidem
345 410 606 450 dubitandum
631 423 713 450 esse
739 411 786 451 de
813 412 930 450 Ennii
957 414 1114 452 nomine
1140 426 1259 463 supra
1283 429 1320 464 p.
1342 428 1470 453 xxxin
1490 415 1719 467 significavi.

159 471 293 510 Unum
331 472 473 520 restat,
511 470 616 520 quod
653 470 883 521 ambiguum
921 474 980 510 est
1018 474 1098 512 utri
1135 475 1240 522 parti
1278 474 1535 513 adscribatur.
1579 488 1637 514 vn
1664 477 1717 514 23

159 531 343 569 lemmate
379 530 621 580 praescripto
653 529 811 580 singula
843 531 1090 579 explicantur
1129 532 1176 570 de
1207 545 1331 571 more:
1373 530 1526 572 ‘Ferme
1557 535 1722 573 aderam*

158 601 320 638 aequore
349 591 393 627 in
424 590 500 628 alto
531 589 681 627 ratibus
711 586 956 637 merentibus.²
989 602 1097 628 mare
1128 592 1364 638 appellatum
1390 594 1490 640 quod
1515 597 1719 641 aequatum

157 662 244 688 cum
275 651 500 688 commotu-m
530 651 639 686 vento
668 659 747 686 non
779 651 842 686 est.
879 650 977 686 ratis
1007 651 1121 687 navis
1158 650 1292 698 lorica-s
1329 651 1442 700 dixit,
1473 655 1516 689 ut
1545 653 1720 691 Naevius

157 721 245 748 cum
281 710 339 747 ait
374 721 451 757 eqs.
484 707 613 756 Atqui
644 707 739 745 olim
769 708 1020 757 transpositis
1052 708 1180 747 verbis
1211 709 1480 748 hexametrum
1512 711 1720 750 effecerunt

157 767 263 807 haud
299 768 502 806 inscitum:
540 767 679 805 Ferme
717 766 882 805 aderant
916 768 1067 805 ratibus
1102 769 1321 815 repentibus
1358 781 1520 816 aequore
1555 772 1598 808 in
1629 771 1717 815 alto,

157 839 277 877 quem
308 826 409 864 nihil
445 825 686 876 impediebat
724 826 933 864 annalibus
961 826 1080 864 Ennii
1118 827 1349 866 adscribere.
1393 827 1541 866 Verum
1577 829 1720 876 obstat,

157 886 261 936 quod
287 886 415 924 Varro
446 886 659 935 pristinum
690 885 899 923 verborum
931 885 1107 924 ordinem
1139 888 1293 924 secutus
1324 888 1495 936 primum
1527 884 1718 941 aequor-⁵¹²)

159 945 255 995 quid
285 947 463 992 vocetur,
496 944 634 982 deinde
665 946 764 983 ratis
796 944 1002 994 explicuit,
1034 947 1079 983 ut
1111 946 1228 994 solet,
1260 946 1370 984 velut
1401 959 1457 985 vn
1491 947 1557 984 86.
1581 948 1647 998 93,
1679 951 1719 985 et

157 1005 224 1042 ubi
256 1004 440 1052 discedit,
477 1005 525 1041 ut
555 1017 613 1042 vn
640 1005 714 1052 22,
753 1016 872 1042 causa
904 1006 1042 1053 aperta
1081 1007 1156 1053 est,
1195 1018 1295 1054 quae
1333 1018 1434 1043 nunc
1473 1006 1584 1044 nulla
1623 1008 1717 1045 erat.

156 1064 296 1113 Itaque
328 1076 398 1101 nec
429 1063 648 1112 dactylicus
680 1064 758 1101 fuit
787 1063 851 1102 hic
882 1076 1017 1102 versus
1050 1064 1117 1102 sed
1143 1064 1307 1103 fortasse
1334 1065 1617 1113 anapaesticus,
1650 1078 1719 1104 nec

157 1125 216 1162 est
248 1123 352 1172 quod
384 1122 431 1160 de
463 1123 591 1160 Ennio
623 1123 829 1173 cogitetur.

274 1182 333 1220 De
359 1183 497 1220 ceteris
523 1181 642 1219 Ennii
668 1183 825 1231 scriptis
850 1181 1068 1221 Varronem
1095 1183 1356 1221 Ecdeemermn
1381 1182 1422 1220 in
1447 1196 1577 1220 rerum
1602 1183 1718 1222 rusti-

156 1254 290 1280 carum
316 1254 360 1279 111
392 1242 533 1280 citasse
571 1254 690 1290 supra
727 1243 954 1279 memoravi.
1000 1242 1046 1279 In
1084 1242 1144 1281 his
1182 1242 1294 1280 libris
1332 1242 1378 1280 de
1410 1242 1547 1292 lingua
1575 1242 1719 1280 Latina

156 1314 182 1340 v
209 1302 261 1339 62
296 1301 415 1339 semel
445 1300 579 1338 Sotam
604 1301 730 1339 Ennii
768 1313 855 1338 cum
888 1313 1004 1339 versu
1037 1297 1088 1352 [1]
1121 1302 1271 1339 attulit.
1324 1300 1552 1351 Complures
1584 1314 1717 1340 versus

155 1373 200 1398 ex
233 1361 470 1408 Epicharmo
503 1360 630 1397 Ermii
666 1360 847 1397 laudavit
885 1360 952 1397 sed
986 1361 1044 1398 ita
1075 1362 1122 1398 ut
1153 1372 1307 1399 necesse
1338 1361 1391 1399 sit
1422 1361 1643 1399 accuratius
1675 1362 1717 1398 in

158 1432 244 1458 eam
276 1433 358 1457 rem
390 1421 625 1467 inquiratur.
676 1419 816 1468 Itaque
848 1420 904 1457 sic
936 1420 1021 1469 agit
1046 1432 1071 1458 v
1099 1419 1165 1458 59.
1216 1420 1436 1457 Humidum
1465 1422 1499 1457 et
1527 1420 1718 1468 friyidum

155 1482 258 1517 terra
289 1480 369 1517 sice
394 1475 483 1516 ‘ova
507 1480 646 1525 parire
669 1479 762 1516 solet
783 1490 904 1527 yemis
923 1480 1067 1526 permis
1091 1479 1394 1523 condecoratam,
1423 1490 1502 1516 non
1527 1475 1716 1517 animam’

153 1541 196 1576 ut
232 1539 288 1576 ait
315 1538 473 1576 Ennius
511 1534 561 1576 ‘et
583 1540 674 1585 post
703 1538 794 1576 inde
823 1539 927 1576 venit
957 1538 1144 1576 divinitus
1168 1539 1294 1585 pallis
1325 1539 1414 1586 ipsa
1445 1535 1608 1582 arzima',
1638 1539 1717 1576 sive

153 1600 196 1635 at
232 1597 364 1635 Zenon
405 1596 547 1635 Citieus
585 1597 819 1635 animalium
854 1608 981 1635 semen
1017 1598 1119 1645 iynis
1155 1598 1190 1635 is
1227 1598 1293 1644 qm·
1337 1598 1472 1635 anima
1512 1609 1558 1635 ac
1598 1609 1717 1642 mens,

153 1658 220 1704 qui
260 1656 393 1695 caldor
435 1668 453 1694 e
497 1656 599 1694 caelo
642 1656 743 1703 quod
784 1656 874 1694 hiric
915 1657 1217 1694 irimmierabiles
1261 1659 1294 1694 et
1329 1656 1563 1694 immortales
1599 1657 1716 1705 iqnes.

153 1717 281 1763 itaque
318 1716 582 1763 Epicharmus
619 1715 712 1753 dicit
747 1715 793 1753 de
828 1718 950 1753 merite
986 1716 1180 1753 humana:
1223 1717 1280 1753 ait
1316 1712 1417 1754 ‘istic
1457 1717 1510 1754 est
1553 1715 1599 1753 de
1640 1715 1718 1753 sole

152 1777 328 1823 sumptus
364 1770 505 1823 tyriis&
544 1774 646 1813 idem
681 1775 818 1813 solem:
860 1770 983 1822 ‘isque
1020 1777 1118 1812 totus
1155 1776 1292 1813 mentis
1332 1770 1413 1819 est’,
1454 1777 1498 1812 ut
1540 1775 1717 1813 humores

152 1834 321 1883 friyidae
350 1836 443 1872 sunt
470 1834 590 1878 humi,
620 1836 663 1872 ut
692 1846 816 1881 supra
847 1834 1004 1872 ostendi.
1056 1834 1202 1882 Quibus
1232 1835 1355 1872 itmcti
1379 1834 1527 1872 caelum
1553 1836 1587 1871 et
1610 1836 1714 1871 terra

152 1895 284 1931 omnia
316 1895 574 1941 eaeffenuerunt
597 1893 698 1941 quod
716 1905 791 1940 per
814 1894 882 1931 hos
906 1895 1053 1931 natura
1078 1889 1233 1941 ‘sriyori
1257 1895 1388 1931 miscet
1412 1893 1578 1931 calorem
1603 1895 1714 1940 atquc

151 1954 304 1991 humori
342 1948 605 1991 aritudioiem'.
643 1952 756 1991 Recte
793 1954 913 2000 igitar
943 1953 1115 1990 Pacatus
1146 1953 1247 2000 qaod
1278 1954 1335 1991 ait
1367 1948 1558 1990 ‘animam
1588 1952 1715 1990 aether

153 2007 327 2060 adiuyaff
363 2015 396 2050 et
427 2012 586 2050 Eamus
618 2007 778 2050 eterram
809 2023 948 2059 corpas
980 2023 1077 2059 qaae
1108 2012 1256 2050 dederit
1283 2013 1413 2059 ipsam
1438 2022 1572 2059 capere
1595 2022 1715 2058 neque

154 2071 334 2119 dispendi
370 2073 497 2119 facere
533 2068 683 2109 hilum?
729 2070 974 2121 Intelligitur
1011 2070 1230 2110 Varronem
1267 2071 1391 2109 solam
1429 2070 1715 2108 sententiarum

153 2131 429 2181 cognationem
461 2131 638 2169 secutum
669 2130 779 2168 miris
810 2129 937 2168 modis
975 2132 1152 2168 auctores
1191 2131 1230 2167 et
1270 2129 1391 2167 libros
1428 2129 1599 2167 miscere.
1640 2127 1714 2166 Sed

153 2190 342 2238 quoniam
374 2189 443 2238 qui
473 2189 692 2227 hexametri
723 2190 815 2227 sunt
843 2188 971 2226 Ennio
1005 2189 1283 2227 adscribuntur
1314 2183 1459 2241 (neque
1490 2200 1591 2237 quae
1621 2200 1714 2238 pen-

153 2248 262 2286 denti
305 2249 481 2286 oratione
490 2243 553 2300 me)
598 2248 815 2286 afferuntur
857 2250 1001 2286 terram
1037 2259 1175 2295 corpus
1214 2259 1312 2295 quae
1349 2247 1495 2285 dederit
1531 2259 1598 2296 eqs
1636 2259 1714 2285 non

154 2307 319 2345 eundem
362 2319 568 2344 numerum
610 2319 704 2356 prae
749 2319 788 2345 se
831 2307 963 2344 ferunt
1008 2319 1125 2356 quem
1162 2319 1188 2345 v
1222 2308 1301 2344 111
1344 2308 1384 2344 et
1415 2318 1456 2343 1x
1491 2306 1545 2343 54
1589 2306 1714 2343 allata

156 2368 292 2416 aperte
329 2361 582 2419 monstrant),
614 2366 776 2404 dubium
808 2378 886 2403 non
918 2367 977 2403 est
1009 2366 1104 2415 quin
1136 2365 1186 2403 ad
1218 2366 1379 2404 annales
1410 2364 1583 2415 redeant,
1616 2377 1713 2414 quo-

151 2439 239 2463 rum
274 2425 317 2463 in
354 2425 511 2464 exordio
549 2427 688 2464 notum
719 2427 779 2463 est
815 2425 1069 2474 philosophas
1105 2424 1319 2463 sententias
1353 2425 1550 2474 expositas
1581 2424 1711 2462 fuisse.

153 2484 262 2529 Quae
293 2498 385 2523 vero
411 2485 539 2524 Varro
565 2485 849 2533 Epicharmium
880 2483 976 2522 dicit
1008 2484 1161 2529 dixisse,
1196 2496 1273 2522 non
1305 2483 1423 2523 semel
1455 2483 1522 2522 sed
1548 2477 1713 2535 bismss),

270 2586 303 2631 ³⁸)
330 2597 463 2631 aequor
494 2586 595 2630 quod
627 2585 775 2620 addidit
806 2585 849 2619 A.
877 2583 1097 2630 Spengelius
1129 2596 1202 2620 non
1234 2586 1334 2619 recte
1366 2584 1455 2619 addi
1486 2583 1713 2629 persuadent

154 2646 207 2668 vn
233 2636 359 2668 30.31.
377 2636 455 2678 106,
481 2633 574 2668 haec
599 2633 691 2667 item
715 2632 842 2667 inutili
869 2632 1126 2667 additamento
1156 2634 1278 2676 aucta,
1304 2645 1355 2667 vn
1376 2636 1431 2675 70,
1452 2631 1498 2666 al.

252 2680 303 2724 **)
336 2680 483 2715 Similia
519 2681 558 2715 in
590 2679 732 2715 Lucilio
771 2679 844 2714 sibi
874 2679 1062 2724 permisit,
1095 2679 1141 2714 de
1170 2690 1243 2723 quo
1275 2680 1320 2726 v1j
1339 2683 1382 2713 69
1416 2678 1555 2714 scribit.
1589 2680 1711 2722 itaque

154 2728 324 2763 Lucilius
347 2728 472 2763 scribit
496 2729 539 2763 de
561 2728 701 2770 Oretea,
727 2738 808 2762 cum
832 2727 882 2762 ad
906 2738 942 2762 se
966 2728 1128 2763 cubitum
1145 2727 1281 2763 venerit
1304 2730 1428 2770 sponte
1447 2726 1564 2770 ipsam
1582 2728 1710 2768 suapte

152 2776 348 2810 adductam
372 2779 413 2809 ut
437 2776 599 2810 tunicam
624 2779 656 2810 et
681 2779 795 2810 cetera
818 2775 974 2817 reiceret,
999 2785 1094 2818 quae
1120 2774 1221 2819 apud
1240 2773 1423 2808 Lucilium
1443 2784 1516 2807 non
1535 2772 1708 2816 poterant

152 2821 224 2856 nisi
248 2824 351 2857 recta
377 2822 544 2858 oratione
570 2822 709 2866 scripta
734 2832 829 2865 esse,
862 2832 974 2865 quam
999 2821 1259 2856 Lachmannus
1289 2820 1454 2856 restituit
1478 2830 1558 2854 cum
1583 2819 1632 2853 ad
1657 2829 1710 2852 me

153 2870 314 2904 cubitum
345 2874 506 2913 venerat,
538 2870 676 2922 Sponte·
701 2870 940 2922 ipsa-suapte
970 2869 1131 2904 adducta
1161 2872 1202 2903 ut
1232 2869 1394 2904 tunicam
1422 2870 1454 2901 et
1484 2870 1598 2901 cetera
1624 2865 1708 2899 Rei-

152 2915 1014 3009 ceretssssgagl{Iagznigoffmagsstieiigffiggicifizffia
1028 2919 1129 2998 ἶέξέὲε
1157 2963 1278 3007 itaque
1297 2963 1358 3006 (sc.
1380 2962 1422 2995 ut
1440 2960 1504 2994 ille
1523 2959 1587 3003 qui
1609 2959 1708 3002 ante)
