<?xml version="1.0" encoding="UTF-8"?>
<!DOCTYPE html PUBLIC "-//W3C//DTD XHTML 1.0 Transitional//EN"
    "http://www.w3.org/TR/xhtml1/DTD/xhtml1-transitional.dtd">
<html xmlns="http://www.w3.org/1999/xhtml" xml:lang="en" lang="en">
 <head>
  <title>
</title>
<meta http-equiv="Content-Type" content="text/html;charset=utf-8" />
  <meta name='ocr-system' content='tesseract 3.04.00' />
  <meta name='ocr-capabilities' content='ocr_page ocr_carea ocr_par ocr_line ocrx_word'/>
</head>
<body>
  <div class='ocr_page' id='page_1' title='image "./ennianaepoesisre00enniuoft_0435.png"; bbox 0 0 2054 3282; ppageno 0'>
   <div class='ocr_carea' id='block_1_1' title="bbox 677 198 1711 241">
    <p class='ocr_par' dir='ltr' id='par_1_1' title="bbox 677 198 1711 241">
     <span class='ocr_line' id='line_1_1' title="bbox 677 198 1711 241; baseline 0.005 -6"><span class='ocrx_word' id='word_1_1' title='bbox 677 198 975 235; x_wconf 85' lang='lat' dir='ltr'><strong>SATURARUM</strong></span> <span class='ocrx_word' id='word_1_2' title='bbox 1000 199 1087 234; x_wconf 91' lang='lat' dir='ltr'>LIB.</span> <span class='ocrx_word' id='word_1_3' title='bbox 1109 198 1198 234; x_wconf 84' lang='lat' dir='ltr'>INC.</span> <span class='ocrx_word' id='word_1_4' title='bbox 1626 198 1711 241; x_wconf 78' lang='grc'>207</span> 
     </span>
    </p>
   </div>
   <div class='ocr_carea' id='block_1_2' title="bbox 157 320 1529 517">
    <p class='ocr_par' dir='ltr' id='par_1_2' title="bbox 157 320 1529 517">
     <span class='ocr_line' id='line_1_2' title="bbox 157 320 1129 377; baseline -0.002 -13"><span class='ocrx_word' id='word_1_5' title='bbox 157 322 209 364; x_wconf 86' lang='grc'>17</span> <span class='ocrx_word' id='word_1_6' title='bbox 273 321 375 364; x_wconf 83' lang='lat' dir='ltr'>Mox</span> <span class='ocrx_word' id='word_1_7' title='bbox 407 336 503 364; x_wconf 89' lang='lat' dir='ltr'>cum</span> <span class='ocrx_word' id='word_1_8' title='bbox 535 320 708 363; x_wconf 88' lang='lat' dir='ltr'>alterius</span> <span class='ocrx_word' id='word_1_9' title='bbox 741 320 974 377; x_wconf 83' lang='lat' dir='ltr'>abligurias</span> <span class='ocrx_word' id='word_1_10' title='bbox 1005 321 1129 375; x_wconf 81' lang='lat' dir='ltr'>bona,</span> 
     </span>
     <span class='ocr_line' id='line_1_3' title="bbox 272 390 1529 446; baseline -0.002 -12"><span class='ocrx_word' id='word_1_11' title='bbox 272 392 383 442; x_wconf 84' lang='lat' dir='ltr'>Quid</span> <span class='ocrx_word' id='word_1_12' title='bbox 415 407 559 434; x_wconf 83' lang='lat' dir='ltr'>censes</span> <span class='ocrx_word' id='word_1_13' title='bbox 592 393 762 434; x_wconf 86' lang='lat' dir='ltr'>domino</span> <span class='ocrx_word' id='word_1_14' title='bbox 793 407 884 434; x_wconf 91' lang='lat' dir='ltr'>esse</span> <span class='ocrx_word' id='word_1_15' title='bbox 915 392 1077 433; x_wconf 74' lang='lat' dir='ltr'>animi?</span> <span class='ocrx_word' id='word_1_16' title='bbox 1108 406 1185 446; x_wconf 91' lang='lat' dir='ltr'>pro</span> <span class='ocrx_word' id='word_1_17' title='bbox 1219 391 1364 432; x_wconf 84' lang='lat' dir='ltr'>divum</span> <span class='ocrx_word' id='word_1_18' title='bbox 1390 390 1529 445; x_wconf 84' lang='lat' dir='ltr'>fidem,</span> 
     </span>
     <span class='ocr_line' id='line_1_4' title="bbox 272 462 1520 517; baseline -0.002 -12"><span class='ocrx_word' id='word_1_19' title='bbox 272 463 350 505; x_wconf 88' lang='lat' dir='ltr'>Ille</span> <span class='ocrx_word' id='word_1_20' title='bbox 381 463 518 506; x_wconf 89' lang='lat' dir='ltr'>tristis</span> <span class='ocrx_word' id='word_1_21' title='bbox 549 466 615 506; x_wconf 89' lang='lat' dir='ltr'>est</span> <span class='ocrx_word' id='word_1_22' title='bbox 645 463 745 505; x_wconf 91' lang='lat' dir='ltr'>dum</span> <span class='ocrx_word' id='word_1_23' title='bbox 778 463 920 505; x_wconf 90' lang='lat' dir='ltr'>cibum</span> <span class='ocrx_word' id='word_1_24' title='bbox 951 465 1102 517; x_wconf 87' lang='lat' dir='ltr'>servat,</span> <span class='ocrx_word' id='word_1_25' title='bbox 1134 464 1182 504; x_wconf 88' lang='lat' dir='ltr'>tu</span> <span class='ocrx_word' id='word_1_26' title='bbox 1213 462 1355 503; x_wconf 88' lang='lat' dir='ltr'>ridens</span> <span class='ocrx_word' id='word_1_27' title='bbox 1388 475 1520 504; x_wconf 83' lang='lat' dir='ltr'>voras.</span> 
     </span>
    </p>
   </div>
   <div class='ocr_carea' id='block_1_3' title="bbox 614 696 1250 742">
    <p class='ocr_par' dir='ltr' id='par_1_3' title="bbox 614 696 1250 742">
     <span class='ocr_line' id='line_1_5' title="bbox 614 696 1250 742; baseline -0.003 0"><span class='ocrx_word' id='word_1_28' title='bbox 614 698 977 742; x_wconf 80' lang='lat' dir='ltr'><strong>SATURARUM</strong></span> <span class='ocrx_word' id='word_1_29' title='bbox 1008 696 1114 740; x_wconf 92' lang='lat' dir='ltr'><strong>LIB.</strong></span> <span class='ocrx_word' id='word_1_30' title='bbox 1141 697 1250 741; x_wconf 85' lang='lat' dir='ltr'>INO.</span> 
     </span>
    </p>
   </div>
   <div class='ocr_carea' id='block_1_4' title="bbox 925 816 942 850">
    <p class='ocr_par' dir='ltr' id='par_1_4' title="bbox 925 816 942 850">
     <span class='ocr_line' id='line_1_6' title="bbox 925 816 942 850; baseline 0 0"><span class='ocrx_word' id='word_1_31' title='bbox 925 816 942 850; x_wconf 94' lang='lat' dir='ltr'>I</span> 
     </span>
    </p>
   </div>
   <div class='ocr_carea' id='block_1_5' title="bbox 272 886 1428 923">
    <p class='ocr_par' dir='ltr' id='par_1_5' title="bbox 272 886 1428 923">
     <span class='ocr_line' id='line_1_7' title="bbox 272 886 1428 923; baseline -0.003 0"><span class='ocrx_word' id='word_1_32' title='bbox 272 888 429 923; x_wconf 89' lang='lat' dir='ltr'>Mortem</span> <span class='ocrx_word' id='word_1_33' title='bbox 450 899 492 923; x_wconf 85' lang='lat' dir='ltr'>ao</span> <span class='ocrx_word' id='word_1_34' title='bbox 512 888 626 923; x_wconf 85' lang='lat' dir='ltr'>vitam</span> <span class='ocrx_word' id='word_1_35' title='bbox 648 887 914 923; x_wconf 72' lang='lat' dir='ltr'>contendentes</span> <span class='ocrx_word' id='word_1_36' title='bbox 934 886 973 921; x_wconf 92' lang='lat' dir='ltr'>in</span> <span class='ocrx_word' id='word_1_37' title='bbox 994 888 1122 921; x_wconf 88' lang='lat' dir='ltr'>satura</span> <span class='ocrx_word' id='word_1_38' title='bbox 1141 886 1258 921; x_wconf 88' lang='lat' dir='ltr'>tradit</span> <span class='ocrx_word' id='word_1_39' title='bbox 1277 886 1428 921; x_wconf 71' lang='lat' dir='ltr'>Ennius,</span> 
     </span>
    </p>
   </div>
   <div class='ocr_carea' id='block_1_6' title="bbox 916 993 950 1028">
    <p class='ocr_par' dir='ltr' id='par_1_6' title="bbox 916 993 950 1028">
     <span class='ocr_line' id='line_1_8' title="bbox 916 993 950 1028; baseline 0 0"><span class='ocrx_word' id='word_1_40' title='bbox 916 993 950 1028; x_wconf 91' lang='lat' dir='ltr'><strong>H</strong></span> 
     </span>
    </p>
   </div>
   <div class='ocr_carea' id='block_1_7' title="bbox 79 1065 1713 1337">
    <p class='ocr_par' dir='ltr' id='par_1_7' title="bbox 79 1065 1713 1337">
     <span class='ocr_line' id='line_1_9' title="bbox 80 1065 1712 1123; baseline -0.002 -12"><span class='ocrx_word' id='word_1_41' title='bbox 80 1070 133 1111; x_wconf 78' lang='lat'>21</span> <span class='ocrx_word' id='word_1_42' title='bbox 270 1067 285 1091; x_wconf 80' lang='lat'><strong>3</strong></span> <span class='ocrx_word' id='word_1_43' title='bbox 300 1067 496 1110; x_wconf 72' lang='lat' dir='ltr'>‘Avicula</span> <span class='ocrx_word' id='word_1_44' title='bbox 516 1070 579 1109; x_wconf 90' lang='lat' dir='ltr'>est</span> <span class='ocrx_word' id='word_1_45' title='bbox 598 1083 740 1123; x_wconf 80' lang='lat' dir='ltr'>parva,</span> <span class='ocrx_word' id='word_1_46' title='bbox 759 1082 915 1109; x_wconf 90' lang='lat' dir='ltr'>nomen</span> <span class='ocrx_word' id='word_1_47' title='bbox 935 1069 999 1108; x_wconf 90' lang='lat' dir='ltr'>est</span> <span class='ocrx_word' id='word_1_48' title='bbox 1018 1066 1182 1108; x_wconf 77' lang='lat' dir='ltr'>cassita.</span> <span class='ocrx_word' id='word_1_49' title='bbox 1197 1065 1214 1089; x_wconf 80' lang='lat'>4</span> <span class='ocrx_word' id='word_1_50' title='bbox 1226 1066 1394 1108; x_wconf 88' lang='lat' dir='ltr'>habitat</span> <span class='ocrx_word' id='word_1_51' title='bbox 1412 1066 1712 1121; x_wconf 80' lang='lat' dir='ltr'>nidulaturque</span> 
     </span>
     <span class='ocr_line' id='line_1_10' title="bbox 151 1138 1712 1194; baseline 0 -14"><span class='ocrx_word' id='word_1_52' title='bbox 151 1140 194 1180; x_wconf 91' lang='lat' dir='ltr'>in</span> <span class='ocrx_word' id='word_1_53' title='bbox 221 1140 435 1194; x_wconf 82' lang='lat' dir='ltr'>segetibus</span> <span class='ocrx_word' id='word_1_54' title='bbox 461 1139 504 1180; x_wconf 90' lang='lat' dir='ltr'>id</span> <span class='ocrx_word' id='word_1_55' title='bbox 529 1139 660 1180; x_wconf 84' lang='lat' dir='ltr'>ferme</span> <span class='ocrx_word' id='word_1_56' title='bbox 686 1139 903 1193; x_wconf 81' lang='lat' dir='ltr'>temporis,</span> <span class='ocrx_word' id='word_1_57' title='bbox 929 1140 977 1179; x_wconf 90' lang='lat' dir='ltr'>ut</span> <span class='ocrx_word' id='word_1_58' title='bbox 1003 1140 1177 1192; x_wconf 88' lang='lat' dir='ltr'>appetat</span> <span class='ocrx_word' id='word_1_59' title='bbox 1202 1138 1351 1179; x_wconf 88' lang='lat' dir='ltr'>messis</span> <span class='ocrx_word' id='word_1_60' title='bbox 1378 1138 1507 1192; x_wconf 89' lang='lat' dir='ltr'>pullis</span> <span class='ocrx_word' id='word_1_61' title='bbox 1541 1139 1712 1180; x_wconf 86' lang='lat' dir='ltr'>iamiam</span> 
     </span>
     <span class='ocr_line' id='line_1_11' title="bbox 79 1209 1713 1264; baseline -0.001 -12"><span class='ocrx_word' id='word_1_62' title='bbox 79 1212 136 1253; x_wconf 77' lang='lat'>23</span> <span class='ocrx_word' id='word_1_63' title='bbox 150 1210 454 1264; x_wconf 85' lang='lat' dir='ltr'>plumantibus.</span> <span class='ocrx_word' id='word_1_64' title='bbox 476 1209 492 1234; x_wconf 85' lang='lat'>5</span> <span class='ocrx_word' id='word_1_65' title='bbox 514 1225 563 1252; x_wconf 90' lang='lat' dir='ltr'>ea</span> <span class='ocrx_word' id='word_1_66' title='bbox 587 1211 741 1252; x_wconf 82' lang='lat' dir='ltr'>cassita</span> <span class='ocrx_word' id='word_1_67' title='bbox 766 1210 810 1250; x_wconf 91' lang='lat' dir='ltr'>in</span> <span class='ocrx_word' id='word_1_68' title='bbox 837 1211 1045 1251; x_wconf 87' lang='lat' dir='ltr'>sementes</span> <span class='ocrx_word' id='word_1_69' title='bbox 1071 1209 1180 1250; x_wconf 84' lang='lat' dir='ltr'>forte</span> <span class='ocrx_word' id='word_1_70' title='bbox 1208 1211 1471 1263; x_wconf 63' lang='lat' dir='ltr'>congesserat</span> <span class='ocrx_word' id='word_1_71' title='bbox 1496 1211 1713 1264; x_wconf 89' lang='lat' dir='ltr'>tempesti-</span> 
     </span>
     <span class='ocr_line' id='line_1_12' title="bbox 150 1280 1713 1337; baseline -0.001 -14"><span class='ocrx_word' id='word_1_72' title='bbox 150 1281 307 1337; x_wconf 84' lang='lat' dir='ltr'>viores3</span> <span class='ocrx_word' id='word_1_73' title='bbox 332 1284 557 1337; x_wconf 88' lang='lat' dir='ltr'>propterea</span> <span class='ocrx_word' id='word_1_74' title='bbox 582 1281 808 1323; x_wconf 87' lang='lat' dir='ltr'>frumentis</span> <span class='ocrx_word' id='word_1_75' title='bbox 828 1281 1152 1323; x_wconf 84' lang='lat' dir='ltr'>flavescentibus</span> <span class='ocrx_word' id='word_1_76' title='bbox 1179 1280 1287 1335; x_wconf 87' lang='lat' dir='ltr'>pulli</span> <span class='ocrx_word' id='word_1_77' title='bbox 1314 1280 1442 1322; x_wconf 85' lang='lat' dir='ltr'>etiam</span> <span class='ocrx_word' id='word_1_78' title='bbox 1468 1283 1571 1322; x_wconf 89' lang='lat' dir='ltr'>tunc</span> <span class='ocrx_word' id='word_1_79' title='bbox 1596 1280 1713 1323; x_wconf 84' lang='lat' dir='ltr'>invo-</span> 
     </span>
    </p>
   </div>
   <div class='ocr_carea' id='block_1_8' title="bbox 148 1444 1713 1976">
    <p class='ocr_par' dir='ltr' id='par_1_8' title="bbox 151 1444 1713 1694">
     <span class='ocr_line' id='line_1_13' title="bbox 268 1444 1712 1491; baseline -0.001 -11"><span class='ocrx_word' id='word_1_80' title='bbox 268 1446 354 1480; x_wconf 88' lang='lat' dir='ltr'>LIB.</span> <span class='ocrx_word' id='word_1_81' title='bbox 376 1445 466 1481; x_wconf 87' lang='lat' dir='ltr'>INC.</span> <span class='ocrx_word' id='word_1_82' title='bbox 511 1446 528 1480; x_wconf 92' lang='grc' dir='ltr'>Ι</span> <span class='ocrx_word' id='word_1_83' title='bbox 547 1447 619 1491; x_wconf 83' lang='grc'>(20)</span> <span class='ocrx_word' id='word_1_84' title='bbox 647 1445 899 1488; x_wconf 78' lang='lat' dir='ltr'>Quintilianus</span> <span class='ocrx_word' id='word_1_85' title='bbox 919 1457 956 1479; x_wconf 74' lang='lat' dir='ltr'>xx</span> <span class='ocrx_word' id='word_1_86' title='bbox 975 1449 1008 1488; x_wconf 82' lang='lat'>2,</span> <span class='ocrx_word' id='word_1_87' title='bbox 1023 1448 1067 1479; x_wconf 88' lang='grc'>36</span> <span class='ocrx_word' id='word_1_88' title='bbox 1090 1444 1177 1479; x_wconf 81' lang='lat' dir='ltr'>‘sed</span> <span class='ocrx_word' id='word_1_89' title='bbox 1203 1444 1340 1479; x_wconf 89' lang='lat' dir='ltr'>formas</span> <span class='ocrx_word' id='word_1_90' title='bbox 1367 1455 1514 1489; x_wconf 90' lang='lat' dir='ltr'>quoque</span> <span class='ocrx_word' id='word_1_91' title='bbox 1539 1444 1712 1490; x_wconf 86' lang='lat' dir='ltr'>fingimus</span> 
     </span>
     <span class='ocr_line' id='line_1_14' title="bbox 152 1497 1712 1544; baseline -0.001 -11"><span class='ocrx_word' id='word_1_92' title='bbox 152 1510 274 1544; x_wconf 85' lang='lat' dir='ltr'>saepe,</span> <span class='ocrx_word' id='word_1_93' title='bbox 294 1501 337 1533; x_wconf 89' lang='lat' dir='ltr'>ut</span> <span class='ocrx_word' id='word_1_94' title='bbox 356 1500 511 1533; x_wconf 87' lang='lat' dir='ltr'>Famam</span> <span class='ocrx_word' id='word_1_95' title='bbox 524 1499 712 1544; x_wconf 88' lang='lat' dir='ltr'>Vergilius</span> <span class='ocrx_word' id='word_1_96' title='bbox 727 1498 830 1544; x_wconf 72' lang='lat' dir='ltr'>(Aen,</span> <span class='ocrx_word' id='word_1_97' title='bbox 846 1511 883 1533; x_wconf 88' lang='lat' dir='ltr'>1v</span> <span class='ocrx_word' id='word_1_98' title='bbox 898 1500 990 1544; x_wconf 82' lang='lat'>173),</span> <span class='ocrx_word' id='word_1_99' title='bbox 1005 1499 1048 1532; x_wconf 90' lang='lat' dir='ltr'>ut</span> <span class='ocrx_word' id='word_1_100' title='bbox 1060 1497 1302 1543; x_wconf 85' lang='lat' dir='ltr'>Voluptatem</span> <span class='ocrx_word' id='word_1_101' title='bbox 1322 1509 1366 1533; x_wconf 87' lang='lat' dir='ltr'>ac</span> <span class='ocrx_word' id='word_1_102' title='bbox 1380 1498 1566 1533; x_wconf 86' lang='lat' dir='ltr'>Virtutem</span> <span class='ocrx_word' id='word_1_103' title='bbox 1586 1509 1712 1542; x_wconf 89' lang='lat' dir='ltr'>quem-</span> 
     </span>
     <span class='ocr_line' id='line_1_15' title="bbox 152 1551 1713 1598; baseline 0 -12"><span class='ocrx_word' id='word_1_104' title='bbox 152 1552 352 1586; x_wconf 84' lang='lat' dir='ltr'>admodum</span> <span class='ocrx_word' id='word_1_105' title='bbox 367 1563 389 1586; x_wconf 93' lang='lat' dir='ltr'>a</span> <span class='ocrx_word' id='word_1_106' title='bbox 402 1552 647 1597; x_wconf 83' lang='lat' dir='ltr'>Xenophonte</span> <span class='ocrx_word' id='word_1_107' title='bbox 661 1553 780 1598; x_wconf 87' lang='lat' dir='ltr'>(mem.</span> <span class='ocrx_word' id='word_1_108' title='bbox 795 1565 823 1586; x_wconf 90' lang='lat'>11</span> <span class='ocrx_word' id='word_1_109' title='bbox 844 1556 875 1595; x_wconf 83' lang='lat'>1,</span> <span class='ocrx_word' id='word_1_110' title='bbox 891 1555 932 1586; x_wconf 82' lang='lat'>21</span> <span class='ocrx_word' id='word_1_111' title='bbox 950 1553 1043 1597; x_wconf 88' lang='lat' dir='ltr'>sqq.)</span> <span class='ocrx_word' id='word_1_112' title='bbox 1057 1551 1219 1586; x_wconf 82' lang='lat' dir='ltr'>traditur</span> <span class='ocrx_word' id='word_1_113' title='bbox 1231 1551 1420 1594; x_wconf 86' lang='lat' dir='ltr'>Prodicus,</span> <span class='ocrx_word' id='word_1_114' title='bbox 1440 1552 1483 1586; x_wconf 89' lang='lat' dir='ltr'>ut</span> <span class='ocrx_word' id='word_1_115' title='bbox 1495 1551 1652 1586; x_wconf 86' lang='lat' dir='ltr'>Mortem</span> <span class='ocrx_word' id='word_1_116' title='bbox 1670 1562 1713 1586; x_wconf 88' lang='lat' dir='ltr'>ac</span> 
     </span>
     <span class='ocr_line' id='line_1_16' title="bbox 151 1604 1713 1651; baseline 0 -12"><span class='ocrx_word' id='word_1_117' title='bbox 151 1605 288 1648; x_wconf 87' lang='lat' dir='ltr'>Vitam,</span> <span class='ocrx_word' id='word_1_118' title='bbox 310 1616 402 1650; x_wconf 84' lang='lat' dir='ltr'>quas</span> <span class='ocrx_word' id='word_1_119' title='bbox 424 1606 689 1640; x_wconf 85' lang='lat' dir='ltr'>contendentes</span> <span class='ocrx_word' id='word_1_120' title='bbox 710 1607 834 1651; x_wconf 91' lang='lat' dir='ltr'>(cons</span> <span class='ocrx_word' id='word_1_121' title='bbox 845 1605 1075 1639; x_wconf 87' lang='lat' dir='ltr'>entientes</span> <span class='ocrx_word' id='word_1_122' title='bbox 1095 1604 1220 1639; x_wconf 91' lang='lat' dir='ltr'>Ambr.</span> <span class='ocrx_word' id='word_1_123' title='bbox 1236 1606 1274 1639; x_wconf 88' lang='lat' dir='ltr'>et</span> <span class='ocrx_word' id='word_1_124' title='bbox 1292 1617 1338 1639; x_wconf 91' lang='lat' dir='ltr'>m.</span> <span class='ocrx_word' id='word_1_125' title='bbox 1355 1605 1417 1639; x_wconf 90' lang='lat' dir='ltr'>alt.</span> <span class='ocrx_word' id='word_1_126' title='bbox 1433 1604 1576 1647; x_wconf 87' lang='lat' dir='ltr'>Bamb.)</span> <span class='ocrx_word' id='word_1_127' title='bbox 1596 1605 1635 1639; x_wconf 89' lang='lat' dir='ltr'>in</span> <span class='ocrx_word' id='word_1_128' title='bbox 1655 1616 1713 1639; x_wconf 89' lang='lat' dir='ltr'>sa-</span> 
     </span>
     <span class='ocr_line' id='line_1_17' title="bbox 151 1658 1562 1694; baseline 0 -2"><span class='ocrx_word' id='word_1_129' title='bbox 151 1660 236 1693; x_wconf 90' lang='lat' dir='ltr'>tura</span> <span class='ocrx_word' id='word_1_130' title='bbox 256 1658 374 1693; x_wconf 88' lang='lat' dir='ltr'>tradit</span> <span class='ocrx_word' id='word_1_131' title='bbox 392 1658 560 1693; x_wconf 86' lang='lat' dir='ltr'>Ennius.&#39;</span> <span class='ocrx_word' id='word_1_132' title='bbox 586 1658 637 1694; x_wconf 84' lang='lat' dir='ltr'>Cf.</span> <span class='ocrx_word' id='word_1_133' title='bbox 652 1659 792 1694; x_wconf 87' lang='lat' dir='ltr'>Novius</span> <span class='ocrx_word' id='word_1_134' title='bbox 812 1658 987 1693; x_wconf 86' lang='lat' dir='ltr'>Atellana</span> <span class='ocrx_word' id='word_1_135' title='bbox 1003 1658 1153 1692; x_wconf 79' lang='lat' dir='ltr'>‘Mortis</span> <span class='ocrx_word' id='word_1_136' title='bbox 1175 1659 1212 1693; x_wconf 86' lang='lat' dir='ltr'>et</span> <span class='ocrx_word' id='word_1_137' title='bbox 1224 1658 1335 1693; x_wconf 87' lang='lat' dir='ltr'>Vitae</span> <span class='ocrx_word' id='word_1_138' title='bbox 1355 1658 1562 1693; x_wconf 90' lang='lat' dir='ltr'>iudicium.&#39;</span> 
     </span>
    </p>

    <p class='ocr_par' dir='ltr' id='par_1_9' title="bbox 148 1717 1713 1976">
     <span class='ocr_line' id='line_1_18' title="bbox 268 1717 1711 1763; baseline 0.001 -12"><span class='ocrx_word' id='word_1_139' title='bbox 268 1718 301 1752; x_wconf 93' lang='lat' dir='ltr'>II</span> <span class='ocrx_word' id='word_1_140' title='bbox 321 1719 393 1763; x_wconf 83' lang='lat'>(21)</span> <span class='ocrx_word' id='word_1_141' title='bbox 426 1717 567 1753; x_wconf 79' lang='lat' dir='ltr'>Gellius</span> <span class='ocrx_word' id='word_1_142' title='bbox 581 1732 609 1752; x_wconf 94' lang='lat'>11</span> <span class='ocrx_word' id='word_1_143' title='bbox 623 1722 678 1761; x_wconf 81' lang='lat'>29,</span> <span class='ocrx_word' id='word_1_144' title='bbox 698 1724 711 1752; x_wconf 83' lang='lat' dir='ltr'>l</span> <span class='ocrx_word' id='word_1_145' title='bbox 728 1718 895 1762; x_wconf 86' lang='lat' dir='ltr'>Aesopus</span> <span class='ocrx_word' id='word_1_146' title='bbox 918 1718 982 1752; x_wconf 89' lang='lat' dir='ltr'>ille</span> <span class='ocrx_word' id='word_1_147' title='bbox 1002 1728 1022 1752; x_wconf 91' lang='lat' dir='ltr'>e</span> <span class='ocrx_word' id='word_1_148' title='bbox 1035 1717 1200 1763; x_wconf 84' lang='lat' dir='ltr'>Phrygia</span> <span class='ocrx_word' id='word_1_149' title='bbox 1220 1717 1409 1752; x_wconf 85' lang='lat' dir='ltr'>fabulator</span> <span class='ocrx_word' id='word_1_150' title='bbox 1427 1718 1521 1752; x_wconf 86' lang='lat' dir='ltr'>haut</span> <span class='ocrx_word' id='word_1_151' title='bbox 1539 1718 1711 1753; x_wconf 83' lang='lat' dir='ltr'>inmerito</span> 
     </span>
     <span class='ocr_line' id='line_1_19' title="bbox 150 1768 1713 1816; baseline 0.001 -11"><span class='ocrx_word' id='word_1_152' title='bbox 150 1771 298 1816; x_wconf 88' lang='lat' dir='ltr'>sapiens</span> <span class='ocrx_word' id='word_1_153' title='bbox 319 1771 552 1806; x_wconf 86' lang='lat' dir='ltr'>existimatus</span> <span class='ocrx_word' id='word_1_154' title='bbox 573 1773 639 1815; x_wconf 79' lang='lat' dir='ltr'>est,</span> <span class='ocrx_word' id='word_1_155' title='bbox 661 1783 743 1806; x_wconf 91' lang='lat' dir='ltr'>cum</span> <span class='ocrx_word' id='word_1_156' title='bbox 763 1782 859 1816; x_wconf 89' lang='lat' dir='ltr'>quae</span> <span class='ocrx_word' id='word_1_157' title='bbox 878 1771 989 1806; x_wconf 85' lang='lat' dir='ltr'>utilia</span> <span class='ocrx_word' id='word_1_158' title='bbox 1006 1771 1151 1806; x_wconf 90' lang='lat' dir='ltr'>monitu</span> <span class='ocrx_word' id='word_1_159' title='bbox 1170 1768 1483 1816; x_wconf 73' lang='lat' dir='ltr'>suasuque‘erant</span> <span class='ocrx_word' id='word_1_160' title='bbox 1501 1782 1576 1806; x_wconf 90' lang='lat' dir='ltr'>non</span> <span class='ocrx_word' id='word_1_161' title='bbox 1590 1782 1713 1806; x_wconf 88' lang='lat' dir='ltr'>severe</span> 
     </span>
     <span class='ocr_line' id='line_1_20' title="bbox 149 1824 1712 1870; baseline 0 -11"><span class='ocrx_word' id='word_1_162' title='bbox 149 1835 269 1868; x_wconf 89' lang='lat' dir='ltr'>neque</span> <span class='ocrx_word' id='word_1_163' title='bbox 294 1825 491 1869; x_wconf 84' lang='lat' dir='ltr'>imperiose</span> <span class='ocrx_word' id='word_1_164' title='bbox 516 1825 708 1870; x_wconf 86' lang='lat' dir='ltr'>praecepit</span> <span class='ocrx_word' id='word_1_165' title='bbox 733 1826 771 1859; x_wconf 91' lang='lat' dir='ltr'>et</span> <span class='ocrx_word' id='word_1_166' title='bbox 796 1824 950 1867; x_wconf 89' lang='lat' dir='ltr'>censuit,</span> <span class='ocrx_word' id='word_1_167' title='bbox 976 1826 1019 1858; x_wconf 89' lang='lat' dir='ltr'>ut</span> <span class='ocrx_word' id='word_1_168' title='bbox 1037 1824 1271 1869; x_wconf 88' lang='lat' dir='ltr'>philosophis</span> <span class='ocrx_word' id='word_1_169' title='bbox 1290 1835 1370 1859; x_wconf 87' lang='lat' dir='ltr'>mos</span> <span class='ocrx_word' id='word_1_170' title='bbox 1390 1826 1456 1867; x_wconf 82' lang='lat' dir='ltr'>est,</span> <span class='ocrx_word' id='word_1_171' title='bbox 1477 1825 1542 1859; x_wconf 89' lang='lat' dir='ltr'>sed</span> <span class='ocrx_word' id='word_1_172' title='bbox 1561 1825 1712 1860; x_wconf 89' lang='lat' dir='ltr'>festivos</span> 
     </span>
     <span class='ocr_line' id='line_1_21' title="bbox 149 1877 1712 1923; baseline 0.001 -12"><span class='ocrx_word' id='word_1_173' title='bbox 149 1877 464 1923; x_wconf 86' lang='lat' dir='ltr'>delectabilesque</span> <span class='ocrx_word' id='word_1_174' title='bbox 481 1878 660 1923; x_wconf 86' lang='lat' dir='ltr'>apologos</span> <span class='ocrx_word' id='word_1_175' title='bbox 674 1879 903 1913; x_wconf 87' lang='lat' dir='ltr'>commentus</span> <span class='ocrx_word' id='word_1_176' title='bbox 918 1888 976 1913; x_wconf 88' lang='lat' dir='ltr'>res</span> <span class='ocrx_word' id='word_1_177' title='bbox 990 1877 1190 1912; x_wconf 86' lang='lat' dir='ltr'>salubriter</span> <span class='ocrx_word' id='word_1_178' title='bbox 1208 1889 1251 1913; x_wconf 86' lang='lat' dir='ltr'>ac</span> <span class='ocrx_word' id='word_1_179' title='bbox 1261 1878 1532 1923; x_wconf 85' lang='lat' dir='ltr'>prospicienter</span> <span class='ocrx_word' id='word_1_180' title='bbox 1545 1878 1712 1913; x_wconf 88' lang='lat' dir='ltr'>animad—</span> 
     </span>
     <span class='ocr_line' id='line_1_22' title="bbox 148 1930 1712 1976; baseline 0.001 -11"><span class='ocrx_word' id='word_1_181' title='bbox 148 1941 271 1965; x_wconf 87' lang='lat' dir='ltr'>versas</span> <span class='ocrx_word' id='word_1_182' title='bbox 291 1931 330 1966; x_wconf 89' lang='lat' dir='ltr'>in</span> <span class='ocrx_word' id='word_1_183' title='bbox 349 1933 492 1966; x_wconf 87' lang='lat' dir='ltr'>mentes</span> <span class='ocrx_word' id='word_1_184' title='bbox 513 1931 730 1976; x_wconf 88' lang='lat' dir='ltr'>animosque</span> <span class='ocrx_word' id='word_1_185' title='bbox 752 1932 945 1966; x_wconf 87' lang='lat' dir='ltr'>hominum</span> <span class='ocrx_word' id='word_1_186' title='bbox 965 1942 1048 1966; x_wconf 88' lang='lat' dir='ltr'>cum</span> <span class='ocrx_word' id='word_1_187' title='bbox 1068 1931 1247 1966; x_wconf 88' lang='lat' dir='ltr'>audiendi</span> <span class='ocrx_word' id='word_1_188' title='bbox 1267 1931 1430 1976; x_wconf 88' lang='lat' dir='ltr'>quadam</span> <span class='ocrx_word' id='word_1_189' title='bbox 1449 1930 1638 1966; x_wconf 87' lang='lat' dir='ltr'>inlecebra</span> <span class='ocrx_word' id='word_1_190' title='bbox 1657 1932 1712 1966; x_wconf 90' lang='lat' dir='ltr'>in-</span> 
     </span>
    </p>
   </div>
   <div class='ocr_carea' id='block_1_9' title="bbox 148 2029 431 2035">
    <p class='ocr_par' dir='ltr' id='par_1_10' title="bbox 148 2029 431 2035">
     <span class='ocr_line' id='line_1_23' title="bbox 148 2029 431 2035; baseline 0 0"><span class='ocrx_word' id='word_1_191' title='bbox 148 2029 431 2035; x_wconf 95' lang='lat' dir='ltr'> </span> 
     </span>
    </p>
   </div>
   <div class='ocr_carea' id='block_1_10' title="bbox 146 2100 1711 2982">
    <p class='ocr_par' dir='ltr' id='par_1_11' title="bbox 148 2100 1711 2445">
     <span class='ocr_line' id='line_1_24' title="bbox 148 2100 1711 2152; baseline 0.001 -12"><span class='ocrx_word' id='word_1_192' title='bbox 148 2103 282 2140; x_wconf 79' lang='lat' dir='ltr'>konem</span> <span class='ocrx_word' id='word_1_193' title='bbox 301 2103 488 2141; x_wconf 79' lang='lat' dir='ltr'>Fleckeis.</span> <span class='ocrx_word' id='word_1_194' title='bbox 512 2114 603 2140; x_wconf 65' lang='lat' dir='ltr'>anm.</span> <span class='ocrx_word' id='word_1_195' title='bbox 626 2102 751 2150; x_wconf 75' lang='lat' dir='ltr'>suppl.</span> <span class='ocrx_word' id='word_1_196' title='bbox 771 2114 798 2139; x_wconf 86' lang='lat' dir='ltr'><strong>x</strong></span> <span class='ocrx_word' id='word_1_197' title='bbox 815 2113 857 2150; x_wconf 74' lang='lat' dir='ltr'>p.</span> <span class='ocrx_word' id='word_1_198' title='bbox 880 2100 963 2150; x_wconf 82' lang='lat'>673</span> <span class='ocrx_word' id='word_1_199' title='bbox 1114 2103 1265 2152; x_wconf 89' lang='lat' dir='ltr'>impetu</span> <span class='ocrx_word' id='word_1_200' title='bbox 1290 2104 1498 2152; x_wconf 84' lang='lat' dir='ltr'>expectans</span> <span class='ocrx_word' id='word_1_201' title='bbox 1523 2104 1629 2142; x_wconf 78' lang='lat' dir='ltr'>codd.</span> <span class='ocrx_word' id='word_1_202' title='bbox 1650 2117 1711 2141; x_wconf 86' lang='lat' dir='ltr'>ex-</span> 
     </span>
     <span class='ocr_line' id='line_1_25' title="bbox 149 2161 1711 2211; baseline 0.001 -12"><span class='ocrx_word' id='word_1_203' title='bbox 149 2164 310 2211; x_wconf 87' lang='lat' dir='ltr'>pectans</span> <span class='ocrx_word' id='word_1_204' title='bbox 336 2163 486 2211; x_wconf 89' lang='lat' dir='ltr'>impetu</span> <span class='ocrx_word' id='word_1_205' title='bbox 505 2162 688 2199; x_wconf 74' lang='lat' dir='ltr'>Muretus</span> <span class='ocrx_word' id='word_1_206' title='bbox 705 2173 788 2199; x_wconf 78' lang='lat' dir='ltr'>var.</span> <span class='ocrx_word' id='word_1_207' title='bbox 810 2161 889 2199; x_wconf 73' lang='lat' dir='ltr'>lect.</span> <span class='ocrx_word' id='word_1_208' title='bbox 912 2174 981 2198; x_wconf 79' lang='lat' dir='ltr'>xlx</span> <span class='ocrx_word' id='word_1_209' title='bbox 1005 2170 1051 2208; x_wconf 90' lang='lat'>7‚·</span> <span class='ocrx_word' id='word_1_210' title='bbox 1069 2162 1111 2199; x_wconf 69' lang='lat' dir='ltr'>id</span> <span class='ocrx_word' id='word_1_211' title='bbox 1135 2173 1292 2209; x_wconf 75' lang='lat' dir='ltr'>quoque,</span> <span class='ocrx_word' id='word_1_212' title='bbox 1317 2173 1366 2199; x_wconf 72' lang='lat' dir='ltr'>ne</span> <span class='ocrx_word' id='word_1_213' title='bbox 1391 2162 1473 2200; x_wconf 82' lang='lat' dir='ltr'>alia</span> <span class='ocrx_word' id='word_1_214' title='bbox 1498 2164 1711 2210; x_wconf 69' lang='lat' dir='ltr'>amquiran-</span> 
     </span>
     <span class='ocr_line' id='line_1_26' title="bbox 150 2218 1710 2270; baseline 0.001 -12"><span class='ocrx_word' id='word_1_215' title='bbox 150 2224 223 2266; x_wconf 75' lang='lat' dir='ltr'>tur,</span> <span class='ocrx_word' id='word_1_216' title='bbox 251 2223 447 2269; x_wconf 68' lang='lat' dir='ltr'>aptissime</span> <span class='ocrx_word' id='word_1_217' title='bbox 455 2234 469 2267; x_wconf 90' lang='lat'>,·</span> <span class='ocrx_word' id='word_1_218' title='bbox 490 2220 639 2259; x_wconf 61' lang='lat' dir='ltr'>Graius</span> <span class='ocrx_word' id='word_1_219' title='bbox 658 2233 743 2259; x_wconf 82' lang='lat' dir='ltr'>xv11</span> <span class='ocrx_word' id='word_1_220' title='bbox 765 2218 802 2270; x_wconf 86' lang='lat'>8,</span> <span class='ocrx_word' id='word_1_221' title='bbox 819 2229 842 2267; x_wconf 85' lang='lat'>3</span> <span class='ocrx_word' id='word_1_222' title='bbox 864 2220 932 2258; x_wconf 90' lang='lat' dir='ltr'>ubi</span> <span class='ocrx_word' id='word_1_223' title='bbox 957 2222 1107 2270; x_wconf 87' lang='lat' dir='ltr'>paratis</span> <span class='ocrx_word' id='word_1_224' title='bbox 1127 2222 1167 2258; x_wconf 89' lang='lat' dir='ltr'>et</span> <span class='ocrx_word' id='word_1_225' title='bbox 1186 2221 1481 2270; x_wconf 84' lang='lat' dir='ltr'>expectantibus</span> <span class='ocrx_word' id='word_1_226' title='bbox 1507 2222 1619 2260; x_wconf 87' lang='lat' dir='ltr'>nobis</span> <span class='ocrx_word' id='word_1_227' title='bbox 1638 2224 1710 2260; x_wconf 88' lang='lat' dir='ltr'>im-</span> 
     </span>
     <span class='ocr_line' id='line_1_27' title="bbox 149 2279 1709 2331; baseline 0.001 -13"><span class='ocrx_word' id='word_1_228' title='bbox 149 2282 280 2330; x_wconf 88' lang='lat' dir='ltr'>posita</span> <span class='ocrx_word' id='word_1_229' title='bbox 305 2293 461 2318; x_wconf 89' lang='lat' dir='ltr'>mensae</span> <span class='ocrx_word' id='word_1_230' title='bbox 488 2282 547 2317; x_wconf 91' lang='lat' dir='ltr'>est</span> <span class='ocrx_word' id='word_1_231' title='bbox 700 2281 751 2317; x_wconf 85' lang='lat'>17</span> <span class='ocrx_word' id='word_1_232' title='bbox 774 2279 900 2324; x_wconf 86' lang='lat' dir='ltr'>Quam</span> <span class='ocrx_word' id='word_1_233' title='bbox 921 2292 1011 2317; x_wconf 83' lang='lat' dir='ltr'>mox</span> <span class='ocrx_word' id='word_1_234' title='bbox 1030 2280 1212 2318; x_wconf 76' lang='lat' dir='ltr'>Muretus</span> <span class='ocrx_word' id='word_1_235' title='bbox 1356 2279 1572 2331; x_wconf 87' lang='lat' dir='ltr'>abligurias</span> <span class='ocrx_word' id='word_1_236' title='bbox 1597 2281 1709 2320; x_wconf 70' lang='lat' dir='ltr'>Leid.</span> 
     </span>
     <span class='ocr_line' id='line_1_28' title="bbox 151 2338 1710 2390; baseline 0.001 -13"><span class='ocrx_word' id='word_1_237' title='bbox 151 2340 366 2390; x_wconf 86' lang='lat' dir='ltr'>obligurias</span> <span class='ocrx_word' id='word_1_238' title='bbox 388 2341 472 2378; x_wconf 73' lang='lat' dir='ltr'>Vat.</span> <span class='ocrx_word' id='word_1_239' title='bbox 495 2339 662 2377; x_wconf 87' lang='lat' dir='ltr'>ablinias</span> <span class='ocrx_word' id='word_1_240' title='bbox 682 2339 786 2377; x_wconf 73' lang='lat' dir='ltr'>Riec.</span> <span class='ocrx_word' id='word_1_241' title='bbox 806 2338 924 2377; x_wconf 66' lang='lat' dir='ltr'>Omon.</span> <span class='ocrx_word' id='word_1_242' title='bbox 946 2339 1124 2390; x_wconf 86' lang='lat' dir='ltr'>ablingas</span> <span class='ocrx_word' id='word_1_243' title='bbox 1144 2341 1212 2377; x_wconf 79' lang='lat' dir='ltr'>vet.</span> <span class='ocrx_word' id='word_1_244' title='bbox 1234 2341 1312 2377; x_wconf 79' lang='lat' dir='ltr'>cod.</span> <span class='ocrx_word' id='word_1_245' title='bbox 1333 2339 1506 2386; x_wconf 39' lang='lat' dir='ltr'>Pithone,-</span> <span class='ocrx_word' id='word_1_246' title='bbox 1525 2341 1571 2388; x_wconf 82' lang='lat' dir='ltr'>cf.</span> <span class='ocrx_word' id='word_1_247' title='bbox 1593 2341 1710 2378; x_wconf 72' lang='lat' dir='ltr'>Bem-</span> 
     </span>
     <span class='ocr_line' id='line_1_29' title="bbox 150 2398 1590 2445; baseline 0.001 -10"><span class='ocrx_word' id='word_1_248' title='bbox 150 2399 248 2436; x_wconf 77' lang='lat' dir='ltr'>leius</span> <span class='ocrx_word' id='word_1_249' title='bbox 267 2400 319 2437; x_wconf 81' lang='lat' dir='ltr'>ad</span> <span class='ocrx_word' id='word_1_250' title='bbox 341 2399 425 2436; x_wconf 76' lang='lat' dir='ltr'>Ter.</span> <span class='ocrx_word' id='word_1_251' title='bbox 448 2411 531 2436; x_wconf 71' lang='lat' dir='ltr'>own.</span> <span class='ocrx_word' id='word_1_252' title='bbox 546 2411 573 2437; x_wconf 91' lang='lat' dir='ltr'>v</span> <span class='ocrx_word' id='word_1_253' title='bbox 594 2409 631 2445; x_wconf 85' lang='lat'>4,</span> <span class='ocrx_word' id='word_1_254' title='bbox 650 2408 699 2445; x_wconf 85' lang='lat'>14</span> <span class='ocrx_word' id='word_1_255' title='bbox 824 2399 876 2436; x_wconf 87' lang='grc'>18</span> <span class='ocrx_word' id='word_1_256' title='bbox 905 2398 1063 2436; x_wconf 90' lang='lat' dir='ltr'>domino</span> <span class='ocrx_word' id='word_1_257' title='bbox 1083 2399 1265 2436; x_wconf 74' lang='lat' dir='ltr'>Muretus</span> <span class='ocrx_word' id='word_1_258' title='bbox 1283 2398 1462 2437; x_wconf 88' lang='lat' dir='ltr'>dominos</span> <span class='ocrx_word' id='word_1_259' title='bbox 1485 2400 1590 2438; x_wconf 80' lang='lat' dir='ltr'>codd.</span> 
     </span>
    </p>

    <p class='ocr_par' dir='ltr' id='par_1_12' title="bbox 146 2457 1711 2982">
     <span class='ocr_line' id='line_1_30' title="bbox 153 2457 1711 2507; baseline 0.001 -13"><span class='ocrx_word' id='word_1_260' title='bbox 153 2458 204 2495; x_wconf 88' lang='lat'>19</span> <span class='ocrx_word' id='word_1_261' title='bbox 225 2459 351 2496; x_wconf 90' lang='lat' dir='ltr'>tristis</span> <span class='ocrx_word' id='word_1_262' title='bbox 371 2459 430 2496; x_wconf 90' lang='lat' dir='ltr'>est</span> <span class='ocrx_word' id='word_1_263' title='bbox 448 2459 482 2495; x_wconf 83' lang='lat' dir='ltr'>h.</span> <span class='ocrx_word' id='word_1_264' title='bbox 499 2469 526 2495; x_wconf 84' lang='lat' dir='ltr'>e.</span> <span class='ocrx_word' id='word_1_265' title='bbox 540 2459 705 2502; x_wconf 83' lang='lat' dir='ltr'>tristest,</span> <span class='ocrx_word' id='word_1_266' title='bbox 726 2458 772 2505; x_wconf 78' lang='lat' dir='ltr'>ef.</span> <span class='ocrx_word' id='word_1_267' title='bbox 787 2469 878 2495; x_wconf 75' lang='lat' dir='ltr'>amm.</span> <span class='ocrx_word' id='word_1_268' title='bbox 895 2467 908 2492; x_wconf 95' lang='lat'>1</span> <span class='ocrx_word' id='word_1_269' title='bbox 921 2466 997 2505; x_wconf 81' lang='lat'>29;</span> <span class='ocrx_word' id='word_1_270' title='bbox 1016 2469 1088 2504; x_wconf 77' lang='lat' dir='ltr'>quo</span> <span class='ocrx_word' id='word_1_271' title='bbox 1101 2460 1246 2505; x_wconf 73' lang='lat' dir='ltr'>recepto</span> <span class='ocrx_word' id='word_1_272' title='bbox 1257 2457 1485 2507; x_wconf 74' lang='lat' dir='ltr'>Plasberyio</span> <span class='ocrx_word' id='word_1_273' title='bbox 1503 2471 1637 2497; x_wconf 79' lang='lat' dir='ltr'>versus</span> <span class='ocrx_word' id='word_1_274' title='bbox 1656 2462 1711 2498; x_wconf 76' lang='lat' dir='ltr'>sic</span> 
     </span>
     <span class='ocr_line' id='line_1_31' title="bbox 149 2513 1710 2563; baseline 0.002 -9"><span class='ocrx_word' id='word_1_275' title='bbox 149 2528 228 2554; x_wconf 77' lang='lat' dir='ltr'>esse</span> <span class='ocrx_word' id='word_1_276' title='bbox 240 2517 492 2555; x_wconf 67' lang='lat' dir='ltr'>dimetiendas</span> <span class='ocrx_word' id='word_1_277' title='bbox 504 2517 577 2554; x_wconf 92' lang='lat' dir='ltr'>Ille</span> <span class='ocrx_word' id='word_1_278' title='bbox 597 2517 749 2555; x_wconf 87' lang='lat' dir='ltr'>tristest</span> <span class='ocrx_word' id='word_1_279' title='bbox 768 2513 861 2554; x_wconf 70' lang='lat' dir='ltr'>dum</span> <span class='ocrx_word' id='word_1_280' title='bbox 880 2516 1009 2554; x_wconf 83' lang='lat' dir='ltr'>cibum</span> <span class='ocrx_word' id='word_1_281' title='bbox 1023 2513 1154 2555; x_wconf 69' lang='lat' dir='ltr'>servat</span> <span class='ocrx_word' id='word_1_282' title='bbox 1165 2518 1337 2563; x_wconf 54' lang='lat' dir='ltr'>videtum·</span> <span class='ocrx_word' id='word_1_283' title='bbox 1355 2517 1427 2555; x_wconf 89' lang='lat' dir='ltr'>Ille</span> <span class='ocrx_word' id='word_1_284' title='bbox 1441 2519 1567 2556; x_wconf 85' lang='lat' dir='ltr'>tristis</span> <span class='ocrx_word' id='word_1_285' title='bbox 1580 2519 1710 2557; x_wconf 88' lang='lat' dir='ltr'>cibum</span> 
     </span>
     <span class='ocr_line' id='line_1_32' title="bbox 148 2575 1710 2623; baseline 0.003 -11"><span class='ocrx_word' id='word_1_286' title='bbox 148 2576 240 2613; x_wconf 86' lang='lat' dir='ltr'>dum</span> <span class='ocrx_word' id='word_1_287' title='bbox 260 2576 361 2623; x_wconf 70' lang='lat' dir='ltr'><strong><em>vuly.</em></strong></span> <span class='ocrx_word' id='word_1_288' title='bbox 377 2578 411 2613; x_wconf 72' lang='lat' dir='ltr'>et</span> <span class='ocrx_word' id='word_1_289' title='bbox 424 2575 625 2613; x_wconf 65' lang='lat' dir='ltr'>Benneius</span> <span class='ocrx_word' id='word_1_290' title='bbox 743 2588 859 2614; x_wconf 86' lang='lat' dir='ltr'>voras</span> <span class='ocrx_word' id='word_1_291' title='bbox 881 2577 935 2614; x_wconf 83' lang='lat' dir='ltr'>ed.</span> <span class='ocrx_word' id='word_1_292' title='bbox 948 2577 1076 2623; x_wconf 70' lang='lat' dir='ltr'>princ.</span> <span class='ocrx_word' id='word_1_293' title='bbox 1093 2576 1183 2614; x_wconf 75' lang='lat' dir='ltr'>Ven.</span> <span class='ocrx_word' id='word_1_294' title='bbox 1197 2589 1339 2615; x_wconf 85' lang='lat' dir='ltr'>vorans</span> <span class='ocrx_word' id='word_1_295' title='bbox 1360 2578 1465 2615; x_wconf 78' lang='lat' dir='ltr'>codd.</span> <span class='ocrx_word' id='word_1_296' title='bbox 1589 2579 1643 2616; x_wconf 86' lang='lat'>23</span> <span class='ocrx_word' id='word_1_297' title='bbox 1664 2592 1710 2617; x_wconf 83' lang='lat' dir='ltr'>ea</span> 
     </span>
     <span class='ocr_line' id='line_1_33' title="bbox 149 2629 1709 2688; baseline 0.002 -16"><span class='ocrx_word' id='word_1_298' title='bbox 149 2636 293 2673; x_wconf 89' lang='lat' dir='ltr'>cassita</span> <span class='ocrx_word' id='word_1_299' title='bbox 310 2635 433 2682; x_wconf 66' lang='lat' dir='ltr'>plasme</span> <span class='ocrx_word' id='word_1_300' title='bbox 458 2635 504 2673; x_wconf 78' lang='lat' dir='ltr'>de</span> <span class='ocrx_word' id='word_1_301' title='bbox 522 2646 627 2672; x_wconf 78' lang='lat' dir='ltr'>more</span> <span class='ocrx_word' id='word_1_302' title='bbox 648 2633 765 2673; x_wconf 68' lang='lat' dir='ltr'>Gellii</span> <span class='ocrx_word' id='word_1_303' title='bbox 779 2629 880 2688; x_wconf 82' lang='lat' dir='ltr'>(eius</span> <span class='ocrx_word' id='word_1_304' title='bbox 902 2637 1033 2673; x_wconf 89' lang='lat' dir='ltr'>autem</span> <span class='ocrx_word' id='word_1_305' title='bbox 1055 2634 1229 2674; x_wconf 83' lang='lat' dir='ltr'>Chilonis</span> <span class='ocrx_word' id='word_1_306' title='bbox 1249 2648 1263 2672; x_wconf 93' lang='lat'>1</span> <span class='ocrx_word' id='word_1_307' title='bbox 1285 2645 1322 2685; x_wconf 84' lang='lat'>3,</span> <span class='ocrx_word' id='word_1_308' title='bbox 1339 2645 1415 2683; x_wconf 84' lang='lat'>30,·</span> <span class='ocrx_word' id='word_1_309' title='bbox 1439 2638 1473 2674; x_wconf 91' lang='lat' dir='ltr'>is</span> <span class='ocrx_word' id='word_1_310' title='bbox 1499 2636 1675 2676; x_wconf 90' lang='lat' dir='ltr'>Iulianus</span> <span class='ocrx_word' id='word_1_311' title='bbox 1695 2651 1709 2675; x_wconf 96' lang='lat'>1</span> 
     </span>
     <span class='ocr_line' id='line_1_34' title="bbox 151 2690 1710 2748; baseline 0.003 -19"><span class='ocrx_word' id='word_1_312' title='bbox 151 2704 188 2742; x_wconf 83' lang='lat'>4,</span> <span class='ocrx_word' id='word_1_313' title='bbox 206 2703 251 2739; x_wconf 90' lang='lat'>2;</span> <span class='ocrx_word' id='word_1_314' title='bbox 275 2696 309 2732; x_wconf 83' lang='lat' dir='ltr'>is</span> <span class='ocrx_word' id='word_1_315' title='bbox 334 2694 484 2732; x_wconf 88' lang='lat' dir='ltr'>Asellio</span> <span class='ocrx_word' id='word_1_316' title='bbox 504 2706 534 2731; x_wconf 94' lang='lat'>11</span> <span class='ocrx_word' id='word_1_317' title='bbox 560 2703 622 2743; x_wconf 88' lang='lat'>13,</span> <span class='ocrx_word' id='word_1_318' title='bbox 638 2702 686 2740; x_wconf 84' lang='lat'>3,·</span> <span class='ocrx_word' id='word_1_319' title='bbox 710 2695 743 2732; x_wconf 89' lang='lat' dir='ltr'>is</span> <span class='ocrx_word' id='word_1_320' title='bbox 762 2693 944 2740; x_wconf 86' lang='lat' dir='ltr'>Phaedo;</span> <span class='ocrx_word' id='word_1_321' title='bbox 968 2695 1001 2732; x_wconf 89' lang='lat' dir='ltr'>is</span> <span class='ocrx_word' id='word_1_322' title='bbox 1020 2693 1163 2742; x_wconf 88' lang='lat' dir='ltr'>Polus;</span> <span class='ocrx_word' id='word_1_323' title='bbox 1181 2696 1214 2733; x_wconf 90' lang='lat' dir='ltr'>is</span> <span class='ocrx_word' id='word_1_324' title='bbox 1236 2694 1368 2740; x_wconf 85' lang='lat' dir='ltr'>Solon,</span> <span class='ocrx_word' id='word_1_325' title='bbox 1389 2690 1487 2748; x_wconf 74' lang='lat' dir='ltr'>cett.)</span> <span class='ocrx_word' id='word_1_326' title='bbox 1500 2708 1569 2734; x_wconf 75' lang='lat' dir='ltr'>nec</span> <span class='ocrx_word' id='word_1_327' title='bbox 1586 2697 1710 2735; x_wconf 70' lang='lat' dir='ltr'>sobam</span> 
     </span>
     <span class='ocr_line' id='line_1_35' title="bbox 151 2748 1710 2806; baseline 0.003 -16"><span class='ocrx_word' id='word_1_328' title='bbox 151 2752 267 2791; x_wconf 67' lang='lat' dir='ltr'>Gellii</span> <span class='ocrx_word' id='word_1_329' title='bbox 290 2754 357 2791; x_wconf 80' lang='lat' dir='ltr'>sed</span> <span class='ocrx_word' id='word_1_330' title='bbox 377 2765 462 2791; x_wconf 79' lang='lat' dir='ltr'>cum</span> <span class='ocrx_word' id='word_1_331' title='bbox 481 2753 648 2791; x_wconf 69' lang='lat' dir='ltr'>aliorum</span> <span class='ocrx_word' id='word_1_332' title='bbox 668 2748 733 2806; x_wconf 74' lang='lat' dir='ltr'>(cf.</span> <span class='ocrx_word' id='word_1_333' title='bbox 748 2754 899 2792; x_wconf 73' lang='lat' dir='ltr'>Minue.</span> <span class='ocrx_word' id='word_1_334' title='bbox 913 2753 995 2791; x_wconf 75' lang='lat' dir='ltr'>Fel.</span> <span class='ocrx_word' id='word_1_335' title='bbox 1018 2763 1079 2803; x_wconf 83' lang='lat'>19,</span> <span class='ocrx_word' id='word_1_336' title='bbox 1095 2748 1141 2806; x_wconf 83' lang='lat'>4)</span> <span class='ocrx_word' id='word_1_337' title='bbox 1162 2757 1240 2792; x_wconf 74' lang='lat' dir='ltr'>tum</span> <span class='ocrx_word' id='word_1_338' title='bbox 1260 2752 1430 2801; x_wconf 52' lang='lat' dir='ltr'>Agamem}</span> <span class='ocrx_word' id='word_1_339' title='bbox 1450 2766 1563 2802; x_wconf 78' lang='lat' dir='ltr'>saepe</span> <span class='ocrx_word' id='word_1_340' title='bbox 1581 2757 1624 2793; x_wconf 70' lang='lat' dir='ltr'>in</span> <span class='ocrx_word' id='word_1_341' title='bbox 1642 2757 1710 2794; x_wconf 78' lang='lat' dir='ltr'>hoc</span> 
     </span>
     <span class='ocr_line' id='line_1_36' title="bbox 146 2807 1709 2866; baseline 0.003 -17"><span class='ocrx_word' id='word_1_342' title='bbox 146 2823 283 2859; x_wconf 67' lang='lat' dir='ltr'>ywere</span> <span class='ocrx_word' id='word_1_343' title='bbox 300 2812 402 2851; x_wconf 82' lang='lat' dir='ltr'>male</span> <span class='ocrx_word' id='word_1_344' title='bbox 420 2814 590 2860; x_wconf 69' lang='lat' dir='ltr'>temptate]</span> <span class='ocrx_word' id='word_1_345' title='bbox 610 2824 635 2850; x_wconf 87' lang='grc' dir='ltr'><em>α</em></span> <span class='ocrx_word' id='word_1_346' title='bbox 654 2813 772 2850; x_wconf 64' lang='lat' dir='ltr'>doctis</span> <span class='ocrx_word' id='word_1_347' title='bbox 787 2807 852 2865; x_wconf 80' lang='lat' dir='ltr'>(cf.</span> <span class='ocrx_word' id='word_1_348' title='bbox 867 2813 1000 2850; x_wconf 81' lang='lat' dir='ltr'>Herm.</span> <span class='ocrx_word' id='word_1_349' title='bbox 1028 2825 1157 2850; x_wconf 86' lang='lat' dir='ltr'>xxx111</span> <span class='ocrx_word' id='word_1_350' title='bbox 1175 2825 1217 2860; x_wconf 75' lang='lat' dir='ltr'>p.</span> <span class='ocrx_word' id='word_1_351' title='bbox 1236 2822 1255 2848; x_wconf 92' lang='lat'><em>2</em></span> <span class='ocrx_word' id='word_1_352' title='bbox 1265 2811 1316 2860; x_wconf 85' lang='lat'>58</span> <span class='ocrx_word' id='word_1_353' title='bbox 1332 2808 1429 2865; x_wconf 77' lang='lat' dir='ltr'>sqq.)</span> <span class='ocrx_word' id='word_1_354' title='bbox 1550 2827 1709 2866; x_wconf 87' lang='lat' dir='ltr'>conges-</span> 
     </span>
     <span class='ocr_line' id='line_1_37' title="bbox 149 2869 1708 2922; baseline 0.003 -14"><span class='ocrx_word' id='word_1_355' title='bbox 149 2873 255 2908; x_wconf 88' lang='lat' dir='ltr'>serat</span> <span class='ocrx_word' id='word_1_356' title='bbox 273 2871 363 2909; x_wconf 80' lang='lat' dir='ltr'>olim</span> <span class='ocrx_word' id='word_1_357' title='bbox 382 2883 477 2909; x_wconf 80' lang='lat' dir='ltr'>corr.</span> <span class='ocrx_word' id='word_1_358' title='bbox 499 2873 741 2909; x_wconf 89' lang='lat' dir='ltr'>concesserat</span> <span class='ocrx_word' id='word_1_359' title='bbox 760 2871 859 2909; x_wconf 66' lang='lat' dir='ltr'>libri.</span> <span class='ocrx_word' id='word_1_360' title='bbox 883 2871 943 2919; x_wconf 79' lang='lat' dir='ltr'>Cf.</span> <span class='ocrx_word' id='word_1_361' title='bbox 962 2872 1070 2920; x_wconf 70' lang='lat' dir='ltr'>Very.</span> <span class='ocrx_word' id='word_1_362' title='bbox 1094 2872 1156 2910; x_wconf 80' lang='lat' dir='ltr'>ecl.</span> <span class='ocrx_word' id='word_1_363' title='bbox 1179 2881 1216 2921; x_wconf 84' lang='lat'>3,</span> <span class='ocrx_word' id='word_1_364' title='bbox 1232 2869 1286 2920; x_wconf 82' lang='lat'>69</span> <span class='ocrx_word' id='word_1_365' title='bbox 1313 2873 1448 2910; x_wconf 84' lang='lat' dir='ltr'>notavi</span> <span class='ocrx_word' id='word_1_366' title='bbox 1474 2874 1558 2922; x_wconf 89' lang='lat' dir='ltr'>ipse</span> <span class='ocrx_word' id='word_1_367' title='bbox 1579 2874 1708 2912; x_wconf 88' lang='lat' dir='ltr'>locum</span> 
     </span>
     <span class='ocr_line' id='line_1_38' title="bbox 150 2930 1708 2982; baseline 0.003 -14"><span class='ocrx_word' id='word_1_368' title='bbox 150 2931 279 2968; x_wconf 86' lang='lat' dir='ltr'>aeriae</span> <span class='ocrx_word' id='word_1_369' title='bbox 300 2943 376 2979; x_wconf 90' lang='lat' dir='ltr'>quo</span> <span class='ocrx_word' id='word_1_370' title='bbox 397 2942 623 2982; x_wconf 84' lang='lat' dir='ltr'>congessere</span> <span class='ocrx_word' id='word_1_371' title='bbox 642 2931 857 2980; x_wconf 85' lang='lat' dir='ltr'>palumbes.</span> <span class='ocrx_word' id='word_1_372' title='bbox 877 2930 1036 2969; x_wconf 77' lang='lat' dir='ltr'>Servius</span> <span class='ocrx_word' id='word_1_373' title='bbox 1055 2932 1107 2969; x_wconf 83' lang='lat' dir='ltr'>ad</span> <span class='ocrx_word' id='word_1_374' title='bbox 1125 2932 1160 2969; x_wconf 79' lang='lat' dir='ltr'>h.</span> <span class='ocrx_word' id='word_1_375' title='bbox 1174 2931 1198 2968; x_wconf 79' lang='lat' dir='ltr'>l.</span> <span class='ocrx_word' id='word_1_376' title='bbox 1216 2943 1440 2982; x_wconf 83' lang='lat' dir='ltr'>congessere</span> <span class='ocrx_word' id='word_1_377' title='bbox 1459 2932 1708 2972; x_wconf 85' lang='lat' dir='ltr'>nidificavere</span> 
     </span>
    </p>
   </div>
  </div>
 </body>
</html>
