2054 3282
787 220 1086 256 EUHEMERUS
1627 220 1684 262 22
1690 221 1711 262 7

916 339 966 374 IX

49 408 132 450 113
271 406 501 449 Saturnum
529 409 571 448 et
597 405 731 462 Opem
757 409 1003 461 ceterosque
1027 409 1130 448 tunc
1155 406 1350 449 homines
1376 406 1606 448 humanam
1632 420 1718 448 car-

152 493 249 520 nem
275 479 425 520 solitos
452 478 622 520 esitare:
647 493 794 520 verum
820 478 1006 532 primum
1032 476 1177 519 Iovem
1210 479 1326 533 leges
1358 477 1605 519 hominibus
1631 492 1718 518 mo-

152 564 302 604 resque
328 549 578 591 condentem
605 549 744 591 edicto
770 549 1053 605 prohibuisse,
1078 563 1132 591 ne
1157 548 1304 590 liceret
1330 563 1379 590 eo
1406 548 1501 590 cibo
1528 548 1652 590 vesci.

919 665 953 700 X

49 739 131 782 116
271 732 382 777 Nam
409 748 505 776 cum
531 736 665 776 terras
691 733 944 788 circumiret,
970 735 1019 774 ut
1045 732 1090 774 in
1116 747 1328 787 quamque
1354 732 1571 788 regionem
1598 747 1718 774 vene-

152 808 230 862 rat,
255 819 375 862 reges
407 805 672 860 principesve
702 805 959 859 populorum
985 803 1175 859 hospitio
1203 804 1285 845 sibi
1312 806 1354 845 et
1380 803 1568 845 amicitia
1593 817 1719 858 oopu-

151 875 269 918 labat
300 879 342 918 et
372 890 468 918 cum
502 890 526 917 a
557 890 727 930 quoque
760 875 1052 931 digrederetur
1083 874 1259 917 iubebat
1292 874 1374 916 sibi
1406 875 1553 916 fanum
1589 875 1719 917 creari

151 947 335 1002 hospitis
362 947 428 988 sui
453 946 638 1002 nomine,
659 946 779 1000 quasi
804 949 853 988 ut
878 949 1023 1001 posset
1049 946 1262 988 amicitiae
1290 960 1337 988 ac
1360 946 1543 988 foederis
1563 960 1719 988 memo-

152 1018 216 1060 ria
248 1018 502 1060 conservari.
529 1016 562 1041 23
588 1018 649 1059 sic
681 1018 916 1060 constituta
943 1020 1044 1060 sunt
1068 1017 1230 1072 templa
1254 1016 1348 1059 Iovi
1375 1016 1599 1072 Ataburio,
1626 1016 1719 1059 Iovi

50 1095 129 1137 121
153 1089 440 1144 Labryandio:
471 1087 688 1131 Ataburus
722 1089 834 1130 enim
868 1091 909 1130 et
935 1088 1213 1143 Labryandus
1246 1089 1437 1143 hospites
1469 1089 1560 1130 eius
1593 1091 1720 1143 atque

153 1161 365 1202 adiutores
398 1160 443 1202 in
473 1160 586 1202 bello
608 1161 809 1216 fuerunt3
842 1160 943 1202 item
974 1159 1068 1202 Iovi
1093 1160 1263 1215 Laprio,
1289 1158 1381 1201 Iovi
1407 1159 1601 1215 Molioni,
1627 1158 1720 1201 Iovi

49 1238 132 1280 123
154 1231 277 1274 Casio
305 1234 347 1273 et
374 1246 480 1286 quae
506 1234 606 1273 sunt
631 1231 676 1272 in
702 1231 881 1273 eundem
907 1231 1093 1273 modum.
1127 1231 1242 1286 quod
1268 1231 1340 1273 ille
1366 1231 1628 1273 astutissime
1654 1246 1721 1272 ex-

153 1303 371 1359 cogitavit,
395 1305 445 1344 ut
476 1305 517 1344 et
551 1301 633 1344 sibi
664 1303 871 1344 honorem
904 1302 1096 1344 divinum
1123 1305 1165 1344 et
1190 1302 1433 1357 hospitibus
1460 1303 1547 1344 suis
1574 1317 1719 1357 perpe-

49 1380 132 1422 125
152 1378 274 1416 tuum
299 1388 455 1416 nomen
482 1374 725 1429 adquireret
750 1388 846 1416 cum
873 1374 1081 1430 religione
1107 1373 1392 1416 coniunctum.
1421 1371 1454 1396 24
1479 1373 1721 1429 gaudebant

153 1460 252 1501 ergo
280 1445 344 1487 illi
371 1448 412 1487 et
437 1445 537 1487 huic
563 1445 743 1499 imperio
772 1445 861 1486 eius
887 1445 1071 1487 libenter
1097 1445 1441 1500 obsequebantur
1467 1447 1509 1486 et
1534 1444 1719 1486 nominis

153 1516 218 1557 sui
245 1516 384 1572 gratia
408 1516 516 1558 ritus
545 1531 708 1558 annuos
735 1518 778 1558 et
803 1517 912 1558 festa
938 1516 1218 1558 celebrabant.
1242 1514 1276 1539 ²5
1295 1516 1434 1558 simile
1455 1515 1656 1570 quiddam
1676 1515 1721 1557 in

153 1586 300 1628 Sicilia
329 1587 433 1629 fecit
457 1586 634 1643 Aeneas,
661 1602 758 1629 cum
791 1588 987 1634 conditae
1020 1587 1117 1630 urbi
1142 1586 1322 1630 Acestae
1354 1587 1537 1642 hospitis
1563 1601 1721 1628 nomen

153 1658 359 1712 inposuit,
391 1660 440 1699 ut
465 1674 557 1700 eam
583 1658 858 1713 postmodum
890 1658 1027 1700 laetus
1062 1673 1110 1701 ac
1145 1659 1283 1701 libens
1315 1657 1491 1700 Acestes
1524 1658 1721 1714 diligeret

49 1736 133 1777 130
153 1731 327 1785 augeret
347 1732 527 1771 ornaret.
549 1727 582 1753 2⁶
601 1729 684 1771 hoc
704 1729 829 1772 modo
850 1729 1102 1786 religionem
1123 1730 1262 1772 cultus
1283 1730 1349 1771 sui
1370 1744 1446 1784 per
1466 1729 1611 1771 orbem
1638 1732 1720 1770 ter-

154 1815 223 1842 rae
248 1799 443 1855 Iuppiter
468 1800 695 1844 seminavit
720 1803 762 1843 et
787 1802 1030 1857 exemplum
1053 1801 1202 1844 ceteris
1230 1801 1282 1843 ad
1308 1800 1565 1843 imitandum
1591 1800 1720 1843 deditv

154 1964 333 2010 Olympus
353 1965 510 2012 figuram
530 1965 651 2010 poetis
681 1966 828 2001 dedisse
856 1968 899 2002 ut
923 1966 1046 2001 Iovem
1066 1966 1234 2001 dicerent
1253 1965 1349 2001 caeli
1369 1977 1524 2011 regnum
1546 1976 1624 2000 esse
1645 1976 1720 2000 sor-

152 2019 275 2061 titum,
303 2019 402 2063 quod
423 2018 603 2063 Olympus
631 2019 849 2064 ambiguum
876 2030 1011 2054 nomen
1034 2021 1091 2054 est
1110 2021 1148 2054 et
1166 2019 1304 2054 montis
1324 2021 1362 2054 et
1382 2019 1486 2054 caeli.
1502 2019 1541 2053 in
1562 2018 1720 2064 Olympo

153 2073 277 2106 autem
298 2072 420 2106 Iovem
439 2071 630 2106 habitasse
651 2072 760 2108 docet
779 2072 909 2107 eadem
929 2072 1086 2107 historia
1106 2083 1202 2117 quae
1223 2072 1317 2108 dicit
1337 2083 1404 2109 «ea
1423 2074 1648 2117 tempestate
1664 2099 1670 2107 .
1688 2101 1694 2107 .
1712 2101 1718 2107 .

156 2125 456 2160 ostendebant»)

271 2177 321 2211 IX
341 2180 436 2223 (113)
480 2177 699 2214 Lactantius
720 2178 790 2213 div.
812 2178 898 2214 inst.
919 2192 931 2213 1
954 2182 1008 2222 13,
1024 2183 1044 2214 2
1064 2179 1184 2215 ‘idem
1205 2179 1412 2225 (Saturnus)
1433 2189 1594 2214 sororem
1615 2190 1720 2214 suam

154 2231 295 2266 [theam
311 2243 423 2276 quam
437 2231 570 2267 Latine
591 2231 708 2277 Opem
729 2231 887 2267 dicimus
914 2243 997 2267 cum
1022 2232 1179 2268 haberet
1204 2243 1366 2275 uxorem,
1386 2243 1562 2277 responso
1582 2233 1719 2268 vetitus

154 2295 233 2319 esse
254 2285 391 2319 dicitur
409 2296 530 2319 mares
550 2284 687 2320 liberos
714 2285 873 2321 educare
892 2287 992 2331 quod
1011 2286 1178 2321 futurum
1199 2287 1297 2321 esset
1316 2288 1359 2320 ut
1379 2297 1401 2320 a
1420 2286 1497 2320 filio
1517 2285 1721 2331 pelleretur

154 2338 212 2383 (cf.
228 2350 248 2372 v
263 2339 331 2383 91).
348 2349 460 2383 quam
479 2349 557 2373 rem
577 2340 745 2373 metuens
760 2340 868 2374 natos
882 2339 954 2374 sibi
967 2338 1063 2375 filios
1078 2350 1152 2374 non
1173 2340 1303 2385 utique
1324 2339 1527 2374 devorabat
1539 2341 1582 2375 ut
1595 2339 1720 2375 ferunt

153 2391 316 2435 fabulae,
342 2391 407 2426 sed
433 2391 592 2426 necabat
612 2391 671 2437 (cf.
689 2405 731 2426 111
753 2394 821 2438 72),
842 2403 1070 2437 quamquam
1097 2393 1277 2438 scriptum
1297 2393 1347 2428 sit
1366 2393 1404 2427 in
1430 2393 1588 2428 historia
1614 2404 1720 2428 sacra

154 2444 377 2480 «Saturnum
393 2472 399 2478 .
417 2473 422 2478 .
440 2472 445 2478 .
463 2445 611 2481 vesci».’

272 2497 304 2531 X
325 2499 420 2543 (116)
459 2498 676 2533 Lactantius
698 2498 768 2532 div.
788 2499 872 2533 inst.
891 2512 903 2533 1
925 2502 980 2543 22,
995 2502 1037 2534 21
1055 2499 1233 2535 ‘historia
1254 2510 1338 2535 vero
1360 2510 1465 2535 sacra
1484 2500 1644 2534 testatur
1662 2500 1719 2545 ip-

155 2562 235 2585 sum
261 2550 383 2586 Iovem
408 2552 607 2596 postquam
626 2562 748 2586 rerum
774 2552 916 2597 potitus
943 2552 992 2587 sit
1010 2552 1050 2587 in
1074 2553 1219 2588 tantam
1244 2553 1387 2588 venisse
1406 2552 1657 2597 insolentiam,
1678 2554 1720 2587 ut

276 2724 352 2760 121
386 2722 619 2772 labryandio
639 2723 731 2761 Par.
746 2722 785 2760 R
805 2723 1012 2763 Brawdtus
1036 2724 1254 2774 labyandro
1275 2726 1333 2763 vel
1355 2724 1561 2762 labriando
1580 2725 1639 2762 vel
1661 2724 1716 2762 la-

155 2780 356 2819 briandrio
383 2783 493 2820 ceteri
613 2782 800 2820 ataburus
820 2783 906 2822 Put.
926 2783 1132 2823 Brandtus
1152 2784 1355 2822 ataburius
1376 2785 1433 2821 vel
1453 2784 1640 2832 atabyrus
1660 2784 1719 2821 vel

156 2840 316 2878 atabrus
337 2843 446 2879 ceteri
560 2840 800 2890 Labryandus
818 2842 910 2880 Par.
924 2842 963 2880 R
981 2843 1187 2882 Brandtus
1205 2843 1447 2893 labyandrus
1467 2843 1526 2880 vel
1545 2842 1717 2879 labrian-

156 2898 228 2936 dus
248 2900 306 2936 vel
324 2899 589 2938 labriandrius
610 2902 720 2939 ceteri
843 2902 924 2939 122
945 2902 1072 2941 labrio
1083 2904 1206 2950 pauci
1326 2902 1478 2939 milioni
1499 2902 1598 2940 Bon.
1618 2902 1716 2939 mol-

159 2958 257 2995 lioni
278 2958 362 2997 Pal.
487 2961 567 2997 123
590 2961 714 2998 cassio
727 2962 849 3007 pauci

1438 3026 1503 3060 15*

1772 2969 1775 2995 Ι
