2004 3278
277 190 493 227 CXXXVIII
830 190 857 225 Ι.
882 189 1110 226 HISTORIA
1133 189 1271 225 ENNH
1335 199 1339 202 ·

279 305 374 343 dum
393 306 479 343 erat
497 317 545 342 ne
565 315 669 341 vana
688 304 790 341 esset
809 315 929 352 opera
947 315 1047 351 mea,
1066 303 1142 342 nisi
1161 303 1427 342 intercedente
1439 305 1610 343 maxime
1623 304 1838 344 Ritschelio

279 365 519 414 contigisset,
544 363 590 401 ut
614 361 783 401 editores
809 374 906 411 quos
931 374 1091 400 suorum
1117 364 1324 401 auctorum
1348 374 1467 402 causa
1491 364 1751 403 excussissent
1775 377 1838 403 60-

278 424 381 461 dices
408 435 543 461 corum
567 421 798 460 testimonia
823 421 870 459 de
894 421 1025 459 Ennio
1053 434 1206 460 mecum
1237 421 1455 460 liberaliter
1486 423 1838 462 communicarent:

278 494 444 532 quorum
469 482 631 520 nomina
655 480 751 519 olim
780 493 870 519 cum
900 481 1005 531 grati
1037 482 1162 519 animi
1192 481 1480 532 significatione
1510 483 1697 521 recensui.
1723 482 1839 521 Nunc

278 542 416 580 contra
441 553 565 590 paene
590 552 669 578 non
694 541 755 579 est
779 540 991 578 eorundem
1017 541 1254 590 scriptorum
1279 541 1349 590 qui
1374 553 1453 579 non
1477 554 1547 580 suo
1576 542 1838 581 instrumento

277 601 415 640 critico
441 602 580 638 auctus
605 600 734 638 niteat
765 601 805 638 et
828 600 1034 639 thesauros
1060 612 1148 639 suos
1175 601 1300 639 cuivis
1325 599 1487 638 adeunti
1507 601 1672 650 aperiat.
1698 601 1838 650 Itaque

276 660 451 710 primum
479 658 676 698 Ciceronis
707 660 791 697 tam
823 660 1021 698 orationes
1054 672 1173 709 quam
1203 659 1478 709 philosophiae
1509 661 1658 709 scripta
1686 660 1839 704 Baiteri

276 719 506 769 Halmiique
532 731 653 769 opera
675 718 768 756 inde
794 718 843 756 ab
870 731 903 757 a.
927 718 1039 769 1854
1065 719 1276 758 luculentis
1302 719 1594 758 commentariis
1614 720 1762 758 criticis
1780 721 1839 758 in-

277 780 428 817 structa
452 779 515 816 illi
539 779 629 817 usui
653 779 793 827 patent
822 779 862 816 et
894 778 1154 817 satisfaciunt.
1190 778 1302 823 Quod
1332 779 1367 817 si
1397 778 1493 828 quid
1524 780 1659 818 tamen
1690 778 1838 818 deside-

275 840 399 886 ratur,
430 838 530 876 mihi
560 850 608 876 ne
639 850 742 875 nunc
773 837 933 887 quidem
964 838 1095 876 aliena
1126 838 1254 876 defuit
1283 838 1528 876 humanitas:
1560 839 1600 876 et
1624 838 1838 878 Vossianos

277 897 436 948 quidem
456 896 618 945 codices,
639 909 736 946 quos
749 897 792 935 in
804 896 917 936 libris
931 897 978 935 de
992 897 1238 936 divinatione
1252 898 1348 936 olim
1360 898 1446 947 ipse
1460 897 1714 947 contuleram,
1727 897 1838 936 Plas-

276 957 436 1008 bergius
462 969 533 1006 per
557 957 691 995 omnia
717 957 865 1006 scripta
891 969 992 1006 quae
1017 957 1232 1001 continent,
1259 969 1426 1006 quorum
1451 956 1519 994 1116
1545 969 1688 995 novam
1708 969 1837 995 recen-

277 1018 428 1055 sionem
452 1017 732 1066 praeparatam
760 1015 881 1054 habet
905 1017 945 1054 et
969 1015 1197 1066 propediem
1226 1016 1402 1054 editurus
1428 1018 1498 1064 est,
1523 1028 1603 1054 una
1628 1028 1717 1053 cum
1741 1015 1837 1054 Vin-

277 1075 492 1114 dobonensi
511 1076 806 1114 accuratissime
826 1076 995 1114 excussit
1013 1076 1189 1125 mihique
1209 1077 1402 1125 quantum
1422 1075 1473 1113 ad
1491 1088 1619 1113 meam
1637 1088 1721 1119 rem
1740 1076 1838 1114 utile

277 1136 379 1174 esset
402 1135 634 1184 impertivit.
660 1134 848 1173 Libenter
873 1147 964 1173 usus
990 1147 1077 1173 sum
1101 1136 1151 1174 iis
1175 1147 1275 1184 quae
1295 1134 1509 1174 Bastianus
1530 1128 1628 1187 (non
1648 1133 1837 1174 Christia-

275 1188 367 1247 nus)
394 1193 562 1232 Dahlius
588 1196 627 1232 et
653 1193 690 1231 S.
712 1192 756 1231 G.
777 1194 823 1232 de
843 1193 1022 1233 Vriesius
1043 1194 1093 1233 ad
1114 1193 1303 1233 Catonem
1322 1195 1413 1232 mai.
1434 1206 1479 1232 ex
1499 1195 1580 1232 suis
1599 1193 1712 1232 libris
1733 1195 1838 1232 attu-

275 1255 408 1292 lerunt
425 1254 468 1291 in
487 1253 632 1291 libellis
653 1265 750 1302 quos
771 1253 821 1291 ad
841 1266 930 1291 ann.
947 1255 1029 1291 202
1051 1253 1283 1304 significavi.
1303 1253 1351 1291 In
1364 1253 1597 1292 Tusculanis
1617 1253 1838 1303 scripturae

276 1313 470 1363 quaedam
495 1312 683 1351 Vaticani
708 1313 790 1350 cod.
817 1312 888 1350 Ed.
917 1312 1126 1351 Stroebelii
1153 1312 1340 1351 beneficio
1373 1314 1567 1362 acceptae.
1600 1311 1664 1350 Ad
1689 1313 1838 1363 scripta

274 1373 489 1420 rhetorica,
521 1384 762 1421 quamquam
793 1385 938 1410 novam
969 1372 1183 1411 editionem
1212 1370 1456 1410 Orellianam
1481 1370 1652 1410 Orellius
1683 1372 1767 1421 ipse
1799 1373 1839 1410 et

275 1432 460 1470 Baiterus
478 1432 560 1469 iam
580 1444 613 1470 a.
637 1432 749 1469 1845
770 1433 974 1480 pararunt,
994 1444 1098 1470 nunc
1122 1432 1287 1470 meliora
1312 1433 1354 1469 in
1373 1432 1561 1481 promptu
1580 1432 1683 1480 sunt,
1707 1431 1837 1470 rheto-

275 1492 358 1529 rica
391 1490 442 1528 ad
466 1490 708 1529 Herennium
734 1490 926 1528 Friderici
950 1490 1095 1529 Marxii
1121 1485 1175 1544 (a.
1199 1485 1344 1544 1894),
1370 1492 1505 1529 orator
1529 1491 1571 1530 F.
1591 1490 1839 1541 Heerdegeni

276 1545 329 1603 (a.
354 1543 487 1603 1884)
520 1563 614 1588 cura
645 1550 793 1596 editus,
826 1551 986 1601 egregia
1016 1552 1184 1600 utraque
1215 1563 1353 1600 opera3
1383 1550 1576 1589 librorum
1608 1549 1655 1588 de
1682 1551 1838 1594 oratore

278 1610 349 1648 Th.
370 1608 568 1660 Stangelji
593 1608 735 1648 studiis
761 1610 914 1658 optima
937 1611 1112 1649 recensio
1139 1609 1313 1658 debetur,
1342 1609 1408 1648 sed
1434 1611 1651 1659 apparatus
1677 1610 1836 1647 criticus

277 1682 394 1718 quem
417 1669 602 1718 promisit
625 1668 867 1706 uberrimum
893 1681 982 1707 cum
1006 1668 1181 1707 nondum
1205 1668 1333 1707 editus
1360 1670 1424 1717 sit,
1449 1669 1512 1707 vir
1529 1669 1836 1707 humanissimus

275 1728 392 1766 facile
412 1727 592 1777 precibus
612 1729 709 1766 meis
729 1730 859 1766 motus
880 1729 951 1776 est,
970 1729 1015 1766 ut
1034 1741 1080 1766 ex
1100 1727 1298 1767 codicibus
1319 1729 1536 1777 potissimis
1557 1740 1654 1777 quos
1669 1728 1838 1775 contulit

278 1800 378 1837 quae
396 1788 487 1825 usui
506 1788 636 1825 essent
648 1787 769 1825 Ennii
789 1788 828 1825 et
846 1800 934 1826 mea
953 1800 1071 1826 causa
1091 1789 1323 1837 excerperet,
1342 1788 1439 1825 item
1458 1787 1508 1826 ad
1528 1787 1648 1825 schol.
1669 1785 1836 1825 Gronov.

394 1846 584 1885 Varronis
611 1846 658 1884 de
683 1847 821 1897 lingua
839 1846 985 1885 Latina
1004 1846 1225 1885 Florentini
1245 1846 1389 1885 codicis
1410 1847 1627 1896 scripturae
1646 1846 1695 1884 H.
1715 1846 1837 1885 Keilii

276 1906 486 1957 diligentia
510 1906 752 1955 perscriptae
780 1906 876 1944 olim
901 1905 1098 1944 Leonardi
1123 1905 1326 1957 Spengelii
1356 1905 1544 1944 beneficio
1576 1918 1599 1944 a
1630 1919 1691 1943 1116
1725 1919 1836 1945 115111·-

276 1966 365 2015 pari
390 1966 590 2014 poterant3
623 1977 727 2003 1111116
753 1967 792 2003 et
817 1966 900 2003 eius
926 1967 966 2003 et
991 1967 1211 2003 ceterorum
1236 1965 1428 2003 librorum
1452 1966 1633 2004 lectionis
1664 1966 1845 2008 varietas,

277 2025 459 2063 accurate
478 2025 657 2074 exposita
675 2024 843 2062 habetur
861 2025 903 2062 in
923 2037 1026 2063 nova
1046 2024 1218 2063 editione
1239 2037 1318 2074 qua
1337 2037 1370 2062 a.
1389 2024 1500 2062 1885
1521 2023 1700 2063 Andreas
1715 2023 1836 2074 Spen-

276 2084 402 2135 gelius
434 2083 554 2122 verba
578 2083 770 2122 Varronis
802 2084 971 2122 maxime
1000 2084 1051 2122 ad
1081 2084 1207 2133 patris
1238 2085 1299 2121 sui
1327 2085 1511 2132 mentem,
1541 2084 1690 2133 partim
1715 2084 1837 2122 etiam

277 2144 358 2182 suis
386 2142 682 2193 opinationibus
710 2143 918 2181 emendata
943 2142 1062 2181 dedit.
1089 2143 1175 2193 Ego
1201 2155 1304 2181 nunc
1329 2156 1407 2182 non
1432 2155 1525 2181 usus
1546 2155 1633 2181 sum
1651 2143 1729 2181 nisi
1747 2142 1835 2181 Flo-

276 2203 424 2241 rentini
442 2203 536 2240 libri
554 2202 804 2251 testimoniis,
830 2202 970 2252 quibus
992 2203 1085 2241 solis
1106 2202 1222 2240 fidem
1239 2202 1461 2240 habendam
1481 2214 1563 2241 esse
1583 2201 1836 2241 Lachmanno

277 2261 435 2300 credidi.
471 2261 682 2300 Praeterea
718 2263 779 2300 uti
815 2262 915 2300 mihi
950 2262 1065 2300 licuit
1101 2262 1316 2312 exemplari
1346 2261 1536 2300 Varronis
1574 2261 1835 2313 Spengeliano

278 2334 311 2359 a.
336 2322 461 2370 1826,
492 2321 534 2359 111
560 2322 671 2359 6111115
696 2321 941 2372 marginibus
966 2320 1241 2359 Lachmannus
1273 2333 1361 2359 cum
1393 2333 1440 2359 ea
1471 2333 1571 2371 quae
1602 2321 1686 2371 ipse
1712 2320 1836 2359 edidit

277 2383 362 2418 tum
388 2381 468 2419 alia
498 2381 627 2418 multa
658 2379 830 2419 breviter
862 2382 901 2419 et
931 2381 1112 2430 pertenui
1137 2379 1333 2429 scriptura
1358 2379 1577 2418 adnotavit.
1605 2378 1838 2419 Commoda-⁴

277 2442 390 2478 verat
419 2440 518 2477 mihi
547 2439 702 2489 pridem
732 2440 835 2478 hunc
868 2439 1013 2478 librum
1043 2439 1217 2490 Augusti
1247 2439 1502 2477 Wilmannsii
1538 2438 1682 2477 veteris
1719 2439 1836 2477 amici

276 2499 562 2548 benevolentia,
589 2500 651 2537 cui
676 2500 762 2538 viro
788 2498 938 2549 optimo
957 2498 1239 2549 perdolendum
1259 2499 1319 2537 est
1338 2497 1442 2547 quod
1461 2511 1540 2536 non
1560 2498 1728 2548 contigit
1745 2511 1834 2548 pro-

276 2557 436 2596 hibente
461 2559 708 2608 negotiorum
735 2559 774 2596 et
799 2558 1017 2597 officiorum
1042 2558 1274 2596 necessitate
1300 2558 1345 2595 ut
1370 2558 1409 2595 et
1433 2556 1543 2594 filum
1568 2557 1608 2594 in
1634 2557 1768 2595 libello
1788 2556 1835 2595 de

278 2617 468 2656 Varronis
494 2617 605 2655 libris
632 2619 901 2668 grammaticis
928 2618 1082 2669 egregie
1100 2617 1328 2655 inchoatum
1346 2618 1567 2666 pertexeret
1586 2618 1625 2654 et
1644 2615 1748 2666 quod
1767 2629 1833 2654 vo—

278 2676 387 2715 lebat
412 2678 451 2714 et
476 2676 543 2713 diu
568 2678 875 2727 praeparaverat
892 2676 1109 2716 Varronem
1130 2676 1177 2715 de
1196 2676 1333 2727 lingua
1351 2674 1496 2714 Latina
1516 2676 1595 2713 suis
1614 2673 1834 2714 rationibus

278 2735 524 2786 recognitum
550 2735 691 2774 ederet.
718 2736 778 2773 Ex
797 2735 1041 2774 Lachmanni
1067 2735 1387 2774 adnotationibus
1412 2734 1699 2784 marginalibus
1720 2746 1834 2783 quas—

279 2794 370 2832 dam
396 2794 446 2832 ad
471 2793 644 2832 Ennium
670 2796 740 2834 aut
765 2795 815 2833 ad
840 2795 1029 2834 Varronis
1054 2794 1175 2833 verba
1199 2795 1371 2832 Ennium
1404 2794 1563 2831 citantis
1594 2793 1834 2843 pertinentes

278 2854 504 2892 memoravi.
541 2852 634 2892 Sero
666 2854 764 2892 mihi
794 2855 970 2893 innotuit
999 2853 1156 2892 libeUus
1188 2855 1253 2892 cui
1283 2854 1420 2891 auctor
1449 2852 1573 2890 Iulius
1605 2852 1834 2890 Antonibon

278 2913 480 2963 inscripsit
502 2912 771 2962 Supplemento
797 2914 838 2952 di
862 2914 999 2953 leziom‘
1020 2914 1193 2952 varianti
1218 2914 1259 2951 ai
1283 2913 1374 2951 libri
1398 2912 1440 2950 di
1464 2912 1600 2960 linqua
1624 2911 1775 2950 Latina
1793 2911 1835 2950 di
