2054 3282
724 197 982 233 ANNALIUM
1007 197 1094 233 LIB.
1115 198 1165 232 ΠΙ
1668 197 1723 238 27

164 379 247 422 152
279 378 396 422 «Hac
426 381 558 422 noctu
588 377 663 421 filo
694 378 900 434 pendebit
915 316 1105 420 VIIIItruria
1137 380 1239 420 tota.

906 494 975 530 VH

163 558 247 600 153
278 556 512 612 Postquam
544 556 698 599 defessi
730 558 829 598 sunt
861 557 972 598 stare
1002 557 1045 597 et
1076 569 1277 611 spargere
1308 570 1399 598 sese

279 628 440 683 Hastis,
473 628 633 670 ansatis
665 629 924 670 concurrunt
955 626 1147 681 undique
1176 626 1274 669 telis

903 742 987 777 VIII

165 804 248 848 155
280 804 396 848 Exin
426 805 708 860 Tarquinium
739 804 852 847 bona
883 804 1042 846 femina
1073 803 1179 846 lavit
1211 807 1253 846 et
1284 804 1418 846 unxit.

920 920 972 955 IX

166 983 248 1027 156
282 983 522 1026 Prodinunt
552 982 720 1026 famuli:
752 985 844 1025 tum
877 982 1057 1025 candida
1087 981 1252 1024 lumina
1283 981 1437 1024 lucent.

281 1123 332 1159 VI
351 1125 447 1170 (152)
486 1123 697 1159 Macrobius
726 1123 800 1158 Sat.
822 1137 836 1158 1
855 1127 887 1167 4,
905 1126 947 1158 17
971 1122 1133 1158 ‘Ennius
1159 1123 1269 1167 enim,
1289 1123 1362 1158 nisi
1388 1123 1448 1159 cui
1467 1123 1614 1159 videtur
1633 1123 1731 1158 inter

163 1178 312 1213 nostrae
333 1178 468 1212 aetatis
487 1177 680 1222 politiores
700 1177 905 1212 munditias
925 1177 1165 1222 respuendus
1185 1178 1320 1213 «noctu
1340 1177 1544 1212 concubia»
1565 1177 1661 1211 dixit
1672 1177 1730 1211 his

163 1231 329 1266 versibus
357 1232 441 1277 [164
468 1232 549 1277 sq.].
582 1231 612 1251 ¹⁸
637 1242 709 1275 quo
736 1230 776 1265 in
800 1231 881 1266 loco
908 1231 1280 1266 animadvertendum
1306 1231 1362 1266 est
1386 1241 1460 1266 non
1486 1230 1605 1265 solum
1631 1231 1730 1275 quod

164 1286 299 1321 «noctu
329 1284 533 1320 concubia»
563 1285 628 1320 sed
657 1285 756 1328 quod
786 1285 900 1319 etiam
927 1295 1025 1328 «qua
1050 1285 1185 1319 noctu»
1213 1283 1357 1318 dixerit.
1386 1285 1423 1319 et
1447 1284 1517 1318 hoc
1541 1284 1668 1329 posuit
1691 1283 1731 1318 in

164 1338 355 1373 annalium
375 1339 545 1384 septimo,
566 1339 605 1374 in
626 1350 782 1384 quorum
801 1338 912 1373 tertio
933 1337 1069 1373 clarius
1089 1337 1189 1372 idem
1210 1337 1305 1372 dixit
1325 1337 1418 1373 «hac
1434 1365 1439 1372 .
1458 1365 1463 1371 .
1482 1337 1632 1373 .tota».’

284 1392 351 1426 VH
371 1394 466 1438 (153)
504 1392 716 1427 Macrobius
738 1392 812 1426 Sat.
833 1405 870 1426 VI
892 1395 922 1435 1,
940 1395 982 1426 16
1006 1391 1249 1426 ‘concurrunt
1267 1390 1433 1434 undique
1452 1390 1537 1425 telis
1556 1390 1731 1425 indomiti

164 1445 351 1491 agricolae
372 1445 474 1490 (Aen.
497 1458 548 1480 v11
569 1446 660 1490 520).
682 1445 824 1479 Ennius
843 1444 883 1479 in
902 1457 943 1479 111
964 1446 1186 1490 «postquam
1208 1472 1213 1478 .
1231 1472 1237 1478 .
1255 1472 1260 1478 .
1282 1448 1381 1480 stant
1400 1445 1457 1480 et.
1476 1473 1481 1478 .
1499 1473 1504 1478 .
1520 1444 1657 1479 telis».'

286 1498 370 1533 VIII
390 1500 485 1544 (155)
526 1498 671 1533 Servius
691 1498 730 1533 in
749 1498 839 1533 Aen.
861 1511 898 1533 v1
919 1501 985 1532 219
1009 1498 1157 1532 ‘lavant
1175 1497 1347 1543 frigentis
1367 1499 1405 1532 et
1423 1499 1584 1543 ungunt:
1606 1508 1730 1533 versus

165 1551 277 1586 Ennii
303 1551 367 1595 qui
394 1552 448 1586 ait
468 1553 693 1596 «Tarquinii
711 1563 841 1597 corpus
860 1551 958 1586 bona
976 1551 1001 1585 f.
1022 1551 1115 1586 lavit
1135 1551 1267 1596 (labit
1285 1550 1395 1596 Flor.)
1416 1552 1454 1586 et
1478 1551 1635 1587 unxit».’

166 1605 333 1639 Donatus
354 1605 393 1639 in
413 1605 492 1640 Ter.
514 1605 592 1640 hec.
614 1619 626 1639 1
648 1609 678 1648 2,
695 1609 739 1640 60
768 1606 879 1640 ‘uxor
899 1605 1036 1639 dicitur
1057 1633 1062 1638 .
1081 1633 1086 1638 .
1104 1633 1109 1639 .
1131 1604 1188 1639 vel
1209 1605 1308 1648 quod
1327 1604 1423 1639 lotos
1448 1604 1602 1639 maritos
1627 1604 1732 1649 ipsae

165 1658 367 1704 ungebant,
383 1658 486 1693 cuius
500 1659 554 1694 rei
568 1658 708 1693 Ennius
722 1659 829 1694 testis
844 1660 900 1694 est
914 1659 1022 1694 «exin
1041 1658 1285 1703 Tarquinium
1299 1658 1341 1703 (T
1351 1658 1588 1702 arquinum
1603 1658 1731 1703 Oxon.)

166 1711 264 1746 bona
285 1740 291 1745 .
310 1740 315 1745 .
333 1740 339 1745 .
360 1712 516 1747 unxit».’

283 1764 334 1798 IX
354 1766 449 1810 (156)
489 1765 620 1800 Festus
640 1778 675 1810 p.
698 1768 777 1809 284,
794 1769 837 1800 23
858 1765 923 1800 Th.
954 1765 1179 1811 ‘prodinunt
1203 1765 1405 1810 prodeunt⁷
1432 1766 1475 1799 ut
1500 1764 1641 1799 Ennius
1668 1775 1732 1799 an-

165 1817 242 1852 nali
261 1817 284 1852 1.
300 1831 341 1852 111
356 1818 603 1863 «prodinunt.
621 1847 627 1853 .
646 1847 651 1853 .
667 1819 843 1855 lucent»)
860 1818 998 1854 Paulus
1015 1818 1240 1864 ‘prodinunt
1258 1818 1454 1864 prodeunt.
1470 1818 1611 1853 Ennius
1625 1828 1732 1863 «pro-

168 1870 303 1906 dinunt
392 1871 568 1908 lucent».’

289 2049 371 2088 152
403 2048 461 2097 Cf.
485 2050 664 2088 Valerius
683 2050 796 2089 Max.
816 2063 858 2089 v1
879 2060 916 2099 4,
937 2060 950 2086 1
978 2063 1067 2088 cum
1087 2048 1297 2088 admodum
1316 2050 1426 2088 tenui
1451 2048 1518 2086 filo
1544 2060 1733 2098 suspensa

169 2109 225 2145 rei
249 2108 431 2157 publicae
458 2109 563 2147 salus
590 2121 636 2147 ex
662 2110 856 2147 sociorum
880 2109 956 2146 fide
981 2108 1168 2158 penderet
1279 2109 1361 2146 153
1389 2109 1493 2147 stare
1517 2109 1557 2146 et
1575 2109 1732 2156 scripsi:

170 2168 279 2204 stant
293 2169 353 2213 et,·
367 2168 465 2214 conf.
474 2179 508 2205 v.
520 2175 541 2214 5
551 2177 570 2215 7
584 2178 596 2202 1
618 2167 856 2206 decretumst
869 2169 973 2205 stare
988 2170 1026 2206 et
1039 2168 1181 2205 fossari
1195 2179 1359 2217 corpora
1467 2168 1618 2206 stantes
1631 2166 1733 2206 Scri-

171 2227 300 2264 verius
411 2227 493 2265 154
513 2226 638 2264 hastis
659 2228 808 2265 ansatis
825 2225 1026 2271 Columna,
1042 2227 1088 2274 cf.
1104 2236 1118 2262 1
1130 2234 1150 2274 7
1161 2236 1180 2262 2
1292 2227 1399 2265 Huic
1418 2227 1569 2265 adnecti
1580 2229 1734 2274 poterat

173 2293 253 2332 572
265 2286 308 2323 in
320 2285 421 2323 hunc
434 2288 599 2324 tenorem
614 2287 849 2324 concurrunt
862 2285 1035 2335 undique
1049 2286 1138 2324 telis
1160 2286 1218 2324 Et
1236 2287 1327 2324 iarn
1347 2298 1415 2335 pes
1428 2287 1621 2335 premitur
1634 2285 1732 2335 pede

172 2346 211 2382 et
237 2345 356 2383 armis
377 2356 487 2382 arma
505 2346 698 2396 teruntur,
720 2346 800 2383 coll.
814 2345 882 2383 Sil.
897 2345 947 2382 It.
962 2357 1004 2383 1v
1019 2353 1096 2392 351
1117 2357 1194 2393 sqq.
1209 2346 1276 2384 sed
1295 2346 1381 2383 vide
1407 2346 1521 2383 etiam
1539 2357 1630 2383 ann.
1647 2355 1730 2392 443

171 2415 247 2451 sqq.
346 2405 426 2443 155
456 2405 662 2454 Tarquinii
694 2416 833 2454 corpus
860 2405 960 2452 quod
985 2407 1040 2442 est
1069 2405 1176 2452 apud
1199 2404 1378 2443 Servium
1403 2399 1523 2457 (unde
1548 2404 1734 2443 Tarcuini

173 2475 202 2501 c.
231 2463 456 2510 effecerunt‚·
481 2464 617 2502 melius
644 2467 727 2502 erat
758 2464 1018 2513 Tarquinium
1050 2475 1189 2513 corpus
1214 2467 1257 2502 ut
1282 2464 1542 2513 Tarquinium
1572 2458 1733 2516 nomen)

171 2522 336 2568 fortasse
361 2534 488 2562 errore
513 2526 638 2561 ortum
664 2526 718 2562 est
742 2535 786 2561 ex
807 2523 966 2571 Veryilii
991 2535 1104 2561 versu
1128 2525 1194 2571 qui
1217 2524 1329 2562 habet
1353 2536 1571 2573 corpusque
1596 2524 1734 2561 lavant

171 2581 198 2618 f.
226 2583 265 2619 et
289 2584 445 2631 ungunt
578 2582 658 2620 156
696 2581 794 2621 Cum
819 2583 965 2631 lychnis
990 2583 1131 2621 scilicet
1160 2583 1218 2621 vel
1249 2595 1336 2621 oum
1361 2584 1586 2621 ardentibus
1611 2583 1733 2621 taedis

172 2640 387 2689 prodinunt
417 2642 569 2691 famuli,
593 2653 642 2680 nc
672 2643 758 2689 quis
789 2641 929 2679 famuli
959 2643 1045 2679 tum
1077 2654 1107 2680 c.
1137 2643 1248 2691 iwnqi
1283 2642 1412 2681 iubeat
1449 2653 1535 2680 cum
1564 2641 1732 2689 Berykio

173 2711 258 2747 opp.
279 2711 294 2736 1
312 2712 354 2747 p.
377 2709 425 2746 31
439 2709 456 2735 2
472 2714 486 2746 ,·
513 2702 560 2748 cf.
584 2701 691 2749 Vcry.
711 2698 809 2738 Aen.
831 2713 874 2738 XI
899 2709 977 2748 143
1004 2712 1082 2748 sqq.
1109 2704 1143 2739 et
1165 2700 1325 2740 Servius
1348 2701 1547 2740 Danielin.
1569 2701 1621 2738 ad
1643 2700 1679 2737 h.
1707 2700 1730 2737 l.

176 2757 245 2796 Od.
271 2770 341 2795 xix
370 2768 421 2807 25
451 2757 583 2810 δμωὰς
616 2755 652 2797 δ’
677 2758 748 2799 οὐκ
782 2758 863 2806 εἴας
893 2758 1211 2812 προβλωσκέμεν,
1243 2760 1292 2798 αἴ
1313 2774 1382 2799 κεν
1414 2758 1579 2809 ἔφαινον
1611 2761 1646 2796 et
1676 2767 1732 2805 34

173 2816 344 2869 πάροιθε
370 2815 411 2856 δὲ
438 2817 597 2865 Παλλὰς
621 2813 789 2869 Ἀθήνη,
814 2818 979 2870 χρύσεον
1009 2818 1152 2871 λύχνον
1185 2818 1338 2871 ἔχουσα,
1370 2818 1473 2869 φάος
1508 2814 1732 2869 περικαλλὲς

174 2873 318 2923 ἐποίει,·
347 2878 438 2915 ibid.
458 2890 562 2915 xxm
585 2886 689 2926 294,·
711 2875 907 2926 Aristoph.
926 2890 1012 2917 ram.
1040 2888 1087 2926 13
1095 2876 1147 2926 38
1176 2876 1271 2917 ἀλλά
1305 2892 1385 2929 μοι,
1410 2875 1642 2927 ἀμφίπολοι,
1664 2875 1731 2915 λύ-

175 2948 269 2986 χνον
289 2934 414 2986 ἅψατε

1773 2966 1777 2993 ἱ
