2054 3282
323 168 382 208 44
733 159 735 161 ’
868 161 1127 197 ANNALIUM
1151 160 1238 196 LIB.
1258 159 1327 195 VH

323 297 410 340 244
440 295 501 339 Ut
530 297 687 337 faceret
717 294 894 348 facinus,
924 292 1042 347 levis,
1072 291 1188 333 haud
1217 291 1367 346 malus,
1399 292 1561 348 doctus,
1590 292 1742 349 fidelis,

441 366 589 408 Suavis
619 365 761 419 homo,
791 363 1009 417 facundus,
1042 377 1119 405 suo
1151 364 1388 418 contentus,
1418 363 1582 419 beatus,

439 435 590 490 Scitus,
622 435 803 477 secunda
833 434 1012 489 loquens
1044 434 1089 475 in
1120 435 1324 488 tempore,
1355 434 1617 491 commodus,
1647 435 1825 478 verbum

321 508 404 550 247
436 507 633 561 Paucum,
663 505 800 547 multa
830 508 990 559 tenens,
1021 504 1198 559 antiqua
1229 505 1397 560 sepulta
1426 508 1616 548 vetustas

438 577 553 627 Quae
584 577 703 628 facit3
737 578 778 617 et
809 590 947 617 mores
973 577 1221 630 veteresque
1250 590 1470 631 novosque
1502 579 1730 632 tenentem,

437 648 671 690 Multorum
703 649 895 688 veterum
925 646 1041 702 leges
1074 646 1304 702 divumque
1334 646 1655 703 hominumque,

320 719 405 761 250
436 718 704 772 Prudentem,
736 717 810 772 qui
842 717 955 759 dicta
984 717 1158 772 loquive
1188 720 1379 760 tacereve
1404 721 1561 774 posset,

435 789 560 830 Hunc
591 789 703 830 inter
732 802 899 844 pugnas
931 786 1138 830 Servilius
1170 788 1231 830 sic
1254 789 1467 843 conpellat.

1064 892 1133 927 XV

317 954 402 997 252
428 953 551 996 Alter
580 968 680 995 nare
712 953 848 1008 cupit:
880 952 988 996 alter
1017 967 1210 1010 pugnare
1240 957 1446 1009 paratust.

318 1120 404 1163 253
436 1119 661 1162 Deducunt
692 1118 857 1161 habiles
889 1058 1159 1176 gladiosxfil10
1192 1120 1439 1176 gracilento.

431 1271 498 1306 XV
518 1273 613 1317 (252)
651 1271 781 1306 Festus
800 1284 835 1317 p.
859 1275 937 1315 170,
953 1275 997 1307 28
1017 1272 1084 1307 Th.
1108 1273 1217 1307 ‘nare
1237 1283 1259 1307 a
1278 1284 1372 1308 nave
1392 1273 1545 1309 ductum
1570 1272 1786 1308 Cornificius
1812 1273 1876 1317 ait,

316 1326 413 1370 quod
440 1336 537 1370 aqua
562 1325 704 1360 feratur
729 1326 863 1360 natans
887 1326 930 1360 ut
956 1326 1096 1371 (n)avis.
1118 1325 1259 1361 Ennius
1278 1326 1301 1361 1.
1323 1339 1374 1361 vn
1395 1326 1533 1363 «alter.
1551 1355 1556 1361 .
1574 1355 1580 1361 .
1595 1327 1765 1372 parat'-·r·
1782 1327 1829 1372 (h.
1846 1337 1875 1361 e.

314 1379 629 1476 paragzuvssg-w)
667 1431 810 1466 Nonius
830 1444 864 1477 p.
889 1435 966 1475 116,
984 1435 1003 1466 7
1026 1432 1271 1478 ‘gracilitudo
1297 1434 1336 1467 et
1360 1433 1545 1478 gracilens
1570 1444 1637 1478 pro
1657 1433 1819 1479 gracilis,
1840 1435 1878 1468 et

313 1485 559 1530 gracilentum
577 1495 643 1530 pro
663 1485 807 1530 gracili,
829 1486 866 1519 et
885 1485 1083 1531 gracilium
1100 1497 1167 1531 pro
1182 1486 1385 1532 gracilitas.
1407 1486 1541 1522 Accius
1555 1487 1617 1533 [88
1636 1486 1708 1533 R.].
1723 1486 1876 1521 Ennius.

313 1538 375 1572 lib.
390 1552 441 1573 vn
462 1538 695 1574 «deducunt.
714 1566 719 1572 .
738 1566 743 1572 .
759 1538 1016 1584 gracilento».'

312 1710 444 1749 Herm.
466 1723 524 1748 x11
536 1722 578 1758 p.
598 1719 678 1758 253
805 1711 888 1748 244
914 1710 1013 1748 haut
1037 1711 1096 1749 vel
1119 1710 1225 1749 haud
1243 1711 1421 1759 plerique
1446 1712 1516 1748 aut
1536 1711 1641 1749 Voss.
1661 1712 1752 1749 min.

315 1770 396 1807 247
418 1769 594 1809 Paucum
615 1770 835 1809 Turnebus:
859 1782 1075 1819 paucorum
1230 1771 1312 1808 247
1334 1782 1410 1817 sqq.
1433 1769 1541 1814 Quae
1561 1770 1659 1808 facit
1676 1782 1753 1818 pro
1773 1772 1875 1809 veris

311 1829 427 1867 habeo
459 1831 493 1867 et
515 1830 571 1867 sic
594 1831 823 1877 interpretor
850 1829 977 1867 multa
1004 1841 1103 1878 quae
1129 1830 1305 1867 vetustas
1331 1829 1429 1867 facit
1457 1830 1622 1878 antiqua
1652 1830 1692 1867 et
1720 1830 1876 1879 sepulta

313 1882 379 1939 (ef,
394 1888 528 1926 Herm.
547 1889 568 1926 l.
588 1882 660 1941 e.);
679 1889 847 1936 loquitur
866 1891 909 1926 ut
930 1888 1060 1927 Cicero
1080 1889 1126 1926 de
1145 1889 1235 1936 leyy.
1251 1900 1298 1925 m
1318 1898 1356 1936 9,
1375 1897 1429 1924 20
1450 1901 1550 1937 quae
1569 1890 1650 1926 iam
1668 1890 1799 1937 prisca
1817 1890 1875 1927 vi-

313 1947 453 1985 dentur
470 1949 633 1997 propter
652 1948 902 1995 vetustatem,
923 1950 957 1985 et
972 1947 1116 1985 Seneca
1131 1941 1203 2000 (ad
1220 1947 1332 1985 Hele.
1349 1956 1385 1994 7,
1398 1941 1443 1999 8)
1458 1949 1503 1986 ut
1523 1949 1760 1996 antiquiora,
1775 1959 1876 1997 quae

312 2008 486 2045 vetustas
518 2007 692 2054 obduxit,
710 2008 922 2051 transeam,
941 2007 1125 2054 multique
1143 2007 1223 2045 alii.
1354 2005 1412 2053 Of.
1434 2006 1575 2045 Festus
1592 2019 1634 2054 p.
1653 2014 1748 2056 274,
1765 2015 1786 2053 5
1806 2007 1874 2044 Th.

312 2066 573 2104 intermortua
582 2067 663 2104 iam
677 2067 716 2104 et
729 2066 884 2115 sepulta
896 2065 1015 2104 verba
1125 2066 1306 2103 Proxime
1318 2067 1385 2113 qui
1397 2067 1653 2113 insequuntur
1667 2067 1877 2104 accusativi

313 2126 352 2162 et
376 2137 502 2163 mores
521 2138 556 2163 v.
577 2138 613 2162 n.
633 2127 844 2174 tenentem,
869 2126 974 2176 leges
1000 2125 1035 2162 d.
1055 2125 1106 2174 h.,
1125 2124 1364 2163 Prudentem
1391 2126 1459 2174 qui
1483 2125 1508 2162 1.
1529 2126 1556 2163 t.
1577 2126 1721 2174 posset,
1745 2127 1877 2163 utrwm

314 2184 365 2221 ad
390 2184 505 2222 Hunc
524 2179 568 2237 (2
578 2193 598 2232 5
610 2179 649 2238 1)
669 2185 782 2222 relati
801 2185 1056 2232 interruptam
1075 2185 1286 2222 orationem
1314 2184 1482 2222 indicent
1504 2185 1563 2222 vel
1574 2185 1708 2231 potius
1720 2186 1876 2231 poetam

313 2254 416 2280 nune
435 2245 589 2282 tandem
606 2244 739 2282 multis
756 2245 962 2282 interiectis
981 2244 1034 2281 ad
1048 2244 1204 2281 initium
1222 2244 1349 2281 redire
1367 2246 1410 2281 ut
1427 2244 1483 2281 ita
1497 2244 1601 2281 dieat
1612 2243 1709 2280 haec
1721 2243 1875 2281 locutus

314 2304 428 2340 vocat
454 2315 543 2340 eum
569 2315 737 2352 quocum
755 2304 886 2341 vivere
913 2303 1023 2350 solet,
1050 2303 1118 2351 qui
1144 2303 1202 2340 est
1232 2302 1349 2340 homo
1369 2303 1431 2340 tot
1451 2303 1490 2340 et
1508 2302 1651 2339 talium
1670 2303 1875 2349 virtutum,

314 2362 353 2397 et
379 2356 502 2414 (248)
527 2374 654 2400 mores
679 2375 714 2400 v.
735 2375 771 2399 n.
792 2363 1002 2410 tenentem,
1026 2361 1259 2410 prudentem
1286 2362 1354 2410 qui
1378 2361 1402 2398 1.
1423 2363 1450 2398 t.
1475 2362 1619 2410 posset,
1644 2360 1748 2398 hunc
1773 2373 1875 2399 com-

313 2419 448 2468 pellat,
469 2433 522 2458 an
534 2424 735 2469 peccatum
753 2422 863 2459 sitin
880 2421 941 2458 his
959 2422 1039 2458 sive
1060 2420 1176 2459 Gellii
1195 2421 1275 2458 sive
1294 2421 1376 2458 eius
1394 2421 1611 2458 scribarum
1631 2420 1756 2467 culpa,
1776 2420 1878 2457 vebat

314 2478 360 2516 de
387 2479 535 2526 defectu
559 2482 784 2528 eoqitarwnt,
804 2482 896 2528 post
918 2492 1135 2529 paucorum
1156 2473 1280 2532 (247)
1303 2478 1481 2516 Havetus
1501 2473 1651 2530 (Revue
1676 2479 1723 2516 de
1740 2479 1875 2525 philol.

313 2549 344 2574 11
364 2535 470 2584 1878
486 2550 526 2585 p.
544 2537 597 2586 96
619 2541 736 2577 totum
760 2540 1022 2587 fraqmentum
1049 2550 1135 2577 eum
1163 2550 1259 2576 eura
1280 2531 1536 2589 persecutus),
1563 2539 1652 2575 ante
1678 2538 1877 2574 tenentem

315 2589 440 2648 (248)
455 2597 659 2646 BeryMus,
681 2610 745 2646 eqo
763 2599 900 2636 tenens
919 2610 981 2636 res
1001 2598 1218 2636 Multorum
1232 2590 1358 2649 (248)
1379 2599 1413 2634 et
1430 2595 1647 2634 Prudenter
1667 2596 1735 2644 qui
1750 2590 1792 2648 (2
1802 2591 1875 2648 50)

307 2657 509 2704 proposui,
534 2668 596 2694 res
622 2659 676 2694 est
700 2658 883 2705 ambiyua
908 2657 1118 2695 admodum
1262 2656 1347 2694 250
1372 2655 1531 2704 loquive
1555 2656 1761 2703 tacereque
1787 2655 1878 2692 libri

307 2714 485 2762 plermue
606 2716 687 2753 251
715 2717 819 2754 inter
837 2728 991 2767 pugnas
1010 2717 1044 2753 h.
1066 2727 1094 2754 e.
1116 2716 1220 2753 inter
1238 2714 1507 2765 pugnandum,
1526 2716 1569 2752 ut
1592 2714 1695 2751 inter
1713 2713 1877 2763 proelia,

313 2773 444 2811 media
467 2774 571 2812 inter
594 2775 758 2823 proelia,
777 2776 923 2814 simil-ia
941 2787 1056 2823 saepe
1188 2773 1376 2812 Servilius
1397 2774 1452 2812 sic
1472 2772 1683 2821 compellat
1702 2784 1788 2810 eum
1805 2772 1875 2809 Fr.

314 2832 455 2871 Dousa
479 2832 760 2871 Lachmannus
787 2834 839 2871 ad
863 2834 982 2872 Luer.
1003 2846 1046 2872 v1
1075 2831 1203 2880 1067:
1229 2833 1428 2883 conpellat
1458 2832 1638 2870 servilius
1672 2832 1727 2869 sic

319 2889 377 2939 Cf.
400 2892 452 2930 ad
474 2900 527 2939 47
659 2893 742 2931 253
769 2892 979 2931 Deducunt
996 2893 1246 2941 procudendo
1271 2895 1314 2931 ut
1338 2892 1488 2930 videtur
1511 2885 1761 2943 (mucronum
1787 2889 1877 2928 duci
