2054 3282
359 182 441 223 106
889 175 1148 212 ANNALIUM
1173 175 1259 210 Lm.
1280 174 1371 211 mc.

1058 293 1205 329 XCVIII

354 360 440 401 573
474 358 680 400 carbasus
708 357 796 399 alta
820 356 938 399 volat
962 355 1147 411 pandam
1173 355 1352 397 ductura
1382 355 1569 397 carinam

1077 471 1191 507 XCIX
1534 494 1536 496 -

352 534 439 576 574
1221 531 1452 574 laetificum
1478 545 1562 587 gau

1117 649 1143 684 C

350 711 436 753 575
878 711 1024 752 divum
1050 711 1201 752 domus
1227 709 1458 752 altisonum
1484 709 1574 752 cael

1110 827 1153 863 CI

349 889 435 931 576
1219 887 1327 930 endo
1355 903 1475 930 suam
1500 888 1555 930 do

1101 1005 1161 1040 CII

349 1067 433 1109 577
1217 1065 1400 1121 populea
1425 1066 1545 1108 fruns

348 1220 395 1242 ru
405 1221 427 1242 n
437 1210 481 1243 tu
491 1220 507 1242 1·
519 1207 642 1252 Vind.)
655 1218 792 1250 arma»,
802 1207 1107 1250 adversariosque
1119 1206 1439 1241 vehementissime
1450 1207 1661 1252 pugnantes
1672 1206 1788 1241 nostri
1799 1217 1910 1252 agere

349 1262 575 1306 coeperunt’

466 1314 613 1349 XCVHJ
633 1315 728 1360 (573)
761 1314 842 1349 Vet.
859 1313 970 1349 schol.
986 1313 1025 1348 in
1046 1313 1156 1349 Statii
1170 1313 1302 1348 Achill.
1318 1327 1331 1348 1
1345 1316 1413 1348 558
1428 1325 1486 1359 ap.
1502 1313 1539 1349 C.
1554 1313 1749 1349 Barthium
1762 1312 1801 1348 in
1816 1312 1907 1348 Stat.

348 1370 433 1402 tom.
453 1381 493 1402 111
513 1381 548 1413 p.
566 1371 656 1403 1693
674 1368 762 1413 (iam
783 1368 931 1402 dextras
951 1367 1137 1402 Ithacesia
1156 1367 1331 1402 carbasus
1352 1378 1460 1402 auras
1480 1367 1613 1413 poscit)
1630 1366 1825 1402 ‘carbasus
1844 1377 1909 1402 na-

347 1421 411 1462 vis,
433 1432 455 1455 a
475 1420 564 1456 velo.
579 1422 623 1456 ut
641 1421 782 1455 Ennius
803 1420 1002 1457 «carbasus
1018 1449 1024 1455 .
1041 1449 1048 1456 .
1066 1449 1071 1455 .
1088 1420 1302 1456 carinam›>.'
1403 1420 1455 1456 Cf.
1470 1420 1659 1466 Vergilius
1678 1420 1768 1455 Aen.
1784 1433 1822 1455 1v
1839 1423 1908 1455 417

350 1475 477 1509 ‘vocat
495 1474 571 1508 iam
591 1474 766 1509 carbasus
787 1475 931 1519 auras'3
945 1485 1069 1520 georg.
1085 1488 1112 1509 11
1132 1478 1200 1509 445
1223 1473 1387 1519 ‘pandas
1406 1503 1412 1509 .
1429 1502 1436 1508 .
1452 1474 1624 1509 carinas?

465 1527 588 1563 XCIX.
604 1526 640 1562 C.
658 1527 710 1562 CI.
724 1527 785 1563 CII
796 1529 888 1572 (574.
902 1531 981 1562 575.
995 1531 1073 1562 576.
1087 1529 1168 1573 577)
1195 1527 1381 1562 Ausonius
1394 1527 1718 1573 technopaegnion
1731 1531 1773 1562 13
1788 1538 1909 1573 gram-

347 1580 578 1626 maticom.p.
590 1584 656 1615 139
670 1581 884 1616 Schenkelii
897 1593 927 1615 v.
941 1585 961 1615 3
976 1581 987 1598 ‘
996 1581 1138 1615 Ennius
1152 1582 1194 1615 ut
1206 1583 1388 1616 memorat
1400 1581 1521 1627 replet
1534 1581 1679 1626 (reple
1688 1592 1711 1616 a
1723 1580 1826 1616 Voss.
1841 1592 1909 1616 re-

346 1633 421 1678 ple
430 1635 476 1668 at
497 1634 750 1679 Schenkelius)
765 1636 802 1669 te
815 1634 1019 1669 laetificum
1032 1645 1116 1680 gau,
1132 1634 1249 1669 livida
1261 1645 1365 1670 mens
1378 1635 1571 1670 hominum
1591 1635 1803 1670 concretum
1821 1634 1909 1669 felle

348 1689 484 1731 coquat
502 1688 599 1732 pus.’
616 1688 783 1733 Apparet
801 1687 952 1733 replet
972 1687 1190 1734 (repleat)
1205 1689 1247 1722 te
1267 1688 1315 1723 ad
1329 1687 1491 1722 Ennium
1510 1699 1584 1722 non
1602 1687 1799 1732 pertinere.
1814 1687 1907 1722 Ibid.

347 1752 377 1774 v.
395 1744 437 1774 17
453 1752 530 1784 sqq.
549 1741 559 1757 ‘
569 1741 667 1775 unde
692 1740 862 1775 Rudinus
889 1740 945 1775 ait
969 1740 1119 1777 «divum
1144 1741 1275 1776 domus
1302 1741 1503 1776 altisonum
1528 1740 1641 1783 cael»,
1669 1742 1707 1775 et
1732 1740 1836 1775 cuius
1860 1740 1909 1775 ‘de

346 1804 447 1828 more
466 1794 566 1837 quod
587 1793 747 1828 adstruit
761 1793 966 1838 (addidit
978 1793 1098 1839 Voss.)
1113 1794 1227 1830 «endo
1248 1805 1354 1829 suam
1373 1794 1454 1836 do»,
1477 1795 1543 1829 aut
1562 1795 1608 1829 de
1627 1794 1759 1829 fronde
1780 1794 1909 1840 (aud-

347 1846 475 1881 defro
485 1847 508 1881 d
518 1858 536 1881 e
551 1847 666 1889 Voss,
689 1846 734 1881 ef
738 1852 783 1881 ro
803 1859 850 1881 m.
867 1846 930 1881 alt.
946 1847 984 1881 in
1003 1849 1089 1893 ras.)
1103 1847 1259 1892 loquens
1279 1858 1344 1882 cur
1363 1847 1456 1882 dicit
1469 1847 1654 1892 «populea
1673 1846 1776 1881 fluns
1797 1846 1834 1892 (f
1837 1853 1908 1881 ros

346 1900 450 1935 Voss.
466 1900 561 1934 frus
575 1900 644 1934 Til.
655 1899 782 1945 vulg03
797 1899 842 1934 cf.
859 1899 1072 1935 Schenkelii
1092 1901 1243 1946 adn.)».’
1256 1901 1389 1935 Versui
1404 1904 1447 1935 19
1462 1901 1501 1935 in
1515 1900 1619 1935 Cant.
1630 1901 1668 1935 et
1684 1901 1774 1935 dett.
1783 1911 1908 1934 versus

346 1953 411 1997 qui
430 1953 469 1988 in
490 1953 621 1988 ceteris
642 1957 661 1987 3
683 1955 739 1987 est
758 1953 828 1988 hac
847 1953 966 1988 forma
982 1954 1041 1989 ‘et
1059 1954 1158 1998 quod
1178 1966 1457 1998 nonnumquam
1476 1954 1682 1999 praesumit
1706 1953 1909 1989 laetificum

347 2018 420 2052 gau
431 2007 440 2022 ²
458 2007 679 2042 adnectitur.
776 2006 835 2040 Ad
856 2019 890 2041 cl
909 2007 1003 2042 haec
1022 2009 1109 2042 sunt
1127 2008 1454 2053 grammaticorum
1474 2007 1688 2043 testimonia
1701 2007 1821 2042 Ennio
1834 2018 1908 2042 non

346 2060 554 2095 nominato:
576 2060 764 2096 Charisius
784 2073 822 2095 1v
840 2072 874 2105 p.
891 2063 970 2102 278,
993 2064 1037 2095 24
1050 2060 1093 2095 K.
1112 2061 1297 2106 ‘apocope
1324 2062 1380 2096 est
1406 2072 1489 2096 cum
1514 2071 1558 2095 ex
1576 2060 1710 2096 ultima
1728 2061 1836 2106 parte
1854 2060 1908 2095 10-

346 2113 494 2157 quellae
514 2114 579 2148 aut
597 2112 725 2148 littera
744 2113 953 2148 detrahitur
967 2114 1033 2148 aut
1051 2113 1213 2159 syllaba:
1234 2114 1361 2149 littera
1373 2115 1416 2148 ut
1430 2114 1534 2160 [Aen.
1549 2126 1573 2148 x
1586 2114 1689 2160 480];
1709 2113 1854 2158 syllaba
1866 2114 1909 2148 ut

347 2163 464 2209 «efficio
484 2176 611 2209 siiam»
625 2173 660 2207 h.
676 2177 695 2208 ὅ
712 2173 863 2208 111οᾶ11111
878 2173 945 2218 (ita
957 2173 1074 2218 Neap.
1089 2173 1196 2208 indo
1216 2174 1335 2208 ibam
1354 2185 1432 2218 pro
1452 2173 1497 2207 in
1517 2173 1690 2207 domum
1709 2172 1828 2207 ibam
1848 2183 1907 2207 ex—

347 2228 459 2272 cerpt.
475 2226 618 2272 Leid.).'
641 2225 840 2262 Diomedes
860 2239 887 2261 11
906 2239 940 2271 p.
957 2230 1037 2269 441,
1053 2230 1097 2261 34
1118 2227 1159 2261 K.
1178 2227 1363 2272 ‘apocope
1384 2228 1440 2261 est
1460 2254 1467 2261 .
1484 2254 1491 2261 .
1512 2237 1595 2260 cum
1615 2227 1681 2261 aut
1698 2225 1826 2261 littera
1845 2226 1907 2260 de-

347 2280 507 2315 trahitur
527 2281 593 2314 aut
611 2279 773 2324 syllaba:
794 2279 923 2314 littera
941 2281 983 2314 ut
998 2279 1102 2325 [Aen.
1118 2293 1141 2314 x
1155 2281 1252 2326 480]‚
1266 2280 1412 2325 syllaba
1431 2281 1473 2314 ut
1492 2279 1606 2315 «endo
1626 2290 1730 2314 suam
1750 2279 1820 2314 do»
1840 2290 1907 2324 pro

347 2333 522 2368 domum.'
544 2333 643 2368 unde
664 2333 891 2378 intelligitur
911 2332 1011 2378 apud
1026 2332 1164 2368 Charis.
1180 2333 1272 2378 quid
1292 2332 1612 2378 seriptumfuerit.
1627 2332 1768 2367 Marius
1782 2332 1907 2367 Victo-

346 2386 448 2421 rinus
462 2386 604 2422 G.L.K.
619 2399 655 2421 VI
668 2399 704 2431 p.
715 2390 770 2429 56,
781 2390 801 2420 9
818 2387 829 2403 ‘
842 2398 1007 2432 apocope
1023 2415 1029 2421 .
1047 2415 1053 2421 .
1069 2387 1108 2422 id
1123 2388 1180 2422 est
1193 2386 1397 2421 subtractio
1412 2385 1579 2431 syllabae
1594 2385 1865 2430 syllabarumve
1877 2413 1904 2420 ..

346 2441 463 2475 metro
481 2440 637 2485 cogente
653 2439 764 2483 facta,
780 2450 876 2484 quae
893 2440 969 2475 sive
986 2440 1024 2474 in
1042 2440 1152 2475 verbo
1170 2440 1246 2475 sive
1264 2440 1303 2474 in
1323 2439 1472 2474 nomine
1489 2439 1669 2474 acciderit
1679 2450 1746 2484 pro
1760 2439 1907 2484 integra

467 2611 549 2649 575
581 2610 639 2658 Cf.
660 2608 756 2650 Aen.
778 2623 803 2648 x
828 2620 907 2647 100
927 2624 980 2659 sq.
1000 2613 1085 2649 tuin
1110 2613 1224 2660 pater
1249 2611 1507 2661 omnipotens,
1532 2623 1663 2648 rerum
1690 2610 1752 2648 cui
1778 2611 1907 2660 prima

346 2672 533 2720 potestas,
558 2669 663 2707 infit:
689 2683 733 2708 eo
757 2669 909 2708 dicente
935 2670 1050 2709 deum
1075 2670 1213 2709 domus
1240 2671 1323 2708 alta
1348 2669 1516 2715 silescit;
1540 2671 1584 2707 ut
1606 2670 1773 2716 forsitan
1798 2669 1907 2717 afflui

346 2730 524 2768 Ennium
538 2740 684 2777 quoque
696 2730 816 2776 fuerit
828 2727 911 2773 Quo
929 2729 1081 2768 dicente
1095 2729 1185 2768 silet
1201 2729 1335 2767 divum
1349 2729 1487 2767 domus
1503 2741 1535 2766 a.
1547 2741 1577 2766 c.
1679 2728 1762 2766 576
1781 2727 1839 2776 C‘f.
1852 2728 1880 2765 I
1881 2729 1903 2765 l.

346 2801 360 2826 1
381 2798 464 2836 533
480 2787 535 2835 εἰς
554 2786 627 2826 ἅλα
646 2782 736 2826 ἆλτο
757 2783 825 2826 ἀπ’
848 2786 1071 2839 αἰγλήεντος
1087 2783 1299 2838 Ὀλύμπου,
1319 2786 1419 2833 Ζεὺς
1439 2784 1480 2825 δὲ
1499 2785 1565 2826 ἑὸν
1585 2785 1682 2838 πρὸς
1703 2786 1812 2838 δῶμα

349 2849 432 2885 577
460 2849 589 2885 cetera
612 2847 783 2897 populea
807 2847 964 2885 velatur
988 2847 1126 2885 fronde
1150 2848 1334 2885 iuventus
1356 2845 1454 2884 Aen.
1474 2858 1500 2884 v
1526 2855 1604 2892 134
1630 2847 1672 2883 *in
1702 2847 1905 2883 certamine

348 2907 484 2945 navali
500 2907 546 2944 de
564 2917 637 2954 quo
657 2906 710 2944 acl
727 2906 778 2954 fr.
798 2918 917 2952 xxlv;
935 2906 1125 2956 populeas
1149 2906 1254 2945 inter
1271 2905 1428 2945 frondes
1447 2902 1545 2943 Aen.
1564 2918 1591 2942 x
1612 2914 1692 2953 190
