<?xml version="1.0" encoding="UTF-8"?>
<!DOCTYPE html PUBLIC "-//W3C//DTD XHTML 1.0 Transitional//EN"
    "http://www.w3.org/TR/xhtml1/DTD/xhtml1-transitional.dtd">
<html xmlns="http://www.w3.org/1999/xhtml" xml:lang="en" lang="en">
 <head>
  <title>
</title>
<meta http-equiv="Content-Type" content="text/html;charset=utf-8" />
  <meta name='ocr-system' content='tesseract 3.04.00' />
  <meta name='ocr-capabilities' content='ocr_page ocr_carea ocr_par ocr_line ocrx_word'/>
</head>
<body>
  <div class='ocr_page' id='page_1' title='image "./ennianaepoesisre00enniuoft/ennianaepoesisre00enniuoft_0171.png"; bbox 0 0 2004 3278; ppageno 0'>
   <div class='ocr_carea' id='block_1_1' title="bbox 15 144 27 216">
    <p class='ocr_par' dir='ltr' id='par_1_1' title="bbox 14 144 27 246">
     <span class='ocr_line' id='line_1_1' title="bbox 15 144 27 216; textangle 90"><span class='ocrx_word' id='word_1_1' title='bbox 15 199 21 216; x_wconf 75' lang='lat'><em>*¹</em></span> <span class='ocrx_word' id='word_1_2' title='bbox 16 144 27 190; x_wconf 43' lang='grc' dir='ltr'><em>*ἲν</em></span> 
     </span>
    </p>
   </div>
   <div class='ocr_carea' id='block_1_2' title="bbox 755 145 1746 182">
    <p class='ocr_par' dir='ltr' id='par_1_2' title="bbox 755 145 1746 182">
     <span class='ocr_line' id='line_1_2' title="bbox 755 145 1746 182; baseline 0.002 -2"><span class='ocrx_word' id='word_1_3' title='bbox 755 145 1012 181; x_wconf 88' lang='lat' dir='ltr'><strong>ANNALIUM</strong></span> <span class='ocrx_word' id='word_1_4' title='bbox 1036 146 1123 181; x_wconf 91' lang='lat' dir='ltr'>LIB.</span> <span class='ocrx_word' id='word_1_5' title='bbox 1144 146 1179 181; x_wconf 87' lang='lat' dir='ltr'>H</span> <span class='ocrx_word' id='word_1_6' title='bbox 1586 145 1746 182; x_wconf 88' lang='lat' dir='ltr'>CLXVII</span> 
     </span>
    </p>
   </div>
   <div class='ocr_carea' id='block_1_3' title="bbox 163 258 1744 2907">
    <p class='ocr_par' dir='ltr' id='par_1_3' title="bbox 163 258 1744 2845">
     <span class='ocr_line' id='line_1_3' title="bbox 181 258 1744 308; baseline 0.001 -11"><span class='ocrx_word' id='word_1_7' title='bbox 181 271 277 298; x_wconf 98' lang='grc' dir='ltr'><em>σανα</em></span> <span class='ocrx_word' id='word_1_8' title='bbox 307 260 382 297; x_wconf 84' lang='lat' dir='ltr'><em>mis</em></span> <span class='ocrx_word' id='word_1_9' title='bbox 413 270 500 298; x_wconf 87' lang='lat' dir='ltr'><em>curn</em></span> <span class='ocrx_word' id='word_1_10' title='bbox 531 259 783 298; x_wconf 74' lang='lat' dir='ltr'><em>concordibus</em></span> <span class='ocrx_word' id='word_1_11' title='bbox 812 260 1075 308; x_wconf 75' lang='lat' dir='ltr'><em>aequiperare,</em></span> <span class='ocrx_word' id='word_1_12' title='bbox 1107 271 1208 308; x_wconf 85' lang='lat' dir='ltr'><em>quae</em></span> <span class='ocrx_word' id='word_1_13' title='bbox 1233 258 1392 298; x_wconf 86' lang='lat' dir='ltr'><em>Horatii</em></span> <span class='ocrx_word' id='word_1_14' title='bbox 1424 271 1505 297; x_wconf 88' lang='lat' dir='ltr'><em>esse</em></span> <span class='ocrx_word' id='word_1_15' title='bbox 1531 258 1744 298; x_wconf 86' lang='lat' dir='ltr'><em>verisimile</em></span> 
     </span>
     <span class='ocr_line' id='line_1_4' title="bbox 182 317 1744 368; baseline 0.001 -12"><span class='ocrx_word' id='word_1_16' title='bbox 182 320 241 357; x_wconf 89' lang='lat' dir='ltr'><em>est</em></span> <span class='ocrx_word' id='word_1_17' title='bbox 265 318 307 356; x_wconf 87' lang='lat' dir='ltr'><em>in</em></span> <span class='ocrx_word' id='word_1_18' title='bbox 330 317 478 356; x_wconf 88' lang='lat' dir='ltr'><em>iudicio</em></span> <span class='ocrx_word' id='word_1_19' title='bbox 503 317 624 356; x_wconf 86' lang='lat' dir='ltr'><em>verba</em></span> <span class='ocrx_word' id='word_1_20' title='bbox 646 318 827 357; x_wconf 88' lang='lat' dir='ltr'><em>facientis</em></span> <span class='ocrx_word' id='word_1_21' title='bbox 848 318 894 356; x_wconf 89' lang='lat' dir='ltr'><em>de</em></span> <span class='ocrx_word' id='word_1_22' title='bbox 914 318 1144 357; x_wconf 70' lang='lat' dir='ltr'><em>certamine:</em></span> <span class='ocrx_word' id='word_1_23' title='bbox 1170 330 1263 356; x_wconf 89' lang='lat' dir='ltr'><em>nam</em></span> <span class='ocrx_word' id='word_1_24' title='bbox 1282 319 1355 357; x_wconf 90' lang='lat' dir='ltr'><em>hoc</em></span> <span class='ocrx_word' id='word_1_25' title='bbox 1376 320 1555 368; x_wconf 86' lang='lat' dir='ltr'><em>apertum</em></span> <span class='ocrx_word' id='word_1_26' title='bbox 1577 321 1636 358; x_wconf 89' lang='lat' dir='ltr'><em>est</em></span> <span class='ocrx_word' id='word_1_27' title='bbox 1655 332 1744 357; x_wconf 88' lang='lat' dir='ltr'><em>eum</em></span> 
     </span>
     <span class='ocr_line' id='line_1_5' title="bbox 164 377 1744 427; baseline 0.003 -14"><span class='ocrx_word' id='word_1_28' title='bbox 164 390 260 416; x_wconf 89' lang='lat' dir='ltr'><em>.n0n</em></span> <span class='ocrx_word' id='word_1_29' title='bbox 286 377 333 415; x_wconf 91' lang='lat' dir='ltr'><em>de</em></span> <span class='ocrx_word' id='word_1_30' title='bbox 359 389 430 415; x_wconf 90' lang='lat' dir='ltr'><em>sua</em></span> <span class='ocrx_word' id='word_1_31' title='bbox 459 389 552 415; x_wconf 88' lang='lat' dir='ltr'><em>cura</em></span> <span class='ocrx_word' id='word_1_32' title='bbox 577 377 686 427; x_wconf 88' lang='lat' dir='ltr'><em>loqui</em></span> <span class='ocrx_word' id='word_1_33' title='bbox 712 377 779 416; x_wconf 88' lang='lat' dir='ltr'><em>sed</em></span> <span class='ocrx_word' id='word_1_34' title='bbox 806 378 852 416; x_wconf 90' lang='lat' dir='ltr'><em>de</em></span> <span class='ocrx_word' id='word_1_35' title='bbox 879 379 1144 426; x_wconf 88' lang='lat' dir='ltr'><em>spectatorum</em></span> <span class='ocrx_word' id='word_1_36' title='bbox 1171 390 1264 416; x_wconf 86' lang='lat' dir='ltr'><em>cura</em></span> <span class='ocrx_word' id='word_1_37' title='bbox 1290 390 1368 427; x_wconf 85' lang='lat' dir='ltr'><em>qua</em></span> <span class='ocrx_word' id='word_1_38' title='bbox 1393 377 1422 415; x_wconf 90' lang='lat' dir='ltr'><em>ii</em></span> <span class='ocrx_word' id='word_1_39' title='bbox 1442 379 1667 417; x_wconf 74' lang='lat' dir='ltr'><em>certaminis</em></span> <span class='ocrx_word' id='word_1_40' title='bbox 1687 380 1744 417; x_wconf 85' lang='lat' dir='ltr'><em>vi-</em></span> 
     </span>
     <span class='ocr_line' id='line_1_6' title="bbox 181 436 1744 486; baseline 0.001 -11"><span class='ocrx_word' id='word_1_41' title='bbox 181 436 427 476; x_wconf 89' lang='lat' dir='ltr'><em>cissitudines</em></span> <span class='ocrx_word' id='word_1_42' title='bbox 459 437 814 486; x_wconf 73' lang='lat' dir='ltr'><em>prosequebantur:</em></span> <span class='ocrx_word' id='word_1_43' title='bbox 846 437 982 475; x_wconf 85' lang='lat' dir='ltr'><em>Livius</em></span> <span class='ocrx_word' id='word_1_44' title='bbox 1008 449 1023 474; x_wconf 95' lang='lat'>1</span> <span class='ocrx_word' id='word_1_45' title='bbox 1050 437 1117 485; x_wconf 86' lang='lat'><em>25,</em></span> <span class='ocrx_word' id='word_1_46' title='bbox 1139 437 1161 474; x_wconf 87' lang='lat'>6</span> <span class='ocrx_word' id='word_1_47' title='bbox 1203 437 1255 475; x_wconf 89' lang='lat' dir='ltr'><em>ad</em></span> <span class='ocrx_word' id='word_1_48' title='bbox 1285 448 1449 485; x_wconf 81' lang='lat' dir='ltr'><em>quorum</em></span> <span class='ocrx_word' id='word_1_49' title='bbox 1486 449 1620 476; x_wconf 81' lang='lat' dir='ltr'><em>casum</em></span> <span class='ocrx_word' id='word_1_50' title='bbox 1657 450 1744 477; x_wconf 90' lang='lat' dir='ltr'><em>curn</em></span> 
     </span>
     <span class='ocr_line' id='line_1_7' title="bbox 180 495 1743 546; baseline 0.001 -12"><span class='ocrx_word' id='word_1_51' title='bbox 180 497 453 535; x_wconf 73' lang='lat' dir='ltr'><em>conclamasset</em></span> <span class='ocrx_word' id='word_1_52' title='bbox 480 497 625 545; x_wconf 75' lang='lat' dir='ltr'><em>qaudio</em></span> <span class='ocrx_word' id='word_1_53' title='bbox 656 495 836 535; x_wconf 86' lang='lat' dir='ltr'><em>Albanus</em></span> <span class='ocrx_word' id='word_1_54' title='bbox 869 497 1070 541; x_wconf 65' lang='lat' dir='ltr'><em>eaereitus,</em></span> <span class='ocrx_word' id='word_1_55' title='bbox 1102 496 1302 534; x_wconf 82' lang='lat' dir='ltr'><em>Romanas</em></span> <span class='ocrx_word' id='word_1_56' title='bbox 1334 497 1498 545; x_wconf 76' lang='lat' dir='ltr'><em>leqiones</em></span> <span class='ocrx_word' id='word_1_57' title='bbox 1528 498 1610 535; x_wconf 82' lang='lat' dir='ltr'><em>iani</em></span> <span class='ocrx_word' id='word_1_58' title='bbox 1640 508 1743 546; x_wconf 86' lang='lat' dir='ltr'><em>spes</em></span> 
     </span>
     <span class='ocr_line' id='line_1_8' title="bbox 179 556 1744 605; baseline 0.001 -12"><span class='ocrx_word' id='word_1_59' title='bbox 179 558 267 601; x_wconf 89' lang='lat' dir='ltr'><em>tota,</em></span> <span class='ocrx_word' id='word_1_60' title='bbox 292 556 465 593; x_wconf 85' lang='lat' dir='ltr'><em>nondurn</em></span> <span class='ocrx_word' id='word_1_61' title='bbox 496 558 624 593; x_wconf 81' lang='lat' dir='ltr'><em>tamen</em></span> <span class='ocrx_word' id='word_1_62' title='bbox 655 568 768 594; x_wconf 87' lang='lat' dir='ltr'><em>eura</em></span> <span class='ocrx_word' id='word_1_63' title='bbox 805 556 1041 600; x_wconf 75' lang='lat' dir='ltr'><em>deseruerat,</em></span> <span class='ocrx_word' id='word_1_64' title='bbox 1079 557 1273 593; x_wconf 72' lang='lat' dir='ltr'><em>exanimes</em></span> <span class='ocrx_word' id='word_1_65' title='bbox 1304 556 1423 594; x_wconf 80' lang='lat' dir='ltr'><em>vicem</em></span> <span class='ocrx_word' id='word_1_66' title='bbox 1459 557 1595 601; x_wconf 86' lang='lat' dir='ltr'><em>unius,</em></span> <span class='ocrx_word' id='word_1_67' title='bbox 1633 569 1744 605; x_wconf 85' lang='lat' dir='ltr'><em>quern</em></span> 
     </span>
     <span class='ocr_line' id='line_1_9' title="bbox 178 614 1741 664; baseline 0.001 -11"><span class='ocrx_word' id='word_1_68' title='bbox 178 618 254 653; x_wconf 91' lang='lat' dir='ltr'><em>tres</em></span> <span class='ocrx_word' id='word_1_69' title='bbox 288 614 458 653; x_wconf 83' lang='lat' dir='ltr'><em>Curiatii</em></span> <span class='ocrx_word' id='word_1_70' title='bbox 489 616 829 663; x_wconf 81' lang='lat' dir='ltr'><em>circumsteterant3</em></span> <span class='ocrx_word' id='word_1_71' title='bbox 857 614 1018 663; x_wconf 85' lang='lat' dir='ltr'><em>Dionys.</em></span> <span class='ocrx_word' id='word_1_72' title='bbox 1052 614 1179 652; x_wconf 89' lang='lat' dir='ltr'><em>Halic.</em></span> <span class='ocrx_word' id='word_1_73' title='bbox 1201 627 1246 651; x_wconf 86' lang='lat'><em>111</em></span> <span class='ocrx_word' id='word_1_74' title='bbox 1269 615 1335 663; x_wconf 83' lang='lat'><em>20,</em></span> <span class='ocrx_word' id='word_1_75' title='bbox 1358 615 1395 652; x_wconf 88' lang='grc'><em>3.</em></span> <span class='ocrx_word' id='word_1_76' title='bbox 1433 614 1559 664; x_wconf 87' lang='lat' dir='ltr'><em>Atqui</em></span> <span class='ocrx_word' id='word_1_77' title='bbox 1590 617 1623 654; x_wconf 89' lang='lat' dir='ltr'><em>si</em></span> <span class='ocrx_word' id='word_1_78' title='bbox 1658 629 1741 654; x_wconf 87' lang='lat' dir='ltr'><em>ver-</em></span> 
     </span>
     <span class='ocr_line' id='line_1_10' title="bbox 181 673 1742 725; baseline 0.001 -14"><span class='ocrx_word' id='word_1_79' title='bbox 181 686 244 712; x_wconf 91' lang='lat' dir='ltr'><em>sus</em></span> <span class='ocrx_word' id='word_1_80' title='bbox 276 675 431 724; x_wconf 85' lang='lat' dir='ltr'><em>integer</em></span> <span class='ocrx_word' id='word_1_81' title='bbox 463 675 537 722; x_wconf 88' lang='lat' dir='ltr'><em>est,</em></span> <span class='ocrx_word' id='word_1_82' title='bbox 573 674 770 712; x_wconf 88' lang='lat' dir='ltr'><em>sententia</em></span> <span class='ocrx_word' id='word_1_83' title='bbox 801 686 879 711; x_wconf 92' lang='lat' dir='ltr'><em>non</em></span> <span class='ocrx_word' id='word_1_84' title='bbox 911 674 1085 723; x_wconf 82' lang='lat' dir='ltr'><em>integra,</em></span> <span class='ocrx_word' id='word_1_85' title='bbox 1120 685 1239 723; x_wconf 89' lang='lat' dir='ltr'><em>quem</em></span> <span class='ocrx_word' id='word_1_86' title='bbox 1276 673 1308 711; x_wconf 90' lang='lat' dir='ltr'><em>si</em></span> <span class='ocrx_word' id='word_1_87' title='bbox 1347 673 1402 712; x_wconf 91' lang='lat' dir='ltr'><em>sic</em></span> <span class='ocrx_word' id='word_1_88' title='bbox 1440 674 1521 712; x_wconf 89' lang='lat' dir='ltr'><em>fere</em></span> <span class='ocrx_word' id='word_1_89' title='bbox 1559 675 1742 725; x_wconf 88' lang='lat' dir='ltr'><em>supplen-</em></span> 
     </span>
     <span class='ocr_line' id='line_1_11' title="bbox 179 732 1743 782; baseline 0.001 -12"><span class='ocrx_word' id='word_1_90' title='bbox 179 733 271 771; x_wconf 87' lang='lat' dir='ltr'><em>dum</em></span> <span class='ocrx_word' id='word_1_91' title='bbox 305 732 489 772; x_wconf 87' lang='lat' dir='ltr'><em>coniicias</em></span> <span class='ocrx_word' id='word_1_92' title='bbox 515 733 659 782; x_wconf 75' lang='lat' dir='ltr'><em>Inyens</em></span> <span class='ocrx_word' id='word_1_93' title='bbox 685 745 781 771; x_wconf 91' lang='grc' dir='ltr'><em>σανα</em></span> <span class='ocrx_word' id='word_1_94' title='bbox 806 734 880 771; x_wconf 83' lang='lat' dir='ltr'><em>mis</em></span> <span class='ocrx_word' id='word_1_95' title='bbox 905 744 992 771; x_wconf 82' lang='lat' dir='ltr'><em>cuni</em></span> <span class='ocrx_word' id='word_1_96' title='bbox 1017 733 1266 771; x_wconf 78' lang='lat' dir='ltr'><em>concordibus</em></span> <span class='ocrx_word' id='word_1_97' title='bbox 1296 734 1547 781; x_wconf 75' lang='lat' dir='ltr'><em>aequiperare</em></span> <span class='ocrx_word' id='word_1_98' title='bbox 1572 735 1641 772; x_wconf 86' lang='lat' dir='ltr'><em>Me</em></span> <span class='ocrx_word' id='word_1_99' title='bbox 1664 746 1743 772; x_wconf 83' lang='lat' dir='ltr'><em>non</em></span> 
     </span>
     <span class='ocr_line' id='line_1_12' title="bbox 175 791 1742 843; baseline 0.001 -13"><span class='ocrx_word' id='word_1_100' title='bbox 175 804 286 840; x_wconf 89' lang='lat' dir='ltr'><em>posse</em></span> <span class='ocrx_word' id='word_1_101' title='bbox 316 793 456 837; x_wconf 78' lang='lat' dir='ltr'><em>vident,</em></span> <span class='ocrx_word' id='word_1_102' title='bbox 487 794 570 830; x_wconf 87' lang='lat' dir='ltr'><em>tam</em></span> <span class='ocrx_word' id='word_1_103' title='bbox 603 792 851 831; x_wconf 83' lang='lat' dir='ltr'><em>concordibus</em></span> <span class='ocrx_word' id='word_1_104' title='bbox 884 791 930 829; x_wconf 89' lang='lat' dir='ltr'><em>de</em></span> <span class='ocrx_word' id='word_1_105' title='bbox 962 791 1087 830; x_wconf 88' lang='lat' dir='ltr'><em>tribus</em></span> <span class='ocrx_word' id='word_1_106' title='bbox 1119 791 1307 830; x_wconf 88' lang='lat' dir='ltr'><em>fratribus</em></span> <span class='ocrx_word' id='word_1_107' title='bbox 1341 804 1459 842; x_wconf 87' lang='lat' dir='ltr'><em>quam</em></span> <span class='ocrx_word' id='word_1_108' title='bbox 1491 794 1742 843; x_wconf 73' lang='lat' dir='ltr'><em>aequiperare</em></span> 
     </span>
     <span class='ocr_line' id='line_1_13' title="bbox 178 850 1742 901; baseline 0.001 -12"><span class='ocrx_word' id='word_1_109' title='bbox 178 863 268 889; x_wconf 91' lang='lat' dir='ltr'><em>cum</em></span> <span class='ocrx_word' id='word_1_110' title='bbox 293 852 412 889; x_wconf 89' lang='lat' dir='ltr'><em>tertio</em></span> <span class='ocrx_word' id='word_1_111' title='bbox 439 864 531 890; x_wconf 90' lang='lat' dir='ltr'><em>casu</em></span> <span class='ocrx_word' id='word_1_112' title='bbox 557 851 734 889; x_wconf 89' lang='lat' dir='ltr'><em>iunctum</em></span> <span class='ocrx_word' id='word_1_113' title='bbox 759 851 904 890; x_wconf 87' lang='lat' dir='ltr'><em>habeat</em></span> <span class='ocrx_word' id='word_1_114' title='bbox 930 850 1035 900; x_wconf 90' lang='lat' dir='ltr'><em>quod</em></span> <span class='ocrx_word' id='word_1_115' title='bbox 1061 850 1332 890; x_wconf 84' lang='lat' dir='ltr'><em>addubitetur:</em></span> <span class='ocrx_word' id='word_1_116' title='bbox 1363 851 1498 901; x_wconf 87' lang='lat' dir='ltr'><em>itaque</em></span> <span class='ocrx_word' id='word_1_117' title='bbox 1525 853 1570 890; x_wconf 92' lang='lat' dir='ltr'><em>ut</em></span> <span class='ocrx_word' id='word_1_118' title='bbox 1601 865 1742 891; x_wconf 86' lang='lat' dir='ltr'><em>manca</em></span> 
     </span>
     <span class='ocr_line' id='line_1_14' title="bbox 178 910 1742 961; baseline 0.001 -12"><span class='ocrx_word' id='word_1_119' title='bbox 178 912 237 949; x_wconf 90' lang='lat' dir='ltr'><em>est</em></span> <span class='ocrx_word' id='word_1_120' title='bbox 261 912 456 949; x_wconf 88' lang='lat' dir='ltr'><em>sententia</em></span> <span class='ocrx_word' id='word_1_121' title='bbox 481 911 649 949; x_wconf 86' lang='lat' dir='ltr'><em>fortasse</em></span> <span class='ocrx_word' id='word_1_122' title='bbox 673 910 790 961; x_wconf 90' lang='lat' dir='ltr'><em>plura</em></span> <span class='ocrx_word' id='word_1_123' title='bbox 816 910 996 948; x_wconf 89' lang='lat' dir='ltr'><em>addenda</em></span> <span class='ocrx_word' id='word_1_124' title='bbox 1021 910 1100 948; x_wconf 90' lang='lat' dir='ltr'><em>sint</em></span> <span class='ocrx_word' id='word_1_125' title='bbox 1118 911 1160 948; x_wconf 88' lang='lat' dir='ltr'><em>in</em></span> <span class='ocrx_word' id='word_1_126' title='bbox 1179 911 1284 948; x_wconf 87' lang='lat' dir='ltr'><em>hunc</em></span> <span class='ocrx_word' id='word_1_127' title='bbox 1302 911 1462 949; x_wconf 90' lang='lat' dir='ltr'><em>modum</em></span> <span class='ocrx_word' id='word_1_128' title='bbox 1481 911 1626 960; x_wconf 79' lang='lat' dir='ltr'><em>Inqens</em></span> <span class='ocrx_word' id='word_1_129' title='bbox 1646 925 1742 951; x_wconf 86' lang='lat' dir='ltr'><em>eura</em></span> 
     </span>
     <span class='ocr_line' id='line_1_15' title="bbox 176 969 1741 1019; baseline 0.001 -11"><span class='ocrx_word' id='word_1_130' title='bbox 176 972 251 1008; x_wconf 85' lang='lat' dir='ltr'><em>rnis</em></span> <span class='ocrx_word' id='word_1_131' title='bbox 277 982 363 1009; x_wconf 83' lang='lat' dir='ltr'><em>curn</em></span> <span class='ocrx_word' id='word_1_132' title='bbox 389 971 639 1009; x_wconf 85' lang='lat' dir='ltr'><em>concordibus</em></span> <span class='ocrx_word' id='word_1_133' title='bbox 665 972 917 1018; x_wconf 72' lang='lat' dir='ltr'><em>aequiperare</em></span> <span class='ocrx_word' id='word_1_134' title='bbox 945 969 1175 1008; x_wconf 81' lang='lat' dir='ltr'><em>Coniunctos</em></span> <span class='ocrx_word' id='word_1_135' title='bbox 1202 971 1345 1008; x_wconf 78' lang='lat' dir='ltr'><em>animis</em></span> <span class='ocrx_word' id='word_1_136' title='bbox 1370 983 1494 1008; x_wconf 81' lang='lat' dir='ltr'><em>unum</em></span> <span class='ocrx_word' id='word_1_137' title='bbox 1523 982 1602 1009; x_wconf 92' lang='lat' dir='ltr'><em>non</em></span> <span class='ocrx_word' id='word_1_138' title='bbox 1625 983 1741 1019; x_wconf 87' lang='lat' dir='ltr'><em>posse</em></span> 
     </span>
     <span class='ocr_line' id='line_1_16' title="bbox 177 1028 1741 1080; baseline 0.001 -13"><span class='ocrx_word' id='word_1_139' title='bbox 177 1030 358 1068; x_wconf 84' lang='lat' dir='ltr'><em>viderent.</em></span> <span class='ocrx_word' id='word_1_140' title='bbox 387 1028 462 1068; x_wconf 90' lang='lat' dir='ltr'><em>Sed</em></span> <span class='ocrx_word' id='word_1_141' title='bbox 487 1029 679 1079; x_wconf 89' lang='lat' dir='ltr'><em>quidquid</em></span> <span class='ocrx_word' id='word_1_142' title='bbox 706 1029 753 1067; x_wconf 90' lang='lat' dir='ltr'><em>de</em></span> <span class='ocrx_word' id='word_1_143' title='bbox 779 1029 907 1068; x_wconf 85' lang='lat' dir='ltr'><em>verbis</em></span> <span class='ocrx_word' id='word_1_144' title='bbox 934 1029 1193 1078; x_wconf 82' lang='lat' dir='ltr'><em>existimatur,</em></span> <span class='ocrx_word' id='word_1_145' title='bbox 1220 1030 1267 1068; x_wconf 90' lang='lat' dir='ltr'><em>de</em></span> <span class='ocrx_word' id='word_1_146' title='bbox 1293 1030 1489 1068; x_wconf 87' lang='lat' dir='ltr'><em>sententia</em></span> <span class='ocrx_word' id='word_1_147' title='bbox 1515 1031 1654 1080; x_wconf 84' lang='lat' dir='ltr'><em>opinor</em></span> <span class='ocrx_word' id='word_1_148' title='bbox 1679 1045 1741 1070; x_wconf 89' lang='lat' dir='ltr'><em>me</em></span> 
     </span>
     <span class='ocr_line' id='line_1_17' title="bbox 176 1088 1740 1138; baseline 0.001 -12"><span class='ocrx_word' id='word_1_149' title='bbox 176 1101 279 1127; x_wconf 87' lang='lat' dir='ltr'><em>nunc</em></span> <span class='ocrx_word' id='word_1_150' title='bbox 308 1090 354 1127; x_wconf 90' lang='lat' dir='ltr'><em>ut</em></span> <span class='ocrx_word' id='word_1_151' title='bbox 385 1089 480 1127; x_wconf 91' lang='lat' dir='ltr'><em>olim</em></span> <span class='ocrx_word' id='word_1_152' title='bbox 510 1091 614 1127; x_wconf 90' lang='lat' dir='ltr'><em>recte</em></span> <span class='ocrx_word' id='word_1_153' title='bbox 645 1088 851 1127; x_wconf 85' lang='lat' dir='ltr'><em>iudicasse.</em></span> <span class='ocrx_word' id='word_1_154' title='bbox 884 1088 1016 1138; x_wconf 92' lang='lat' dir='ltr'><em>Atque</em></span> <span class='ocrx_word' id='word_1_155' title='bbox 1047 1089 1142 1127; x_wconf 90' lang='lat' dir='ltr'><em>haec</em></span> <span class='ocrx_word' id='word_1_156' title='bbox 1170 1088 1361 1127; x_wconf 82' lang='lat' dir='ltr'><em>Horatius</em></span> <span class='ocrx_word' id='word_1_157' title='bbox 1393 1101 1471 1127; x_wconf 90' lang='lat' dir='ltr'><em>non</em></span> <span class='ocrx_word' id='word_1_158' title='bbox 1502 1091 1633 1138; x_wconf 91' lang='lat' dir='ltr'><em>potest</em></span> <span class='ocrx_word' id='word_1_159' title='bbox 1664 1090 1740 1129; x_wconf 89' lang='lat' dir='ltr'><em>nisi</em></span> 
     </span>
     <span class='ocr_line' id='line_1_18' title="bbox 176 1148 1739 1199; baseline 0.001 -14"><span class='ocrx_word' id='word_1_160' title='bbox 176 1160 307 1186; x_wconf 89' lang='lat' dir='ltr'><em>coram</em></span> <span class='ocrx_word' id='word_1_161' title='bbox 333 1148 528 1186; x_wconf 90' lang='lat' dir='ltr'><em>iudicibus</em></span> <span class='ocrx_word' id='word_1_162' title='bbox 555 1149 751 1199; x_wconf 81' lang='lat' dir='ltr'><em>extulisse,</em></span> <span class='ocrx_word' id='word_1_163' title='bbox 777 1150 822 1186; x_wconf 89' lang='lat' dir='ltr'><em>ut</em></span> <span class='ocrx_word' id='word_1_164' title='bbox 848 1148 1084 1186; x_wconf 82' lang='lat' dir='ltr'><em>discriminis</em></span> <span class='ocrx_word' id='word_1_165' title='bbox 1105 1149 1344 1199; x_wconf 84' lang='lat' dir='ltr'><em>gravitatem</em></span> <span class='ocrx_word' id='word_1_166' title='bbox 1364 1161 1440 1198; x_wconf 89' lang='lat' dir='ltr'><em>quo</em></span> <span class='ocrx_word' id='word_1_167' title='bbox 1460 1149 1657 1199; x_wconf 80' lang='lat' dir='ltr'><em>pendebat</em></span> <span class='ocrx_word' id='word_1_168' title='bbox 1677 1162 1739 1187; x_wconf 82' lang='lat' dir='ltr'><em>ex-</em></span> 
     </span>
     <span class='ocr_line' id='line_1_19' title="bbox 174 1207 1739 1257; baseline 0.001 -12"><span class='ocrx_word' id='word_1_169' title='bbox 174 1208 343 1246; x_wconf 88' lang='lat' dir='ltr'><em>tolleret.</em></span> <span class='ocrx_word' id='word_1_170' title='bbox 365 1207 552 1245; x_wconf 87' lang='lat' dir='ltr'><em>Eiusdem</em></span> <span class='ocrx_word' id='word_1_171' title='bbox 572 1207 731 1246; x_wconf 83' lang='lat' dir='ltr'><em>Horatii</em></span> <span class='ocrx_word' id='word_1_172' title='bbox 751 1220 789 1246; x_wconf 89' lang='lat' dir='ltr'><em>se</em></span> <span class='ocrx_word' id='word_1_173' title='bbox 810 1207 1054 1246; x_wconf 83' lang='lat' dir='ltr'><em>defendentis</em></span> <span class='ocrx_word' id='word_1_174' title='bbox 1075 1209 1167 1245; x_wconf 89' lang='lat' dir='ltr'><em>sunt</em></span> <span class='ocrx_word' id='word_1_175' title='bbox 1186 1220 1243 1245; x_wconf 80' lang='grc' dir='ltr'><em>ΧΠ</em></span> <span class='ocrx_word' id='word_1_176' title='bbox 1264 1210 1303 1245; x_wconf 89' lang='lat' dir='ltr'><em>et</em></span> <span class='ocrx_word' id='word_1_177' title='bbox 1323 1221 1407 1256; x_wconf 83' lang='lat' dir='ltr'><em>xm,</em></span> <span class='ocrx_word' id='word_1_178' title='bbox 1428 1221 1594 1257; x_wconf 90' lang='lat' dir='ltr'><em>quorum</em></span> <span class='ocrx_word' id='word_1_179' title='bbox 1615 1209 1739 1247; x_wconf 87' lang='lat' dir='ltr'><em>altero</em></span> 
     </span>
     <span class='ocr_line' id='line_1_20' title="bbox 176 1267 1739 1317; baseline 0.001 -13"><span class='ocrx_word' id='word_1_180' title='bbox 176 1279 361 1317; x_wconf 89' lang='lat' dir='ltr'><em>sponsum</em></span> <span class='ocrx_word' id='word_1_181' title='bbox 388 1267 455 1316; x_wconf 89' lang='lat' dir='ltr'><em>qui</em></span> <span class='ocrx_word' id='word_1_182' title='bbox 482 1279 559 1305; x_wconf 89' lang='lat' dir='ltr'><em>non</em></span> <span class='ocrx_word' id='word_1_183' title='bbox 584 1268 778 1305; x_wconf 90' lang='lat' dir='ltr'><em>recusarit</em></span> <span class='ocrx_word' id='word_1_184' title='bbox 803 1269 1000 1305; x_wconf 88' lang='lat' dir='ltr'><em>certamen</em></span> <span class='ocrx_word' id='word_1_185' title='bbox 1021 1279 1090 1305; x_wconf 90' lang='lat' dir='ltr'><em>suo</em></span> <span class='ocrx_word' id='word_1_186' title='bbox 1112 1267 1276 1306; x_wconf 87' lang='lat' dir='ltr'><em>arbitrio</em></span> <span class='ocrx_word' id='word_1_187' title='bbox 1297 1267 1493 1316; x_wconf 88' lang='lat' dir='ltr'><em>cecidisse,</em></span> <span class='ocrx_word' id='word_1_188' title='bbox 1520 1267 1643 1305; x_wconf 81' lang='lat' dir='ltr'><em>altero</em></span> <span class='ocrx_word' id='word_1_189' title='bbox 1665 1268 1739 1306; x_wconf 90' lang='lat' dir='ltr'><em>sibi</em></span> 
     </span>
     <span class='ocr_line' id='line_1_21' title="bbox 173 1325 1738 1375; baseline 0.001 -12"><span class='ocrx_word' id='word_1_190' title='bbox 173 1325 365 1364; x_wconf 85' lang='lat' dir='ltr'><em>iniuriosa</em></span> <span class='ocrx_word' id='word_1_191' title='bbox 391 1327 497 1365; x_wconf 86' lang='lat' dir='ltr'><em>dicta</em></span> <span class='ocrx_word' id='word_1_192' title='bbox 523 1326 666 1365; x_wconf 88' lang='lat' dir='ltr'><em>sororis</em></span> <span class='ocrx_word' id='word_1_193' title='bbox 692 1328 733 1364; x_wconf 90' lang='lat' dir='ltr'><em>in</em></span> <span class='ocrx_word' id='word_1_194' title='bbox 758 1328 842 1365; x_wconf 86' lang='lat' dir='ltr'><em>tam</em></span> <span class='ocrx_word' id='word_1_195' title='bbox 868 1326 1074 1375; x_wconf 88' lang='lat' dir='ltr'><em>splendida</em></span> <span class='ocrx_word' id='word_1_196' title='bbox 1099 1328 1266 1364; x_wconf 86' lang='lat' dir='ltr'><em>victoria</em></span> <span class='ocrx_word' id='word_1_197' title='bbox 1291 1327 1497 1365; x_wconf 88' lang='lat' dir='ltr'><em>toleranda</em></span> <span class='ocrx_word' id='word_1_198' title='bbox 1519 1339 1598 1364; x_wconf 89' lang='lat' dir='ltr'><em>non</em></span> <span class='ocrx_word' id='word_1_199' title='bbox 1617 1327 1738 1366; x_wconf 81' lang='lat' dir='ltr'><em>fuisse</em></span> 
     </span>
     <span class='ocr_line' id='line_1_22' title="bbox 175 1385 1738 1435; baseline -0.001 -11"><span class='ocrx_word' id='word_1_200' title='bbox 175 1385 267 1424; x_wconf 90' lang='lat' dir='ltr'><em>edit.</em></span> <span class='ocrx_word' id='word_1_201' title='bbox 293 1386 355 1424; x_wconf 86' lang='lat' dir='ltr'><em>Fr.</em></span> <span class='ocrx_word' id='word_1_202' title='bbox 377 1398 446 1424; x_wconf 84' lang='lat' dir='ltr'><em>XIV</em></span> <span class='ocrx_word' id='word_1_203' title='bbox 466 1385 675 1435; x_wconf 85' lang='lat' dir='ltr'><em>clauditur,</em></span> <span class='ocrx_word' id='word_1_204' title='bbox 695 1387 846 1435; x_wconf 88' lang='lat' dir='ltr'><em>opinor,</em></span> <span class='ocrx_word' id='word_1_205' title='bbox 867 1385 1101 1435; x_wconf 85' lang='lat' dir='ltr'><em>disceptatio</em></span> <span class='ocrx_word' id='word_1_206' title='bbox 1121 1385 1217 1424; x_wconf 88' lang='lat' dir='ltr'><em>iuris</em></span> <span class='ocrx_word' id='word_1_207' title='bbox 1237 1387 1278 1423; x_wconf 89' lang='lat' dir='ltr'><em>in</em></span> <span class='ocrx_word' id='word_1_208' title='bbox 1298 1399 1339 1423; x_wconf 90' lang='lat' dir='ltr'><em>re</em></span> <span class='ocrx_word' id='word_1_209' title='bbox 1358 1385 1581 1434; x_wconf 87' lang='lat' dir='ltr'><em>iudicanda,</em></span> <span class='ocrx_word' id='word_1_210' title='bbox 1602 1399 1738 1435; x_wconf 91' lang='lat' dir='ltr'><em>quam-</em></span> 
     </span>
     <span class='ocr_line' id='line_1_23' title="bbox 175 1444 1737 1495; baseline 0.001 -13"><span class='ocrx_word' id='word_1_211' title='bbox 175 1458 293 1494; x_wconf 84' lang='lat' dir='ltr'><em>quam</em></span> <span class='ocrx_word' id='word_1_212' title='bbox 318 1444 458 1483; x_wconf 87' lang='lat' dir='ltr'><em>iisdem</em></span> <span class='ocrx_word' id='word_1_213' title='bbox 484 1445 613 1483; x_wconf 87' lang='lat' dir='ltr'><em>verbis</em></span> <span class='ocrx_word' id='word_1_214' title='bbox 639 1445 744 1483; x_wconf 86' lang='lat' dir='ltr'><em>finiri</em></span> <span class='ocrx_word' id='word_1_215' title='bbox 768 1447 954 1495; x_wconf 82' lang='lat' dir='ltr'><em>poterant</em></span> <span class='ocrx_word' id='word_1_216' title='bbox 972 1445 1036 1483; x_wconf 85' lang='lat' dir='ltr'><em>vel</em></span> <span class='ocrx_word' id='word_1_217' title='bbox 1055 1445 1126 1482; x_wconf 91' lang='lat' dir='ltr'><em>illa</em></span> <span class='ocrx_word' id='word_1_218' title='bbox 1147 1458 1246 1494; x_wconf 90' lang='lat' dir='ltr'><em>quae</em></span> <span class='ocrx_word' id='word_1_219' title='bbox 1268 1447 1357 1483; x_wconf 88' lang='lat' dir='ltr'><em>ante</em></span> <span class='ocrx_word' id='word_1_220' title='bbox 1376 1445 1519 1482; x_wconf 90' lang='lat' dir='ltr'><em>initum</em></span> <span class='ocrx_word' id='word_1_221' title='bbox 1541 1447 1737 1484; x_wconf 88' lang='lat' dir='ltr'><em>certamen</em></span> 
     </span>
     <span class='ocr_line' id='line_1_24' title="bbox 174 1499 1738 1557; baseline 0.001 -16"><span class='ocrx_word' id='word_1_222' title='bbox 174 1505 278 1542; x_wconf 89' lang='lat' dir='ltr'><em>inter</em></span> <span class='ocrx_word' id='word_1_223' title='bbox 301 1504 476 1543; x_wconf 89' lang='lat' dir='ltr'><em>Albanos</em></span> <span class='ocrx_word' id='word_1_224' title='bbox 503 1506 543 1542; x_wconf 90' lang='lat' dir='ltr'><em>et</em></span> <span class='ocrx_word' id='word_1_225' title='bbox 561 1504 758 1543; x_wconf 86' lang='lat' dir='ltr'><em>Romanos</em></span> <span class='ocrx_word' id='word_1_226' title='bbox 786 1506 874 1543; x_wconf 88' lang='lat' dir='ltr'><em>acta</em></span> <span class='ocrx_word' id='word_1_227' title='bbox 894 1506 1002 1553; x_wconf 82' lang='lat' dir='ltr'><em>sunt3</em></span> <span class='ocrx_word' id='word_1_228' title='bbox 1029 1506 1068 1542; x_wconf 90' lang='lat' dir='ltr'><em>et</em></span> <span class='ocrx_word' id='word_1_229' title='bbox 1095 1506 1153 1543; x_wconf 89' lang='lat' dir='ltr'><em>est</em></span> <span class='ocrx_word' id='word_1_230' title='bbox 1178 1504 1274 1542; x_wconf 84' lang='lat' dir='ltr'><em>haec</em></span> <span class='ocrx_word' id='word_1_231' title='bbox 1293 1504 1383 1542; x_wconf 91' lang='lat' dir='ltr'><em>inde</em></span> <span class='ocrx_word' id='word_1_232' title='bbox 1405 1504 1452 1542; x_wconf 91' lang='lat' dir='ltr'><em>ab</em></span> <span class='ocrx_word' id='word_1_233' title='bbox 1472 1504 1644 1542; x_wconf 85' lang='lat' dir='ltr'><em>Homero</em></span> <span class='ocrx_word' id='word_1_234' title='bbox 1666 1499 1738 1557; x_wconf 78' lang='grc' dir='ltr'><em>(ὦς</em></span> 
     </span>
     <span class='ocr_line' id='line_1_25' title="bbox 174 1558 1738 1616; baseline 0 -15"><span class='ocrx_word' id='word_1_235' title='bbox 174 1563 214 1601; x_wconf 79' lang='grc' dir='ltr'><em>οἳ</em></span> <span class='ocrx_word' id='word_1_236' title='bbox 238 1560 308 1613; x_wconf 82' lang='grc' dir='ltr'><em>μὲν</em></span> <span class='ocrx_word' id='word_1_237' title='bbox 332 1568 491 1602; x_wconf 78' lang='grc' dir='ltr'><em>τοιαῦτα</em></span> <span class='ocrx_word' id='word_1_238' title='bbox 516 1562 612 1615; x_wconf 77' lang='grc' dir='ltr'><em>πρὸς</em></span> <span class='ocrx_word' id='word_1_239' title='bbox 639 1561 829 1614; x_wconf 73' lang='grc' dir='ltr'><em>ἀλλήλους</em></span> <span class='ocrx_word' id='word_1_240' title='bbox 856 1558 1064 1616; x_wconf 73' lang='grc' dir='ltr'><em>ἀγόρευον)</em></span> <span class='ocrx_word' id='word_1_241' title='bbox 1091 1563 1300 1602; x_wconf 85' lang='lat' dir='ltr'><em>familiaris</em></span> <span class='ocrx_word' id='word_1_242' title='bbox 1332 1564 1504 1602; x_wconf 87' lang='lat' dir='ltr'><em>formula</em></span> <span class='ocrx_word' id='word_1_243' title='bbox 1535 1563 1738 1602; x_wconf 87' lang='lat' dir='ltr'><em>desinendi</em></span> 
     </span>
     <span class='ocr_line' id='line_1_26' title="bbox 174 1622 1735 1674; baseline 0 -14"><span class='ocrx_word' id='word_1_244' title='bbox 174 1623 213 1660; x_wconf 92' lang='lat' dir='ltr'><em>et</em></span> <span class='ocrx_word' id='word_1_245' title='bbox 233 1622 283 1660; x_wconf 87' lang='lat' dir='ltr'><em>ad</em></span> <span class='ocrx_word' id='word_1_246' title='bbox 301 1635 362 1661; x_wconf 88' lang='lat' dir='ltr'><em>res</em></span> <span class='ocrx_word' id='word_1_247' title='bbox 384 1623 481 1660; x_wconf 87' lang='lat' dir='ltr'><em>alias</em></span> <span class='ocrx_word' id='word_1_248' title='bbox 501 1623 740 1661; x_wconf 89' lang='lat' dir='ltr'><em>transeundi.</em></span> <span class='ocrx_word' id='word_1_249' title='bbox 765 1622 820 1661; x_wconf 82' lang='lat' dir='ltr'><em>Of.</em></span> <span class='ocrx_word' id='word_1_250' title='bbox 842 1636 930 1661; x_wconf 90' lang='lat' dir='ltr'><em>ann.</em></span> <span class='ocrx_word' id='word_1_251' title='bbox 954 1623 1036 1661; x_wconf 85' lang='lat'><em>555</em></span> <span class='ocrx_word' id='word_1_252' title='bbox 1059 1624 1099 1661; x_wconf 88' lang='lat' dir='ltr'><em>et</em></span> <span class='ocrx_word' id='word_1_253' title='bbox 1117 1622 1215 1660; x_wconf 87' lang='lat' dir='ltr'><em>Aen.</em></span> <span class='ocrx_word' id='word_1_254' title='bbox 1236 1635 1278 1660; x_wconf 88' lang='lat' dir='ltr'><em>XI</em></span> <span class='ocrx_word' id='word_1_255' title='bbox 1298 1624 1394 1661; x_wconf 88' lang='lat'>445.</span> <span class='ocrx_word' id='word_1_256' title='bbox 1415 1622 1551 1662; x_wconf 83' lang='lat' dir='ltr'><em>Livius</em></span> <span class='ocrx_word' id='word_1_257' title='bbox 1572 1636 1598 1660; x_wconf 84' lang='lat' dir='ltr'><strong>x</strong></span> <span class='ocrx_word' id='word_1_258' title='bbox 1620 1625 1686 1674; x_wconf 86' lang='lat'><em>22,</em></span> <span class='ocrx_word' id='word_1_259' title='bbox 1702 1625 1735 1661; x_wconf 85' lang='lat'><em>7.</em></span> 
     </span>
     <span class='ocr_line' id='line_1_27' title="bbox 174 1681 1736 1733; baseline 0.001 -14"><span class='ocrx_word' id='word_1_260' title='bbox 174 1681 360 1731; x_wconf 83' lang='lat' dir='ltr'><em>Sequitur</em></span> <span class='ocrx_word' id='word_1_261' title='bbox 385 1683 493 1720; x_wconf 87' lang='lat' dir='ltr'><em>fraus</em></span> <span class='ocrx_word' id='word_1_262' title='bbox 513 1682 661 1720; x_wconf 81' lang='lat' dir='ltr'><em>Fufetii</em></span> <span class='ocrx_word' id='word_1_263' title='bbox 689 1684 728 1720; x_wconf 91' lang='lat' dir='ltr'><em>et</em></span> <span class='ocrx_word' id='word_1_264' title='bbox 748 1682 915 1720; x_wconf 86' lang='lat' dir='ltr'><em>crudelis</em></span> <span class='ocrx_word' id='word_1_265' title='bbox 935 1682 1139 1720; x_wconf 88' lang='lat' dir='ltr'><em>interitus:</em></span> <span class='ocrx_word' id='word_1_266' title='bbox 1167 1695 1210 1720; x_wconf 88' lang='lat' dir='ltr'><em>ac</em></span> <span class='ocrx_word' id='word_1_267' title='bbox 1230 1695 1284 1721; x_wconf 84' lang='lat' dir='ltr'><em>xv</em></span> <span class='ocrx_word' id='word_1_268' title='bbox 1304 1682 1410 1720; x_wconf 84' lang='lat' dir='ltr'><em>Tulli</em></span> <span class='ocrx_word' id='word_1_269' title='bbox 1430 1682 1550 1721; x_wconf 84' lang='lat' dir='ltr'><em>verba</em></span> <span class='ocrx_word' id='word_1_270' title='bbox 1570 1682 1736 1733; x_wconf 83' lang='lat' dir='ltr'><em>exhibet,</em></span> 
     </span>
     <span class='ocr_line' id='line_1_28' title="bbox 174 1739 1736 1792; baseline 0.001 -14"><span class='ocrx_word' id='word_1_271' title='bbox 174 1742 242 1790; x_wconf 90' lang='lat' dir='ltr'><em>qui</em></span> <span class='ocrx_word' id='word_1_272' title='bbox 260 1741 462 1779; x_wconf 83' lang='lat' dir='ltr'><em>Fufetium</em></span> <span class='ocrx_word' id='word_1_273' title='bbox 486 1742 662 1779; x_wconf 87' lang='lat' dir='ltr'><em>interimi</em></span> <span class='ocrx_word' id='word_1_274' title='bbox 689 1755 807 1791; x_wconf 89' lang='lat' dir='ltr'><em>quam</em></span> <span class='ocrx_word' id='word_1_275' title='bbox 827 1754 960 1780; x_wconf 89' lang='lat' dir='ltr'><em>omnes</em></span> <span class='ocrx_word' id='word_1_276' title='bbox 982 1742 1063 1780; x_wconf 88' lang='lat' dir='ltr'><em>eius</em></span> <span class='ocrx_word' id='word_1_277' title='bbox 1086 1739 1275 1792; x_wconf 82' lang='lat' dir='ltr'><em>‘legiones</em></span> <span class='ocrx_word' id='word_1_278' title='bbox 1297 1754 1341 1780; x_wconf 88' lang='lat' dir='ltr'><em>ac</em></span> <span class='ocrx_word' id='word_1_279' title='bbox 1361 1739 1586 1791; x_wconf 87' lang='lat' dir='ltr'><em>populares&#39;</em></span> <span class='ocrx_word' id='word_1_280' title='bbox 1609 1743 1736 1791; x_wconf 90' lang='lat' dir='ltr'><em>perire</em></span> 
     </span>
     <span class='ocr_line' id='line_1_29' title="bbox 172 1801 1736 1851; baseline 0.001 -13"><span class='ocrx_word' id='word_1_281' title='bbox 172 1801 342 1838; x_wconf 87' lang='lat' dir='ltr'><em>mavult:</em></span> <span class='ocrx_word' id='word_1_282' title='bbox 366 1812 434 1839; x_wconf 88' lang='lat' dir='ltr'><em>nee</em></span> <span class='ocrx_word' id='word_1_283' title='bbox 459 1813 504 1839; x_wconf 90' lang='lat' dir='ltr'><em>ea</em></span> <span class='ocrx_word' id='word_1_284' title='bbox 530 1802 645 1849; x_wconf 89' lang='lat' dir='ltr'><em>culpa</em></span> <span class='ocrx_word' id='word_1_285' title='bbox 668 1801 799 1851; x_wconf 87' lang='lat' dir='ltr'><em>inquit</em></span> <span class='ocrx_word' id='word_1_286' title='bbox 820 1801 958 1839; x_wconf 84' lang='lat' dir='ltr'><em>Tullus</em></span> <span class='ocrx_word' id='word_1_287' title='bbox 988 1801 1092 1850; x_wconf 86' lang='lat' dir='ltr'><em>apud</em></span> <span class='ocrx_word' id='word_1_288' title='bbox 1118 1801 1277 1839; x_wconf 86' lang='lat' dir='ltr'><em>Livium</em></span> <span class='ocrx_word' id='word_1_289' title='bbox 1297 1814 1311 1838; x_wconf 91' lang='lat'>1</span> <span class='ocrx_word' id='word_1_290' title='bbox 1332 1802 1398 1850; x_wconf 81' lang='lat'><em>28,</em></span> <span class='ocrx_word' id='word_1_291' title='bbox 1421 1802 1443 1838; x_wconf 84' lang='grc'>6</span> <span class='ocrx_word' id='word_1_292' title='bbox 1472 1813 1589 1849; x_wconf 76' lang='lat' dir='ltr'><em>quani</em></span> <span class='ocrx_word' id='word_1_293' title='bbox 1615 1813 1736 1850; x_wconf 80' lang='lat' dir='ltr'><em>arque</em></span> 
     </span>
     <span class='ocr_line' id='line_1_30' title="bbox 172 1859 1733 1910; baseline -0.001 -12"><span class='ocrx_word' id='word_1_294' title='bbox 172 1861 344 1898; x_wconf 79' lang='lat' dir='ltr'><em>omnium</em></span> <span class='ocrx_word' id='word_1_295' title='bbox 362 1859 608 1899; x_wconf 82' lang='lat' dir='ltr'><em>Albanorum</em></span> <span class='ocrx_word' id='word_1_296' title='bbox 632 1863 703 1899; x_wconf 85' lang='lat' dir='ltr'><em>est:</em></span> <span class='ocrx_word' id='word_1_297' title='bbox 728 1861 861 1899; x_wconf 89' lang='lat' dir='ltr'><em>dueern</em></span> <span class='ocrx_word' id='word_1_298' title='bbox 879 1862 998 1899; x_wconf 89' lang='lat' dir='ltr'><em>secuti</em></span> <span class='ocrx_word' id='word_1_299' title='bbox 1015 1864 1121 1910; x_wconf 82' lang='lat' dir='ltr'><em>sunt3</em></span> <span class='ocrx_word' id='word_1_300' title='bbox 1149 1862 1189 1899; x_wconf 90' lang='lat' dir='ltr'><em>et</em></span> <span class='ocrx_word' id='word_1_301' title='bbox 1208 1861 1353 1898; x_wconf 87' lang='lat' dir='ltr'><em>similia</em></span> <span class='ocrx_word' id='word_1_302' title='bbox 1372 1860 1586 1909; x_wconf 85' lang='lat' dir='ltr'><em>Dionysius</em></span> <span class='ocrx_word' id='word_1_303' title='bbox 1606 1860 1733 1899; x_wconf 88' lang='lat' dir='ltr'><em>Halic.</em></span> 
     </span>
     <span class='ocr_line' id='line_1_31' title="bbox 171 1919 1735 1969; baseline 0.001 -13"><span class='ocrx_word' id='word_1_304' title='bbox 171 1931 217 1956; x_wconf 91' lang='lat'><em>111</em></span> <span class='ocrx_word' id='word_1_305' title='bbox 238 1920 303 1957; x_wconf 89' lang='lat'><em>23.</em></span> <span class='ocrx_word' id='word_1_306' title='bbox 326 1920 392 1957; x_wconf 86' lang='lat'><em>24.</em></span> <span class='ocrx_word' id='word_1_307' title='bbox 426 1919 672 1969; x_wconf 82' lang='lat' dir='ltr'><em>Supplicium</em></span> <span class='ocrx_word' id='word_1_308' title='bbox 703 1921 835 1969; x_wconf 87' lang='lat' dir='ltr'><em>ipsum</em></span> <span class='ocrx_word' id='word_1_309' title='bbox 867 1920 1034 1958; x_wconf 90' lang='lat' dir='ltr'><em>editores</em></span> <span class='ocrx_word' id='word_1_310' title='bbox 1066 1920 1250 1958; x_wconf 86' lang='lat' dir='ltr'><em>viderunt</em></span> <span class='ocrx_word' id='word_1_311' title='bbox 1275 1921 1527 1959; x_wconf 86' lang='lat' dir='ltr'><em>fr.XV1.XV11</em></span> <span class='ocrx_word' id='word_1_312' title='bbox 1558 1919 1735 1968; x_wconf 87' lang='lat' dir='ltr'><em>describi,</em></span> 
     </span>
     <span class='ocr_line' id='line_1_32' title="bbox 170 1978 1733 2028; baseline 0.001 -13"><span class='ocrx_word' id='word_1_313' title='bbox 170 1978 331 2016; x_wconf 86' lang='lat' dir='ltr'><em>incertis</em></span> <span class='ocrx_word' id='word_1_314' title='bbox 358 1979 526 2028; x_wconf 85' lang='lat' dir='ltr'><em>quidem,</em></span> <span class='ocrx_word' id='word_1_315' title='bbox 553 1979 620 2017; x_wconf 86' lang='lat' dir='ltr'><em>sed</em></span> <span class='ocrx_word' id='word_1_316' title='bbox 647 1992 747 2028; x_wconf 84' lang='lat' dir='ltr'><em>quae</em></span> <span class='ocrx_word' id='word_1_317' title='bbox 773 1992 863 2018; x_wconf 86' lang='lat' dir='ltr'><em>vere</em></span> <span class='ocrx_word' id='word_1_318' title='bbox 888 1979 994 2017; x_wconf 85' lang='lat' dir='ltr'><em>haud</em></span> <span class='ocrx_word' id='word_1_319' title='bbox 1021 1979 1137 2016; x_wconf 90' lang='lat' dir='ltr'><em>dubie</em></span> <span class='ocrx_word' id='word_1_320' title='bbox 1165 1980 1207 2016; x_wconf 91' lang='lat' dir='ltr'><em>in</em></span> <span class='ocrx_word' id='word_1_321' title='bbox 1238 1979 1341 2016; x_wconf 87' lang='lat' dir='ltr'><em>hunc</em></span> <span class='ocrx_word' id='word_1_322' title='bbox 1372 1979 1517 2016; x_wconf 89' lang='lat' dir='ltr'><em>librum</em></span> <span class='ocrx_word' id='word_1_323' title='bbox 1549 1979 1644 2017; x_wconf 90' lang='lat' dir='ltr'><em>olim</em></span> <span class='ocrx_word' id='word_1_324' title='bbox 1675 1992 1733 2016; x_wconf 90' lang='lat' dir='ltr'><em>re-</em></span> 
     </span>
     <span class='ocr_line' id='line_1_33' title="bbox 170 2037 1734 2088; baseline 0.001 -13"><span class='ocrx_word' id='word_1_325' title='bbox 170 2038 301 2086; x_wconf 85' lang='lat' dir='ltr'><em>posita</em></span> <span class='ocrx_word' id='word_1_326' title='bbox 333 2039 434 2076; x_wconf 88' lang='lat' dir='ltr'><em>sunt.</em></span> <span class='ocrx_word' id='word_1_327' title='bbox 471 2037 649 2076; x_wconf 83' lang='lat' dir='ltr'><em>Ceterum</em></span> <span class='ocrx_word' id='word_1_328' title='bbox 681 2039 772 2076; x_wconf 87' lang='lat' dir='ltr'><em>hinc</em></span> <span class='ocrx_word' id='word_1_329' title='bbox 804 2039 951 2077; x_wconf 85' lang='lat' dir='ltr'><em>colores</em></span> <span class='ocrx_word' id='word_1_330' title='bbox 983 2039 1173 2087; x_wconf 89' lang='lat' dir='ltr'><em>quosdam</em></span> <span class='ocrx_word' id='word_1_331' title='bbox 1206 2038 1359 2076; x_wconf 85' lang='lat' dir='ltr'><em>duxisse</em></span> <span class='ocrx_word' id='word_1_332' title='bbox 1385 2037 1606 2088; x_wconf 87' lang='lat' dir='ltr'><em>Vergilium</em></span> <span class='ocrx_word' id='word_1_333' title='bbox 1636 2039 1734 2086; x_wconf 85' lang='lat' dir='ltr'><em>puto</em></span> 
     </span>
     <span class='ocr_line' id='line_1_34' title="bbox 172 2090 1732 2149; baseline 0 -15"><span class='ocrx_word' id='word_1_334' title='bbox 172 2092 235 2149; x_wconf 79' lang='lat' dir='ltr'><em>(eo</em></span> <span class='ocrx_word' id='word_1_335' title='bbox 261 2097 359 2145; x_wconf 88' lang='lat' dir='ltr'><em>loco,</em></span> <span class='ocrx_word' id='word_1_336' title='bbox 390 2097 459 2134; x_wconf 91' lang='lat' dir='ltr'><em>ubi</em></span> <span class='ocrx_word' id='word_1_337' title='bbox 487 2099 527 2135; x_wconf 90' lang='lat' dir='ltr'><em>et</em></span> <span class='ocrx_word' id='word_1_338' title='bbox 557 2097 636 2135; x_wconf 87' lang='lat' dir='ltr'><em>alia</em></span> <span class='ocrx_word' id='word_1_339' title='bbox 669 2098 850 2135; x_wconf 84' lang='lat' dir='ltr'><em>Enniana</em></span> <span class='ocrx_word' id='word_1_340' title='bbox 882 2098 1004 2135; x_wconf 88' lang='lat' dir='ltr'><em>latere</em></span> <span class='ocrx_word' id='word_1_341' title='bbox 1037 2109 1156 2146; x_wconf 86' lang='lat' dir='ltr'><em>supra</em></span> <span class='ocrx_word' id='word_1_342' title='bbox 1187 2098 1322 2135; x_wconf 89' lang='lat' dir='ltr'><em>monui</em></span> <span class='ocrx_word' id='word_1_343' title='bbox 1353 2097 1403 2134; x_wconf 85' lang='lat' dir='ltr'><em>ad</em></span> <span class='ocrx_word' id='word_1_344' title='bbox 1423 2109 1437 2134; x_wconf 91' lang='lat'>1</span> <span class='ocrx_word' id='word_1_345' title='bbox 1456 2097 1503 2134; x_wconf 89' lang='lat' dir='ltr'><em>fr.</em></span> <span class='ocrx_word' id='word_1_346' title='bbox 1524 2090 1609 2149; x_wconf 84' lang='lat' dir='ltr'>XLI)</span> <span class='ocrx_word' id='word_1_347' title='bbox 1636 2096 1732 2135; x_wconf 89' lang='lat' dir='ltr'><em>Aen.</em></span> 
     </span>
     <span class='ocr_line' id='line_1_35' title="bbox 171 2156 1733 2204; baseline 0 -10"><span class='ocrx_word' id='word_1_348' title='bbox 171 2168 244 2195; x_wconf 85' lang='lat' dir='ltr'><em>vm</em></span> <span class='ocrx_word' id='word_1_349' title='bbox 267 2157 349 2193; x_wconf 83' lang='lat'><em>642</em></span> <span class='ocrx_word' id='word_1_350' title='bbox 376 2156 483 2194; x_wconf 82' lang='lat' dir='ltr'><em>haud</em></span> <span class='ocrx_word' id='word_1_351' title='bbox 501 2157 642 2204; x_wconf 89' lang='lat' dir='ltr'><em>procul</em></span> <span class='ocrx_word' id='word_1_352' title='bbox 666 2157 756 2194; x_wconf 88' lang='lat' dir='ltr'><em>inde</em></span> <span class='ocrx_word' id='word_1_353' title='bbox 782 2158 877 2195; x_wconf 88' lang='lat' dir='ltr'><em>citae</em></span> <span class='ocrx_word' id='word_1_354' title='bbox 903 2157 1068 2194; x_wconf 83' lang='lat' dir='ltr'><em>Mettum</em></span> <span class='ocrx_word' id='word_1_355' title='bbox 1098 2158 1142 2194; x_wconf 91' lang='lat' dir='ltr'><em>in</em></span> <span class='ocrx_word' id='word_1_356' title='bbox 1173 2157 1327 2194; x_wconf 79' lang='lat' dir='ltr'><em>diversa</em></span> <span class='ocrx_word' id='word_1_357' title='bbox 1358 2156 1572 2204; x_wconf 76' lang='lat' dir='ltr'><em>quadriqae</em></span> <span class='ocrx_word' id='word_1_358' title='bbox 1598 2157 1733 2195; x_wconf 88' lang='lat' dir='ltr'><em>Distu-</em></span> 
     </span>
     <span class='ocr_line' id='line_1_36' title="bbox 171 2213 1733 2264; baseline 0.001 -11"><span class='ocrx_word' id='word_1_359' title='bbox 171 2216 296 2253; x_wconf 89' lang='lat' dir='ltr'><em>lerant</em></span> <span class='ocrx_word' id='word_1_360' title='bbox 322 2213 381 2262; x_wconf 90' lang='lat' dir='ltr'><em>(at</em></span> <span class='ocrx_word' id='word_1_361' title='bbox 400 2218 441 2252; x_wconf 90' lang='lat' dir='ltr'><em>tu</em></span> <span class='ocrx_word' id='word_1_362' title='bbox 460 2215 583 2260; x_wconf 81' lang='lat' dir='ltr'><em>dictis,</em></span> <span class='ocrx_word' id='word_1_363' title='bbox 608 2214 772 2260; x_wconf 80' lang='lat' dir='ltr'><em>Albane,</em></span> <span class='ocrx_word' id='word_1_364' title='bbox 797 2214 1013 2264; x_wconf 80' lang='lat' dir='ltr'><em>rnaneresl)</em></span> <span class='ocrx_word' id='word_1_365' title='bbox 1039 2216 1352 2263; x_wconf 75' lang='lat' dir='ltr'><em>raptabatque</em></span> <span class='ocrx_word' id='word_1_366' title='bbox 1376 2217 1471 2253; x_wconf 80' lang='lat' dir='ltr'><em>viri</em></span> <span class='ocrx_word' id='word_1_367' title='bbox 1495 2216 1733 2255; x_wconf 81' lang='lat' dir='ltr'><em>mendacis</em></span> 
     </span>
     <span class='ocr_line' id='line_1_37' title="bbox 170 2275 1733 2323; baseline 0 -10"><span class='ocrx_word' id='word_1_368' title='bbox 170 2276 355 2313; x_wconf 82' lang='lat' dir='ltr'><em>viscera</em></span> <span class='ocrx_word' id='word_1_369' title='bbox 384 2275 552 2312; x_wconf 80' lang='lat' dir='ltr'><em>Tullus</em></span> <span class='ocrx_word' id='word_1_370' title='bbox 576 2275 664 2313; x_wconf 90' lang='lat' dir='ltr'><em>Per</em></span> <span class='ocrx_word' id='word_1_371' title='bbox 688 2275 859 2313; x_wconf 79' lang='lat' dir='ltr'><em>silvani</em></span> <span class='ocrx_word' id='word_1_372' title='bbox 885 2277 925 2312; x_wconf 87' lang='lat' dir='ltr'><em>et</em></span> <span class='ocrx_word' id='word_1_373' title='bbox 947 2276 1108 2322; x_wconf 89' lang='lat' dir='ltr'><em>sparsi</em></span> <span class='ocrx_word' id='word_1_374' title='bbox 1138 2275 1368 2313; x_wconf 87' lang='lat' dir='ltr'><em>rorabant</em></span> <span class='ocrx_word' id='word_1_375' title='bbox 1397 2276 1629 2323; x_wconf 77' lang='lat' dir='ltr'><em>sanquine</em></span> <span class='ocrx_word' id='word_1_376' title='bbox 1660 2287 1733 2314; x_wconf 82' lang='lat' dir='ltr'><em>ve-</em></span> 
     </span>
     <span class='ocr_line' id='line_1_38' title="bbox 163 2333 1734 2385; baseline -0.001 -13"><span class='ocrx_word' id='word_1_377' title='bbox 163 2346 286 2382; x_wconf 87' lang='lat' dir='ltr'><em>pres.</em></span> <span class='ocrx_word' id='word_1_378' title='bbox 312 2334 452 2372; x_wconf 85' lang='lat' dir='ltr'><em>Restat</em></span> <span class='ocrx_word' id='word_1_379' title='bbox 477 2346 496 2371; x_wconf 91' lang='lat' dir='ltr'><em>e</em></span> <span class='ocrx_word' id='word_1_380' title='bbox 523 2334 630 2371; x_wconf 83' lang='lat' dir='ltr'><em>Tulli</em></span> <span class='ocrx_word' id='word_1_381' title='bbox 654 2347 775 2384; x_wconf 86' lang='lat' dir='ltr'><em>regno</em></span> <span class='ocrx_word' id='word_1_382' title='bbox 801 2333 927 2372; x_wconf 89' lang='lat' dir='ltr'><em>Albae</em></span> <span class='ocrx_word' id='word_1_383' title='bbox 954 2334 1164 2382; x_wconf 84' lang='lat' dir='ltr'><em>excidium,</em></span> <span class='ocrx_word' id='word_1_384' title='bbox 1200 2333 1309 2372; x_wconf 90' lang='lat' dir='ltr'><em>cuius</em></span> <span class='ocrx_word' id='word_1_385' title='bbox 1334 2334 1392 2371; x_wconf 89' lang='lat' dir='ltr'><em>rei</em></span> <span class='ocrx_word' id='word_1_386' title='bbox 1417 2333 1614 2385; x_wconf 82' lang='lat' dir='ltr'><em>fragmina</em></span> <span class='ocrx_word' id='word_1_387' title='bbox 1639 2334 1734 2372; x_wconf 88' lang='lat' dir='ltr'><em>licet</em></span> 
     </span>
     <span class='ocr_line' id='line_1_39' title="bbox 171 2392 1731 2444; baseline 0.001 -14"><span class='ocrx_word' id='word_1_388' title='bbox 171 2406 216 2430; x_wconf 82' lang='lat' dir='ltr'><em>ex</em></span> <span class='ocrx_word' id='word_1_389' title='bbox 237 2393 408 2431; x_wconf 88' lang='lat' dir='ltr'><em>eiusdem</em></span> <span class='ocrx_word' id='word_1_390' title='bbox 422 2393 590 2444; x_wconf 86' lang='lat' dir='ltr'><em>Vergilii</em></span> <span class='ocrx_word' id='word_1_391' title='bbox 608 2393 832 2431; x_wconf 87' lang='lat' dir='ltr'><em>imitatione</em></span> <span class='ocrx_word' id='word_1_392' title='bbox 852 2392 948 2431; x_wconf 88' lang='lat' dir='ltr'><em>Aen.</em></span> <span class='ocrx_word' id='word_1_393' title='bbox 962 2405 994 2430; x_wconf 92' lang='lat'><em>11</em></span> <span class='ocrx_word' id='word_1_394' title='bbox 1007 2393 1090 2431; x_wconf 84' lang='lat'><em>486</em></span> <span class='ocrx_word' id='word_1_395' title='bbox 1102 2405 1184 2442; x_wconf 88' lang='lat' dir='ltr'><em>sqq.</em></span> <span class='ocrx_word' id='word_1_396' title='bbox 1206 2393 1408 2443; x_wconf 79' lang='lat' dir='ltr'><em>expiscari.</em></span> <span class='ocrx_word' id='word_1_397' title='bbox 1430 2393 1601 2431; x_wconf 83' lang='lat' dir='ltr'><em>Ennium</em></span> <span class='ocrx_word' id='word_1_398' title='bbox 1617 2395 1731 2443; x_wconf 86' lang='lat' dir='ltr'><em>enim,</em></span> 
     </span>
     <span class='ocr_line' id='line_1_40' title="bbox 171 2451 1732 2503; baseline 0.001 -14"><span class='ocrx_word' id='word_1_399' title='bbox 171 2464 288 2501; x_wconf 90' lang='lat' dir='ltr'><em>quem</em></span> <span class='ocrx_word' id='word_1_400' title='bbox 314 2465 391 2490; x_wconf 91' lang='lat' dir='ltr'><em>non</em></span> <span class='ocrx_word' id='word_1_401' title='bbox 417 2453 608 2501; x_wconf 88' lang='lat' dir='ltr'><em>nominat,</em></span> <span class='ocrx_word' id='word_1_402' title='bbox 640 2452 837 2503; x_wconf 86' lang='lat' dir='ltr'><em>significat</em></span> <span class='ocrx_word' id='word_1_403' title='bbox 863 2451 1023 2491; x_wconf 81' lang='lat' dir='ltr'><em>Servius</em></span> <span class='ocrx_word' id='word_1_404' title='bbox 1054 2454 1095 2490; x_wconf 88' lang='lat' dir='ltr'><em>in</em></span> <span class='ocrx_word' id='word_1_405' title='bbox 1121 2451 1217 2490; x_wconf 87' lang='lat' dir='ltr'><em>Aen.</em></span> <span class='ocrx_word' id='word_1_406' title='bbox 1238 2453 1262 2490; x_wconf 94' lang='lat' dir='ltr'><em>l.</em></span> <span class='ocrx_word' id='word_1_407' title='bbox 1283 2453 1307 2490; x_wconf 95' lang='lat' dir='ltr'><em>l.</em></span> <span class='ocrx_word' id='word_1_408' title='bbox 1329 2453 1375 2491; x_wconf 90' lang='lat' dir='ltr'><em>de</em></span> <span class='ocrx_word' id='word_1_409' title='bbox 1398 2451 1554 2491; x_wconf 85' lang='lat' dir='ltr'><em>Alba-no</em></span> <span class='ocrx_word' id='word_1_410' title='bbox 1587 2454 1732 2492; x_wconf 74' lang='lat' dir='ltr'><em>excidio</em></span> 
     </span>
     <span class='ocr_line' id='line_1_41' title="bbox 170 2510 1732 2561; baseline 0.001 -12"><span class='ocrx_word' id='word_1_411' title='bbox 170 2512 383 2550; x_wconf 88' lang='lat' dir='ltr'><em>translatus</em></span> <span class='ocrx_word' id='word_1_412' title='bbox 410 2514 463 2550; x_wconf 89' lang='lat' dir='ltr'><em>est</em></span> <span class='ocrx_word' id='word_1_413' title='bbox 487 2512 602 2550; x_wconf 90' lang='lat' dir='ltr'><em>locus.</em></span> <span class='ocrx_word' id='word_1_414' title='bbox 635 2512 815 2550; x_wconf 84' lang='lat' dir='ltr'><em>Eundem</em></span> <span class='ocrx_word' id='word_1_415' title='bbox 839 2513 1002 2561; x_wconf 89' lang='lat' dir='ltr'><em>respicit</em></span> <span class='ocrx_word' id='word_1_416' title='bbox 1026 2513 1067 2549; x_wconf 90' lang='lat' dir='ltr'><em>in</em></span> <span class='ocrx_word' id='word_1_417' title='bbox 1092 2510 1188 2550; x_wconf 89' lang='lat' dir='ltr'><em>Aen.</em></span> <span class='ocrx_word' id='word_1_418' title='bbox 1210 2525 1240 2550; x_wconf 92' lang='lat'><em>11</em></span> <span class='ocrx_word' id='word_1_419' title='bbox 1261 2513 1343 2550; x_wconf 90' lang='lat'><em>313</em></span> <span class='ocrx_word' id='word_1_420' title='bbox 1369 2512 1599 2561; x_wconf 84' lang='lat' dir='ltr'><em>plerumque</em></span> <span class='ocrx_word' id='word_1_421' title='bbox 1631 2514 1732 2551; x_wconf 85' lang='lat' dir='ltr'><em>enim</em></span> 
     </span>
     <span class='ocr_line' id='line_1_42' title="bbox 170 2570 1729 2615; baseline 0 -7"><span class='ocrx_word' id='word_1_422' title='bbox 170 2571 222 2608; x_wconf 89' lang='lat' dir='ltr'><em>ad</em></span> <span class='ocrx_word' id='word_1_423' title='bbox 241 2571 373 2609; x_wconf 81' lang='lat' dir='ltr'><em>tubam</em></span> <span class='ocrx_word' id='word_1_424' title='bbox 393 2574 612 2609; x_wconf 82' lang='lat' dir='ltr'><em>evertuntur</em></span> <span class='ocrx_word' id='word_1_425' title='bbox 631 2573 812 2615; x_wconf 83' lang='lat' dir='ltr'><em>civitates,</em></span> <span class='ocrx_word' id='word_1_426' title='bbox 836 2572 934 2609; x_wconf 88' lang='lat' dir='ltr'><em>sicut</em></span> <span class='ocrx_word' id='word_1_427' title='bbox 946 2570 1091 2610; x_wconf 82' lang='lat' dir='ltr'><em>Albani</em></span> <span class='ocrx_word' id='word_1_428' title='bbox 1108 2572 1244 2609; x_wconf 86' lang='lat' dir='ltr'><em>Tullus</em></span> <span class='ocrx_word' id='word_1_429' title='bbox 1260 2572 1454 2610; x_wconf 76' lang='lat' dir='ltr'><em>Hostilius</em></span> <span class='ocrx_word' id='word_1_430' title='bbox 1472 2573 1588 2610; x_wconf 88' lang='lat' dir='ltr'><em>iussit</em></span> <span class='ocrx_word' id='word_1_431' title='bbox 1605 2573 1729 2610; x_wconf 86' lang='lat' dir='ltr'><em>everti.</em></span> 
     </span>
     <span class='ocr_line' id='line_1_43' title="bbox 171 2624 1729 2684; baseline 0 -17"><span class='ocrx_word' id='word_1_432' title='bbox 171 2624 247 2681; x_wconf 79' lang='lat' dir='ltr'><strong>(Cf.</strong></span> <span class='ocrx_word' id='word_1_433' title='bbox 269 2642 387 2680; x_wconf 92' lang='lat' dir='ltr'><em>supra</em></span> <span class='ocrx_word' id='word_1_434' title='bbox 406 2644 442 2680; x_wconf 92' lang='lat' dir='ltr'><em>p.</em></span> <span class='ocrx_word' id='word_1_435' title='bbox 465 2625 546 2683; x_wconf 79' lang='lat' dir='ltr'><em>cv).</em></span> <span class='ocrx_word' id='word_1_436' title='bbox 573 2630 713 2680; x_wconf 84' lang='lat' dir='ltr'><em>Itaque</em></span> <span class='ocrx_word' id='word_1_437' title='bbox 738 2631 802 2668; x_wconf 87' lang='lat' dir='ltr'><em>hic</em></span> <span class='ocrx_word' id='word_1_438' title='bbox 827 2631 941 2679; x_wconf 89' lang='lat' dir='ltr'><em>posui</em></span> <span class='ocrx_word' id='word_1_439' title='bbox 969 2642 1124 2668; x_wconf 89' lang='lat' dir='ltr'><em>versum</em></span> <span class='ocrx_word' id='word_1_440' title='bbox 1151 2625 1288 2684; x_wconf 82' lang='lat' dir='ltr'>(xvm)</span> <span class='ocrx_word' id='word_1_441' title='bbox 1320 2631 1430 2669; x_wconf 90' lang='lat' dir='ltr'><em>nullo</em></span> <span class='ocrx_word' id='word_1_442' title='bbox 1462 2630 1555 2668; x_wconf 92' lang='lat' dir='ltr'><em>libri</em></span> <span class='ocrx_word' id='word_1_443' title='bbox 1584 2631 1729 2668; x_wconf 86' lang='lat' dir='ltr'><em>indicio</em></span> 
     </span>
     <span class='ocr_line' id='line_1_44' title="bbox 171 2684 1729 2743; baseline -0.001 -17"><span class='ocrx_word' id='word_1_444' title='bbox 171 2689 336 2726; x_wconf 88' lang='lat' dir='ltr'><em>allatum</em></span> <span class='ocrx_word' id='word_1_445' title='bbox 362 2689 409 2727; x_wconf 90' lang='lat' dir='ltr'><em>de</em></span> <span class='ocrx_word' id='word_1_446' title='bbox 434 2690 537 2738; x_wconf 88' lang='lat' dir='ltr'><em>tuba,</em></span> <span class='ocrx_word' id='word_1_447' title='bbox 564 2703 680 2739; x_wconf 90' lang='lat' dir='ltr'><em>quem</em></span> <span class='ocrx_word' id='word_1_448' title='bbox 706 2690 801 2727; x_wconf 90' lang='lat' dir='ltr'><em>item</em></span> <span class='ocrx_word' id='word_1_449' title='bbox 826 2689 1026 2740; x_wconf 87' lang='lat' dir='ltr'><em>Vergilius</em></span> <span class='ocrx_word' id='word_1_450' title='bbox 1047 2684 1225 2743; x_wconf 83' lang='lat' dir='ltr'><em>(Aen.1x</em></span> <span class='ocrx_word' id='word_1_451' title='bbox 1247 2684 1350 2743; x_wconf 80' lang='lat'>501)</span> <span class='ocrx_word' id='word_1_452' title='bbox 1377 2691 1556 2727; x_wconf 86' lang='lat' dir='ltr'><em>imitatus</em></span> <span class='ocrx_word' id='word_1_453' title='bbox 1584 2691 1653 2736; x_wconf 90' lang='lat' dir='ltr'><em>est,</em></span> <span class='ocrx_word' id='word_1_454' title='bbox 1680 2689 1729 2726; x_wconf 90' lang='lat' dir='ltr'><em>ad</em></span> 
     </span>
     <span class='ocr_line' id='line_1_45' title="bbox 171 2747 1729 2799; baseline 0.001 -14"><span class='ocrx_word' id='word_1_455' title='bbox 171 2760 258 2785; x_wconf 88' lang='lat' dir='ltr'><em>eum</em></span> <span class='ocrx_word' id='word_1_456' title='bbox 284 2760 440 2786; x_wconf 86' lang='lat' dir='ltr'><em>versum</em></span> <span class='ocrx_word' id='word_1_457' title='bbox 460 2750 505 2786; x_wconf 92' lang='lat' dir='ltr'><em>ut</em></span> <span class='ocrx_word' id='word_1_458' title='bbox 524 2749 839 2787; x_wconf 87' lang='lat' dir='ltr'><em>adscriberentur</em></span> <span class='ocrx_word' id='word_1_459' title='bbox 857 2749 928 2786; x_wconf 92' lang='lat' dir='ltr'><em>illa</em></span> <span class='ocrx_word' id='word_1_460' title='bbox 946 2750 1174 2788; x_wconf 85' lang='lat' dir='ltr'><em>testimonia</em></span> <span class='ocrx_word' id='word_1_461' title='bbox 1194 2749 1270 2787; x_wconf 88' lang='lat' dir='ltr'><em>duo</em></span> <span class='ocrx_word' id='word_1_462' title='bbox 1287 2749 1457 2799; x_wconf 85' lang='lat' dir='ltr'><em>Vergilii</em></span> <span class='ocrx_word' id='word_1_463' title='bbox 1477 2750 1516 2786; x_wconf 87' lang='lat' dir='ltr'><em>et</em></span> <span class='ocrx_word' id='word_1_464' title='bbox 1536 2747 1662 2786; x_wconf 85' lang='lat' dir='ltr'><em>Servii</em></span> <span class='ocrx_word' id='word_1_465' title='bbox 1682 2748 1729 2786; x_wconf 87' lang='lat' dir='ltr'><em>de</em></span> 
     </span>
     <span class='ocr_line' id='line_1_46' title="bbox 169 2806 510 2845; baseline 0 -1"><span class='ocrx_word' id='word_1_466' title='bbox 169 2806 324 2845; x_wconf 89' lang='lat' dir='ltr'><em>Albano</em></span> <span class='ocrx_word' id='word_1_467' title='bbox 351 2807 510 2845; x_wconf 85' lang='lat' dir='ltr'><em>excidio.</em></span> 
     </span>
    </p>

    <p class='ocr_par' dir='ltr' id='par_1_4' title="bbox 287 2866 1727 2907">
     <span class='ocr_line' id='line_1_47' title="bbox 287 2866 1727 2907; baseline 0 -3"><span class='ocrx_word' id='word_1_468' title='bbox 287 2866 405 2904; x_wconf 89' lang='lat' dir='ltr'><em>Anci</em></span> <span class='ocrx_word' id='word_1_469' title='bbox 431 2867 599 2905; x_wconf 89' lang='lat' dir='ltr'><em>Marcii</em></span> <span class='ocrx_word' id='word_1_470' title='bbox 629 2878 691 2905; x_wconf 89' lang='lat' dir='ltr'><em>res</em></span> <span class='ocrx_word' id='word_1_471' title='bbox 722 2867 764 2904; x_wconf 91' lang='lat' dir='ltr'><em>in</em></span> <span class='ocrx_word' id='word_1_472' title='bbox 795 2866 869 2906; x_wconf 91' lang='lat' dir='ltr'><em>hoc</em></span> <span class='ocrx_word' id='word_1_473' title='bbox 900 2867 1000 2906; x_wconf 93' lang='lat' dir='ltr'><em>libro</em></span> <span class='ocrx_word' id='word_1_474' title='bbox 1031 2869 1223 2907; x_wconf 86' lang='lat' dir='ltr'><em>tractatas</em></span> <span class='ocrx_word' id='word_1_475' title='bbox 1256 2867 1376 2905; x_wconf 86' lang='lat' dir='ltr'><em>fuisse</em></span> <span class='ocrx_word' id='word_1_476' title='bbox 1408 2866 1454 2904; x_wconf 84' lang='lat' dir='ltr'><em>fr.</em></span> <span class='ocrx_word' id='word_1_477' title='bbox 1475 2878 1560 2905; x_wconf 83' lang='lat' dir='ltr'><em>xxn</em></span> <span class='ocrx_word' id='word_1_478' title='bbox 1592 2878 1637 2904; x_wconf 84' lang='lat' dir='ltr'><em>ex</em></span> <span class='ocrx_word' id='word_1_479' title='bbox 1669 2878 1727 2905; x_wconf 89' lang='lat' dir='ltr'><em>se-</em></span> 
     </span>
    </p>
   </div>
   <div class='ocr_carea' id='block_1_4' title="bbox 1748 2982 1752 3009">
    <p class='ocr_par' dir='ltr' id='par_1_5' title="bbox 1748 2982 1752 3009">
     <span class='ocr_line' id='line_1_48' title="bbox 1748 2982 1752 3009; baseline 0 0"><span class='ocrx_word' id='word_1_480' title='bbox 1748 2982 1752 3009; x_wconf 68' lang='lat'>2</span> 
     </span>
    </p>
   </div>
  </div>
 </body>
</html>
