2054 3282
664 155 924 191 ANNALIUM
949 155 1036 190 LIB.
1058 155 1148 190 INC.
1627 154 1684 195 83

884 274 934 308 IV

128 335 215 378 459
246 334 337 378 Iam
363 338 458 378 cata
482 335 606 390 signa
630 335 714 378 fere
740 335 929 377 sonitum
957 335 1054 376 dare
1081 349 1182 376 voce
1208 334 1426 389 parabant.

891 439 925 474 V

128 501 216 542 460
246 501 359 543 Exin
386 516 461 556 per
486 504 618 543 terras
643 504 871 556 postquam
898 500 1181 542 celerissimus
1207 514 1353 541 rumor

881 605 932 640 VI

129 665 213 707 461
833 681 906 707 rex
932 666 1081 707 deinde
1108 665 1263 707 citatus

248 736 462 779 Convellit
487 752 576 779 sese

877 812 944 846 VII

129 873 216 914 463
248 872 376 923 «Quis
402 876 523 927 pater
548 876 622 915 aut
647 876 852 928 cognatus
878 874 995 915 volet
1018 887 1091 913 vos
1118 875 1266 914 contra
1292 872 1399 914 tueri

868 983 952 1018 VIII

130 1044 217 1086 464
249 1044 600 1086 «Aversabuntur
625 1060 790 1100 semper
814 1059 888 1086 vos
914 1047 1141 1099 vostraque
1167 1045 1286 1085 vulta

131 1208 398 1243 elementorum
423 1208 595 1243 habitum
622 1208 710 1244 dare
736 1208 963 1252 numinibus,
983 1209 1026 1243 ut
1051 1219 1164 1253 supra
1184 1208 1230 1242 de
1249 1207 1425 1252 Neptuno
1446 1207 1585 1243 dictum
1609 1209 1691 1243 θείς)

132 1261 273 1304 Quibus
292 1261 386 1296 haec
405 1261 591 1296 Danielin.
607 1262 692 1296 add.
710 1262 872 1297 ‘Ennius
888 1262 1078 1307 «Iuppiter
1093 1290 1099 1295 .
1116 1290 1122 1295 .
1140 1290 1146 1295 .
1162 1260 1478 1306 omnipotentis».’

248 1313 300 1348 IV
319 1315 416 1361 (459)
454 1314 571 1350 Varro
598 1315 644 1350 de
661 1315 687 1349 1.
703 1315 741 1349 L.
756 1328 807 1350 v11
827 1319 872 1350 46
895 1316 1018 1360 ‘apud
1043 1315 1205 1349 Ennium
1226 1314 1325 1351 «iam
1346 1342 1352 1348 .
1375 1343 1381 1348 .
1401 1315 1477 1359 ferg
1500 1342 1506 1348 .
1529 1343 1535 1348 .
1559 1343 1565 1348 .
1585 1325 1694 1359 para—

131 1367 263 1403 bant»z
286 1369 371 1402 cata
391 1369 520 1412 acuta3
539 1368 610 1403 hoc
630 1368 730 1403 enim
749 1368 860 1403 verbo
881 1368 1011 1402 dicunt
1031 1367 1183 1403 Savini’
1207 1367 1259 1402 Of.
1276 1367 1324 1402 ad
1343 1380 1374 1402 v.
1390 1371 1456 1402 331
1479 1369 1517 1402 et
1537 1371 1615 1402 529.

250 1420 284 1455 V
303 1422 399 1467 (460)
438 1421 650 1456 Priscianus
669 1435 720 1457 v11
740 1434 775 1466 p.
791 1425 871 1465 334,
886 1425 929 1456 22
944 1421 988 1455 H.
1010 1421 1167 1467 (celeris)
1184 1421 1249 1456 ‘ex
1269 1431 1342 1465 quo
1363 1420 1609 1456 celerissimus
1628 1432 1695 1466 pro

133 1473 345 1508 celerrimus
366 1474 634 1519 superlativum
652 1474 896 1519 protulerunt.
913 1474 979 1510 Gn.
995 1475 1135 1509 Matius
1154 1474 1194 1508 in
1212 1474 1331 1508 Iliade
1345 1474 1615 1511 «celerissimus
1630 1474 1695 1508 ad—

133 1527 234 1562 volat
251 1527 422 1563 Hector».
444 1527 585 1562 Ennius
605 1528 645 1562 in
665 1527 863 1562 annalibus
885 1528 992 1565 «exin
1008 1556 1014 1562 .
1032 1557 1037 1562 .
1056 1556 1061 1562 .
1077 1528 1250 1563 rumor».’

251 1579 301 1614 VI
322 1582 418 1626 (461)
457 1580 603 1615 Servius
623 1580 808 1616 Danielin.
824 1581 863 1615 in
882 1581 972 1616 Aen.
988 1595 1025 1615 XI
1041 1585 1083 1616 19
1098 1594 1132 1627 p.
1149 1585 1229 1626 480,
1245 1585 1265 1616 6
1279 1581 1375 1615 Thil.
1393 1581 1549 1616 ‘vellere
1569 1581 1693 1627 signa:

134 1662 140 1667 .
158 1662 163 1667 .
181 1662 187 1668 .
210 1633 343 1668 vellere
368 1633 517 1678 proprie
538 1632 643 1676 dixit,
664 1634 753 1678 quia
772 1634 941 1668 Romana
962 1635 1069 1680 signa
1089 1634 1300 1681 figebantur
1318 1634 1358 1669 in
1378 1635 1508 1670 castris
1531 1662 1536 1668 .
1554 1663 1560 1668 .
1578 1663 1583 1668 .
1601 1663 1607 1668 .
1629 1635 1695 1670 alii

132 1686 265 1721 vellere
284 1697 430 1721 movere
451 1686 650 1731 accipiunt.
672 1686 812 1721 Ennius
833 1698 940 1723 «rex.
958 1716 963 1721 .
982 1717 987 1722 .
1004 1689 1133 1724 sese».'

251 1739 318 1774 VH
337 1741 434 1785 (463)
466 1739 583 1774 Varro
605 1740 650 1775 de
669 1740 692 1774 1.
709 1740 747 1774 L.
763 1753 814 1775 vn
836 1744 878 1775 12
901 1741 1018 1776 ‘tueri
1038 1742 1112 1776 duo
1132 1741 1331 1787 significat,
1350 1753 1465 1776 unum
1480 1741 1527 1775 ab
1541 1743 1695 1787 aspectu

132 1795 175 1828 ut,
200 1793 288 1837 dixi,
307 1793 407 1827 unde
433 1794 489 1827 est
514 1795 576 1828 eni
594 1793 750 1839 (Ennii
775 1793 864 1829 olim
884 1795 988 1840 corr.)
1014 1795 1109 1829 illud
1130 1795 1242 1841 [scen.
1263 1796 1346 1841 187]
1369 1797 1407 1831 et
1427 1795 1533 1839 «quis
1556 1824 1561 1829 .
1580 1824 1584 1829 .
1603 1824 1608 1829 .
1629 1806 1696 1831 nos

134 1857 163 1880 e.
184 1846 331 1882 tueri».’

250 1899 335 1934 VIII
353 1900 450 1946 (464)
483 1899 625 1934 Nonius
645 1912 680 1945 p.
703 1904 782 1945 230,
800 1904 842 1934 15
864 1900 1008 1936 ‘vultus
1027 1901 1234 1935 masculino
1254 1911 1388 1946 genere
1413 1900 1645 1946 appellatur.
1663 1930 1669 1937 .
1687 1930 1693 1935 .

132 1954 263 1988 neutro
283 1952 476 1987 Lucretius
495 1952 559 1987 lib.
575 1966 611 1988 1v
625 1953 768 2000 [1213];
789 1953 929 1988 Ennius
945 1954 1258 1990 «adversabantur
1276 1964 1422 1999 semper
1439 1955 1538 1989 vivos
1556 1955 1695 1988 vostra-

134 2017 206 2050 que
226 2005 378 2042 vulta».’

254 2177 337 2216 459
365 2177 445 2215 fere
465 2176 614 2215 Laetus
634 2177 718 2215 fera
739 2177 780 2215 O.
801 2177 1018 2215 Muellerus
1141 2176 1199 2225 Cf.
1222 2178 1389 2216 aeternis
1410 2178 1583 2216 sonitum
1602 2177 1695 2216 dare

135 2236 295 2274 vocibus
319 2236 444 2275 Varro
463 2234 573 2274 Atac.
591 2236 637 2275 G.
652 2236 701 2274 L.
715 2237 764 2274 K.
779 2249 820 2274 v1
833 2249 875 2284 p.
892 2235 959 2286 60,
977 2245 1026 2272 22
1152 2237 1235 2275 463
1264 2249 1333 2275 vos
1353 2238 1443 2275 olim
1462 2249 1558 2275 corr.

138 2296 299 2334 Versum
323 2296 584 2333 hexametrum
610 2307 688 2334 esse
715 2297 932 2333 etiamnunc
957 2296 1182 2334 addubitari
1208 2296 1410 2344 alienaque
1429 2298 1633 2335 coniectari
1652 2308 1696 2335 ex

135 2355 351 2393 hexametro
374 2357 418 2392 ut
436 2355 561 2393 neseio
587 2366 697 2402 quein
723 2355 911 2402 trayiemn
937 2355 1120 2402 efficiant,
1134 2366 1262 2403 paene
1287 2357 1430 2393 mirum
1456 2358 1511 2393 est
1519 2369 1534 2402 ‚·
1559 2357 1697 2394 contra

129 2414 342 2461 posteriore
364 2414 469 2451 brevi
490 2413 669 2452 Ennium
683 2415 864 2462 posuisse
884 2408 951 2466 (of.
972 2425 1062 2452 arm.
1083 2412 1164 2461 563
1188 2417 1222 2452 et
1243 2416 1317 2453 ine.
1338 2409 1411 2466 30)
1436 2417 1471 2452 et
1493 2415 1697 2463 Hauptius

136 2473 271 2511 statuit
291 2467 394 2525 (opp.
415 2485 429 2509 1
448 2485 490 2520 p.
513 2482 526 2508 1
542 2467 611 2525 17)
633 2475 667 2510 et
690 2473 920 2510 Ribbeekius
941 2484 1098 2521 eamque
1121 2484 1203 2511 re‘m
1229 2476 1406 2511 accurate
1431 2474 1579 2512 edocuit
1604 2474 1695 2512 Use-

136 2543 254 2569 nerus
266 2543 434 2579 prooem.
452 2531 597 2580 Gryph.
614 2529 721 2568 1866
736 2544 777 2580 p.
794 2541 844 2567 10
857 2543 910 2579 sq.
1017 2531 1125 2580 Confi
1143 2533 1189 2570 ut
1208 2533 1374 2571 contra
1392 2533 1539 2571 intueri
1558 2533 1618 2571 fas
1639 2546 1696 2572 es-

137 2590 197 2628 set
208 2590 350 2629 Livius
363 2603 378 2628 1
404 2588 467 2639 16,
482 2589 529 2637 6,·
552 2603 667 2640 quem
686 2602 811 2639 neque
830 2591 934 2628 tueri
954 2592 1120 2629 contra
1138 2605 1264 2641 neque
1285 2592 1398 2630 affari
1419 2605 1538 2641 queas
1554 2591 1697 2630 Accius

141 2647 222 2696 538
238 2649 286 2687 R.
397 2650 482 2687 464
502 2649 988 2698 Avorsabuntm-Scaziyer
1057 2673 1059 2675 -
1088 2663 1157 2689 vos
1177 2651 1323 2690 Iunius
1427 2652 1524 2689 463.
1540 2652 1624 2689 464
1638 2651 1697 2688 Hi

138 2709 214 2746 duo
233 2720 367 2746 versus
386 2711 482 2747 reete
502 2710 593 2747 olim
613 2710 660 2747 ab
676 2709 758 2747 edd.
772 2710 816 2747 in
827 2721 951 2747 unum
964 2711 1143 2748 connexi:
1163 2722 1235 2758 quo
1253 2712 1505 2758 confirmatur
1522 2722 1567 2748 ea
1580 2722 1697 2757 quam

132 2768 251 2814 posui
272 2769 467 2815 scriptura
486 2780 555 2806 vos
577 2771 611 2806 et
628 2780 698 2806 vos
718 2769 929 2817 vostraque
950 2771 983 2806 et
1002 2769 1287 2808 aversabuntur
1308 2764 1373 2822 (cf.
1387 2769 1528 2807 Festus
1539 2781 1582 2816 p.
1599 2777 1697 2817 420,

147 2835 195 2873 19
219 2821 309 2879 Th.)
329 2829 372 2864 ut
390 2827 518 2873 volet‚·
544 2828 597 2866 ad
621 2830 778 2875 raptum
796 2827 1036 2866 Sabinarum
1059 2830 1176 2867 iidem
1202 2830 1437 2872 rettulerunt,
1457 2839 1536 2865 non
1559 2829 1695 2875 inepte,

141 2885 208 2930 sed
227 2888 270 2923 ut
289 2897 333 2924 ea
352 2897 414 2924 res
431 2898 541 2925 ‘mera
565 2887 794 2934 opinatione,
814 2887 920 2925 nullo
946 2888 1157 2926 testimonio
1181 2889 1375 2926 niteretur.
1396 2899 1465 2925 vos
1484 2887 1696 2936 vestraque

1366 2952 1411 2986 6ξι
