2020 3334
824 188 959 224 ENNH
984 187 1099 224 VITA
1688 196 1738 231 IX

180 302 396 341 Μεσσαπία
426 302 561 352 inquit
590 301 694 354 χώρα
720 297 918 354 Ἰαπυγίας
942 300 1133 354 προσεχὴς
1161 302 1339 356 Τάραντι.
1365 304 1407 344 τὸ
1439 304 1603 346 ἐθνικὸν
1630 309 1738 346 Μεσ-

180 360 329 408 σάπιος.
362 360 595 407 Παυσανίας
627 360 772 416 δεκάτῳ
805 356 894 414 (10,
916 355 980 414 6),
1010 361 1158 401 Paulus
1189 376 1344 413 quoque
1370 365 1606 414 epitomator
1630 366 1738 405 Festi

179 434 217 470 p.
245 422 320 469 90,
348 421 400 459 13
417 421 487 458 Th.
519 422 724 469 Messapia
754 419 907 468 Apulia
938 433 964 459 a
994 421 1215 470 Messapo
1246 435 1349 472 reye
1385 426 1598 475 appellata,
1634 427 1737 475 quod

179 479 265 517 fieri
288 481 419 529 potest
443 482 490 518 ut
515 479 565 518 ad
585 480 757 517 Ennium
775 479 926 528 redeat3
947 480 1014 528 qui
1035 480 1138 529 quod
1157 482 1401 530 Messapiam
1419 483 1611 532 Apuliam
1629 485 1738 534 dicit,

181 539 365 577 similiter
397 538 556 578 Servius
588 540 702 588 Dan,
735 539 802 587 qui
833 539 875 575 in
906 538 1002 576 Aen.
1028 551 1073 575 111
1106 540 1187 578 531
1222 552 1316 579 sane
1350 541 1537 581 Calabria
1563 544 1620 582 ait
1651 548 1738 583 ante

179 599 384 647 Messapia
419 601 554 638 vocata
589 601 658 647 est,
695 610 768 636 v111
798 598 882 635 710
914 597 1084 646 Iapyyia
1121 598 1217 636 dicit
1246 599 1398 647 Apulia
1435 602 1537 640 dicta
1580 606 1634 641 est
1669 598 1737 656 (cf.

179 670 309 709 georg.
329 670 375 695 111
395 653 516 711 475);
544 657 650 707 quod
677 656 835 695 Servius
856 656 992 694 scribit
1011 669 1053 694 XI
1075 658 1156 695 247
1185 658 1354 707 Iapyyia
1372 672 1473 708 pars
1492 664 1546 699 est
1569 661 1739 709 Apuliae

177 719 221 755 in
245 729 323 765 qua
355 720 409 756 est
437 729 546 755 mons
580 716 792 765 Garyanus
823 717 890 764 qui
913 727 988 763 per
1018 715 1245 755 Calabriam
1275 730 1394 766 usque
1424 721 1466 757 in
1490 718 1739 760 Adriaticum

178 776 347 815 tenditur
359 776 524 825 pelayus
544 771 610 828 (cf.
625 787 667 812 XI
689 776 783 813 269.
807 769 924 827 271),
949 775 1128 825 patefieri
1148 775 1306 814 videtur
1325 790 1402 816 non
1423 790 1505 817 esse
1525 792 1607 817 eam
1631 780 1738 818 diffe-

177 835 347 874 rentiam
376 836 446 883 rei,
478 834 544 873 sed
570 834 860 884 appellationis.

301 893 525 932 Calabriam
570 895 702 932 autem
744 895 889 941 totam,
938 906 1015 931 non
1067 894 1195 932 solum
1239 894 1387 934 Rudias
1436 897 1571 934 urbem
1622 911 1739 947 quam

181 953 321 992 Strabo
348 948 558 1003 Ἑλληνίδα
589 951 703 991 πόλιν
735 952 848 1001 dicit,
887 952 1034 991 Graeca
1073 954 1229 991 cultura
1266 967 1343 992 non
1378 956 1516 993 leviter
1546 957 1738 995 imbutam

177 1013 315 1062 fuisse,
352 1012 487 1051 multis
524 1012 641 1050 rebus
678 1013 878 1061 probatur.
931 1011 1059 1056 Quare
1096 1026 1173 1050 non
1210 1015 1314 1051 recte
1352 1015 1517 1054 fortasse
1557 1015 1622 1054 sed
1661 1029 1738 1054 non

178 1074 323 1111 temere
355 1072 536 1110 nonnulli
568 1072 740 1109 Ennium
768 1071 962 1110 Graecum
992 1072 1055 1110 vel
1079 1071 1363 1121 Semi-araceum
1395 1075 1739 1124 appellitaverunt,

177 1133 314 1181 utpote
347 1144 463 1181 quem
501 1131 663 1168 dubium
700 1144 778 1169 non
816 1133 918 1169 esset
949 1129 1087 1169 Graeci
1124 1130 1312 1171 sermonis
1345 1133 1392 1171 ab
1423 1134 1537 1171 initio
1568 1135 1738 1183 peritum

176 1191 314 1230 fuisse:
344 1191 479 1240 itaque
507 1190 718 1228 Suetonius
746 1185 810 1243 (de
837 1202 1000 1241 gramm.
1030 1192 1050 1228 1
1073 1204 1111 1239 p.
1135 1192 1217 1229 100
1227 1186 1291 1244 R)
1318 1192 1454 1230 scribit
1478 1194 1739 1241 antiquissimi

178 1251 385 1296 doctorum,
411 1251 478 1298 qui
503 1251 604 1288 idem
633 1252 666 1288 et
683 1253 819 1298 poetae
845 1252 879 1288 et
901 1249 1134 1298 Semiqraeci
1159 1253 1280 1295 erant,
1310 1251 1473 1290 Livium
1504 1254 1538 1290 et
1562 1253 1739 1290 Ennium

177 1310 279 1358 dicO,
320 1321 412 1358 quos
455 1312 619 1357 utraque
655 1310 792 1357 linqua
835 1309 939 1347 domi
980 1310 1151 1357 forisque
1194 1310 1367 1349 docuisse
1406 1311 1632 1349 adnotatum
1675 1314 1738 1356 est,

178 1371 217 1407 et
247 1369 386 1408 Festus
419 1363 475 1421 (p.
502 1369 600 1416 412,
622 1369 674 1407 33
685 1363 774 1421 Th.)
806 1368 874 1406 ubi
904 1369 1137 1406 memoravit
1166 1380 1279 1406 usum
1317 1369 1542 1419 duplicandi
1573 1370 1614 1407 in
1647 1371 1737 1408 scri-

177 1428 302 1466 bendo
340 1429 493 1466 litteras
532 1428 627 1465 olim
663 1427 817 1464 nullum
853 1428 991 1476 fuisse,
1032 1428 1090 1464 ita
1120 1428 1250 1478 pergit
1281 1440 1398 1476 quam
1429 1430 1738 1468 consuetudinem

176 1488 335 1526 Ennius
374 1488 583 1525 mutavisse
619 1488 744 1535 fertur
779 1489 906 1534 utpote
945 1486 1118 1525 Graecus
1159 1487 1306 1526 Graeco
1343 1499 1447 1526 more
1485 1500 1597 1536 usus,
1637 1489 1738 1537 quod

176 1547 237 1584 illi
268 1558 386 1594 aeque
416 1547 620 1585 scribentes
653 1558 698 1584 ac
729 1547 888 1594 leqentcs
919 1546 1172 1593 duplicabant
1201 1549 1338 1584 mutas.

298 1604 491 1643 Credibile
533 1607 592 1644 est
632 1605 804 1642 Ennium
846 1605 964 1642 etiam
1009 1605 1087 1642 alia
1131 1605 1177 1643 de
1215 1617 1255 1643 se
1293 1606 1334 1642 in
1373 1605 1609 1644 carminibus
1647 1607 1735 1644 teti-

177 1665 296 1715 gisse,
342 1678 440 1713 quae
480 1664 592 1702 nobis
633 1663 709 1702 nisi
749 1664 886 1702 alienis
924 1664 1090 1702 testibus
1128 1667 1327 1713 comperta
1365 1678 1444 1703 non
1483 1667 1584 1704 sunt.
1626 1664 1737 1710 Quod

176 1737 298 1774 genus
326 1723 529 1762 Cornelius
554 1723 687 1773 Nepos
718 1724 759 1760 in
786 1723 868 1761 vita
896 1722 1055 1761 Catonis
1083 1718 1140 1776 (1,
1161 1718 1206 1775 4)
1232 1724 1327 1762 haec
1353 1724 1398 1761 de
1427 1723 1572 1762 Catone
1597 1725 1738 1762 refert:

177 1784 315 1822 aedilis
346 1784 452 1831 plebi
487 1784 614 1831 sactus
647 1785 699 1821 est
730 1795 816 1821 cum
851 1782 890 1821 Ο.
917 1783 1067 1821 Helvio.
1104 1786 1265 1830 praetor
1292 1785 1540 1831 proc-inciam
1576 1784 1738 1822 obtinuit

175 1842 424 1887 Sardiniam,
462 1854 506 1880 ea:
543 1854 620 1890 qua
657 1845 834 1890 quaestor
864 1843 1062 1889 superiore
1099 1844 1263 1889 tempore
1302 1854 1345 1880 ex
1378 1841 1521 1891 Africa
1558 1843 1736 1881 decedens

179 1902 219 1950 Q.
245 1902 424 1940 Ennium
447 1904 603 1949 poetam
635 1901 865 1947 deduxerat;
896 1902 997 1949 quod
1026 1912 1104 1939 non
1134 1902 1297 1940 minoris
1328 1903 1590 1940 existimamus
1621 1914 1737 1950 quam

176 1961 376 2008 quemlibet
401 1961 685 2009 amplissimum
710 1960 1001 1998 Sardiniensem
1027 1961 1274 2008 triumphum.
1319 1959 1425 2005 Quae
1450 1961 1619 1998 breviter
1644 1961 1736 1998 Hie-

175 2033 363 2070 ronymus
388 2019 518 2058 reddit
547 2020 609 2058 his
634 2019 763 2058 verbis
789 2020 869 2057 iam
895 2032 1014 2069 supra
1041 2020 1190 2057 allatis:
1223 2032 1248 2057 a
1270 2019 1412 2058 Catone
1436 2023 1632 2068 quaestore
1657 2020 1736 2057 Ro—

177 2091 283 2118 mam
313 2080 548 2118 translatus:
577 2079 695 2117 nimis
728 2079 831 2116 enim
857 2079 989 2128 inepte
1022 2079 1156 2116 scribit
1187 2079 1449 2128 Nipperdeius
1482 2080 1520 2116 et
1546 2079 1613 2127 qui
1638 2078 1734 2128 Nip-

176 2138 327 2188 perdeii
351 2139 547 2188 Nepotem
574 2138 826 2186 instauravit,
858 2138 928 2175 illa
961 2150 1059 2186 quae
1092 2139 1182 2175 sunt
1215 2138 1319 2186 apud
1344 2137 1537 2186 Nepotem
1569 2137 1616 2174 ab
1643 2137 1734 2174 Hie-

176 2210 340 2247 ronymo
372 2198 672 2244 confirmari,
706 2197 772 2235 sed
802 2197 1066 2245 Hieronymus
1105 2208 1174 2233 sua
1212 2196 1359 2234 scilicet
1398 2209 1419 2233 a
1450 2195 1635 2234 Suetonio
1675 2209 1735 2234 ac-

178 2257 297 2306 cepit,
331 2256 540 2294 Suetonius
573 2258 721 2305 autem,
755 2267 870 2304 quem
901 2255 1054 2304 Nepote
1087 2256 1243 2293 auctore
1276 2255 1394 2292 etiam
1418 2255 1459 2292 in
1485 2255 1568 2292 vita
1594 2255 1734 2292 Teren-

177 2316 288 2353 tiana
320 2310 375 2368 (p.
404 2316 452 2353 31
467 2309 531 2368 R.)
564 2315 624 2352 uti
654 2315 844 2363 videmus,
875 2314 1048 2352 dubitari
1079 2326 1158 2351 non
1188 2315 1319 2363 potest
1351 2314 1445 2363 quin
1472 2313 1544 2351 fide
1570 2314 1734 2363 Nepotis

178 2375 275 2412 haec
313 2374 358 2412 de
392 2375 519 2412 Ennio
556 2375 597 2411 in
635 2375 717 2412 vita
755 2374 837 2412 eius
874 2373 1116 2423 perhibuerit
1151 2386 1269 2422 quam
1298 2373 1342 2410 in
1373 2373 1479 2411 Viris
1510 2372 1734 2411 Illustribus

180 2434 324 2483 posuit.
373 2433 598 2484 Vestigium
629 2435 745 2471 tenue
778 2433 860 2471 eius
888 2432 1207 2470 narratiunculae
1234 2432 1282 2469 ad
1306 2432 1511 2470 Aurelium
1535 2431 1734 2469 Victorem

178 2493 224 2531 de
268 2493 362 2531 viris
402 2492 622 2531 illustribus
661 2493 856 2542 pervenit,
896 2492 962 2540 qui
1000 2504 1101 2540 quae
1139 2491 1275 2529 scribit
1313 2486 1362 2543 (c.
1389 2486 1464 2544 47)
1503 2491 1549 2528 de
1589 2490 1734 2529 Catone

177 2554 220 2590 in
249 2555 443 2600 praetura
472 2552 703 2590 Sardiniam
738 2552 920 2598 suscepit,
958 2551 1024 2588 ubi
1062 2551 1110 2588 ab
1142 2551 1274 2588 Ennio
1309 2550 1469 2589 Graecis
1506 2551 1639 2588 litteris
1676 2551 1734 2587 in-

175 2613 341 2654 stitutus,
371 2611 608 2660 particulam
639 2611 722 2649 veri
752 2610 913 2659 ineptiis
941 2611 980 2648 et
1004 2609 1156 2648 ficticiis
1182 2609 1402 2646 immixtam
1429 2610 1620 2646 exhibent.
1657 2608 1731 2645 Sed

178 2670 273 2708 haec
305 2683 382 2719 quo
414 2671 522 2708 sonte
554 2670 698 2708 hausta
722 2669 915 2718 Nepotem
947 2668 1111 2707 dicimus
1137 2668 1345 2706 memoriae
1377 2666 1610 2705 tradidisse?
1658 2662 1732 2703 Po-

177 2730 310 2767 terant
341 2730 515 2779 profecto
548 2742 571 2766 a
599 2728 745 2767 Catone
776 2728 984 2766 memorari
1017 2722 1126 2780 (nam
1159 2727 1252 2776 quid
1283 2740 1360 2764 non
1392 2727 1432 2763 in
1457 2728 1569 2763 tanta
1596 2725 1731 2773 ampli-

177 2788 313 2825 tudine
345 2789 567 2826 litterarum
599 2788 724 2826 omnis
757 2781 967 2839 generis?)‚
998 2787 1229 2836 praesertim
1261 2786 1294 2824 si
1325 2787 1475 2822 tantam
1507 2785 1585 2822 vim
1617 2785 1652 2820 ei
1676 2783 1732 2819 rei

176 2846 317 2884 tribuit
355 2849 542 2897 quantam
574 2847 723 2898 Nepos,
761 2846 829 2896 qui
868 2846 1024 2897 quidem
1055 2846 1194 2896 poetae
1227 2846 1332 2883 fama
1363 2844 1602 2889 movebatur,
1633 2854 1731 2891 quae
