2004 3278
669 167 837 204 VARIA:
863 167 1162 204 EUHEMERUS
1559 167 1701 204 CCXXI

138 280 360 330 videantur,
380 281 518 319 tamen
543 281 726 319 universe
751 281 878 319 adhuc
903 281 1077 319 obtineo:
1108 283 1240 330 quare
1255 293 1301 319 ea
1326 294 1428 320 nunc
1453 281 1636 331 suppleta
1662 283 1702 319 et

136 341 201 378 hic
232 340 317 378 illic
349 340 466 378 aliter
497 340 680 378 ordinata
708 341 886 379 referam.
918 340 1048 391 Igitur
1074 340 1208 379 Cicero
1234 340 1282 379 de
1308 341 1527 379 Euhemero
1554 343 1592 379 et
1618 342 1700 380 eius

138 400 281 438 comite
307 399 436 438 Ennio
468 400 566 438 haec
597 400 735 438 scribit
767 395 886 453 (quae
919 400 969 437 ad
994 400 1156 438 Euhem.
1183 414 1220 450 p.
1243 401 1325 438 223
1358 395 1586 453 adscripsi),
1619 412 1700 438 esse

138 459 208 508 qui
231 458 396 497 tradant
419 459 541 498 fortes
568 461 638 497 aut
662 459 788 497 claros
815 460 885 497 aut
909 460 1090 508 potentes
1116 460 1222 498 viros
1245 461 1335 508 post
1353 461 1520 498 mortem
1540 460 1590 498 ad
1610 459 1700 498 deos

138 519 362 568 pervenisse
389 530 532 568 eosque
558 530 640 556 esse
664 519 772 568 ipsos
798 530 895 567 quos
920 531 991 557 nos
1014 519 1140 556 colere
1160 519 1371 568 soleamus;
1397 531 1495 567 quae
1512 521 1614 558 ratio
1634 519 1701 556 ad-

137 577 197 615 dit
220 579 388 616 maxime
412 580 578 616 tractata
603 578 651 616 ab
671 578 887 616 Euhemero
913 580 978 622 est,
1009 589 1119 625 quem
1143 581 1271 616 noster
1296 581 1330 616 et
1352 579 1624 626 interpretatus
1650 582 1703 617 est

137 639 172 675 et
194 640 346 675 secutus
364 640 523 685 praeter
547 639 685 675 ceteros
710 637 882 681 Bruuius,
907 637 956 675 ab
983 637 1199 675 Euhemero
1225 640 1353 675 autem
1378 640 1411 675 ct
1435 641 1573 676 mortes
1596 640 1629 676 et
1646 649 1702 675 se-

130 696 317 744 pulturae
343 697 656 735 demonstrantur
680 696 848 734 deorum.
881 695 928 733 In
954 696 1095 745 quibus
1120 697 1194 735 hoc
1218 697 1332 746 inest,
1364 697 1482 734 istam
1507 697 1703 734 rationem

138 767 216 793 non
242 756 369 793 solum
388 755 653 794 Euhemerum
679 756 747 794 sed
771 756 971 793 maxime
996 757 1188 794 tractasse
1215 757 1254 793 et
1276 756 1451 793 Ennium
1477 769 1555 794 non
1580 770 1702 793 unum

138 814 405 853 Euhemerum
424 815 492 853 sed
511 815 614 853 hunc
633 816 826 864 praeter
846 816 1028 853 ceteros
1049 816 1226 853 secutum
1247 827 1340 853 esse.
1360 815 1473 853 Unde
1492 817 1604 865 patet
1625 816 1702 852 En-

137 875 258 912 niana
284 887 362 912 non
387 887 470 913 esse
497 875 546 912 ad
571 887 691 913 unam
711 887 889 912 normam
908 875 1168 923 reliquiarum
1187 874 1399 912 Euhemeri
1417 874 1631 913 referenda.
1656 874 1703 912 In

139 933 303 972 eandem
330 946 420 972 cum
446 932 630 972 Cicerone
658 935 894 973 sententiam
919 933 1152 972 Lactantius
1179 928 1249 986 (ad
1267 929 1461 987 Euh.v11)
1487 947 1611 984 paene
1635 934 1703 972 iis-

139 992 228 1030 dem
253 992 382 1032 verbis
403 993 450 1031 de
469 995 638 1042 utroque
657 993 861 1042 iudicavit,
889 994 958 1042 qui
976 993 1149 1042 primum
1169 993 1215 1031 de
1235 993 1454 1031 Euhemero
1474 994 1570 1032 haec
1590 993 1704 1032 affert

136 1055 277 1091 veteres
296 1053 479 1091 historiae
503 1053 645 1091 docent.
672 1054 855 1101 antiquus
878 1055 1011 1091 auctor
1030 1053 1284 1098 EuhemeruS,
1310 1054 1376 1100 qui
1394 1054 1472 1101 fuit
1490 1064 1534 1091 eoo
1553 1054 1704 1091 civitate

138 1112 327 1158 Messene,
351 1123 413 1150 res
435 1115 562 1161 yestas
587 1113 695 1150 Iovis
720 1115 755 1151 et
778 1115 987 1151 ceterorum
1012 1114 1079 1160 qui
1107 1113 1164 1150 dii
1188 1115 1384 1160 putantur
1414 1113 1561 1161 collegit
1590 1113 1703 1150 histo-

137 1172 314 1219 riamque
339 1173 528 1210 conteruit
553 1183 597 1210 ex
627 1172 750 1210 titulis
781 1175 815 1210 et
843 1172 1162 1220 inscriptionibus
1182 1184 1261 1221 eqs,
1293 1171 1383 1209 dein
1415 1171 1575 1210 subiicit
1605 1172 1705 1210 hanc

138 1231 340 1269 historiam
371 1233 406 1269 et
434 1232 707 1279 interpretatus
739 1234 794 1270 est
817 1231 977 1270 Ennius
1002 1234 1037 1269 et
1060 1234 1210 1269 secutus
1218 1245 1232 1277 ,·
1262 1233 1524 1281 poterantque
1550 1230 1621 1269 alii
1646 1231 1702 1269 af-

138 1289 233 1327 ferri
259 1290 327 1339 qui
352 1290 456 1328 idem
482 1290 529 1328 de
554 1290 683 1328 Ennio
709 1291 921 1328 Euhemeri
946 1292 1138 1329 sectatore
1164 1291 1395 1340 plerumque
1420 1303 1498 1328 non
1528 1303 1703 1329 seorsum

140 1361 163 1387 a
183 1348 368 1388 Cicerone
387 1351 526 1388 testati
546 1352 650 1398 sunt,
675 1351 716 1387 in
737 1350 879 1399 quibus
899 1350 1159 1401 Augustinus,
1186 1350 1232 1388 de
1256 1362 1332 1399 quo
1352 1350 1441 1388 vide
1460 1350 1573 1387 relat.
1595 1349 1702 1388 acad.

143 1409 254 1446 1899
269 1422 307 1458 p.
324 1410 420 1447 277.
438 1410 534 1447 279.
553 1409 742 1458 Apertius
762 1410 883 1447 etiam
897 1409 1025 1447 Varro
1046 1403 1165 1461 (Euh.
1180 1404 1271 1462 xm)
1293 1409 1389 1447 dicit
1403 1422 1491 1447 cum
1509 1409 1606 1447 citat
1620 1409 1704 1447 En-

138 1469 250 1506 nium
268 1469 312 1506 in
337 1469 547 1507 Euhemeri
572 1469 682 1507 libris
707 1470 840 1513 versis,
865 1469 967 1506 unde
993 1469 1159 1506 fortasse
1178 1469 1272 1507 licet
1291 1469 1475 1519 colligere
1494 1467 1705 1506 Euhemeri

140 1526 314 1565 Enniani
339 1540 417 1565 non
443 1540 567 1565 unum
591 1527 737 1565 librum
761 1529 881 1566 fuisse
907 1528 974 1566 sed
1005 1528 1148 1577 plures.
1183 1527 1258 1566 Sed
1285 1528 1436 1566 Ennius
1468 1540 1546 1566 non
1578 1528 1705 1566 solum

141 1586 352 1624 Euhemeri
371 1599 513 1625 nomen
533 1599 603 1626 suo
622 1587 723 1626 libro
742 1587 945 1636 inscripsit
964 1587 1032 1626 sed
1052 1587 1206 1625 addidit
1226 1600 1305 1636 qua
1323 1588 1393 1626 ille
1406 1599 1501 1626 usus
1515 1588 1601 1624 erat
1613 1587 1706 1625 libri

140 1646 438 1696 inscriptionem
462 1657 579 1685 sacra
603 1648 778 1692 historia,
810 1648 855 1684 ut
879 1647 1019 1696 plenus
1044 1647 1186 1684 titulus
1212 1647 1277 1684 hic
1301 1647 1422 1686 fuisse
1446 1646 1630 1685 videatur

816 1717 1064 1745 EUHEMERUS

746 1777 877 1804 SAORA
901 1777 1106 1814 ms'romA,

142 1836 220 1873 quo
239 1824 320 1862 fere
340 1836 481 1875 genere
494 1823 621 1863 Varro
643 1819 702 1878 (in
728 1820 985 1878 logistoricis)
1013 1826 1161 1874 aliique
1186 1826 1249 1863 usi
1274 1826 1375 1863 sunt.
1404 1824 1549 1863 Sacra
1575 1826 1708 1862 autem

141 1883 308 1921 historia
346 1884 442 1932 quid
472 1885 637 1922 vocetur
667 1884 714 1922 A.
740 1885 895 1923 Riesius
927 1885 1122 1934 disceptat
1153 1897 1250 1923 mus.
1277 1884 1399 1922 Rhen.
1420 1896 1520 1922 xvm
1551 1878 1706 1937 (1863)

142 1956 178 1992 p.
201 1943 298 1980 448.
324 1943 466 1992 Itaque
485 1942 717 1983 Lactantius
744 1946 806 1982 cui
832 1956 955 1993 paene
981 1945 1055 1982 soli
1081 1956 1181 1992 quae
1207 1945 1363 1982 exstant
1388 1956 1434 1981 ex
1459 1955 1504 1981 eo
1523 1943 1624 1980 libro
1646 1955 1708 1980 ac-

143 2004 257 2052 cepta
288 2003 468 2040 feruntur
499 2003 614 2041 modo
647 2004 746 2041 citat
777 2004 936 2042 Ennius
966 2005 1009 2041 in
1040 2004 1257 2041 Euhemero
1288 2003 1381 2040 dicit
1413 1997 1482 2054 (1),
1515 2004 1585 2040 aut
1616 2002 1710 2040 dicit

144 2061 386 2100 Euhemerus
414 2057 480 2115 (11)
516 2063 580 2100 vel
610 2066 654 2100 ut
684 2063 927 2101 fflhemcrus
953 2057 1036 2114 (x),
1074 2063 1108 2100 si
1139 2062 1299 2111 quidem
1329 2061 1403 2099 hoc
1435 2074 1590 2110 quoque
1621 2061 1707 2099 loco

143 2120 264 2158 Ennii
284 2121 548 2159 Euhemerum
572 2121 779 2172 intelligit3
806 2122 961 2171 saepius
982 2122 1141 2159 Ennius
1165 2122 1208 2158 in
1232 2132 1347 2159 sacra
1366 2122 1529 2159 historia
1549 2114 1646 2172 (X1)3
1665 2121 1709 2157 in

143 2191 259 2218 sacra
283 2181 445 2218 historia
469 2181 525 2219 sic
550 2180 709 2218 Ennius
734 2181 853 2218 tradit
879 2176 971 2233 (VI),
996 2180 1059 2218 vel
1085 2181 1168 2218 sine
1194 2180 1316 2218 Ennii
1340 2179 1497 2218 nomine
1521 2181 1709 2227 scriptum

143 2241 187 2277 in
211 2240 373 2277 historia
397 2251 513 2278 sacra
534 2234 633 2292 (Ix);
658 2251 773 2278 sacra
797 2251 886 2277 vero
911 2240 1074 2277 historia
1094 2269 1102 2277 .
1123 2268 1131 2276 .
1152 2242 1312 2278 testatur
1331 2234 1429 2292 (νὼ
1455 2239 1559 2277 docet
1577 2239 1708 2277 eadem

144 2299 307 2336 historia
331 2310 430 2346 quae
455 2299 549 2337 dicit
573 2294 701 2351 (vn1);
727 2299 889 2337 historia
913 2310 1028 2337 sacra
1054 2301 1213 2337 testatur
1232 2293 1314 2351 (x);
1340 2300 1384 2337 in
1407 2300 1570 2336 historia
1593 2309 1709 2336 sacra

145 2360 358 2396 continetur
377 2352 491 2411 (x11);
518 2358 580 2396 vel
606 2370 651 2396 ex
674 2370 790 2397 sacra
814 2359 1020 2406 scriptione
1039 2358 1225 2396 traditum
1245 2361 1299 2396 est
1318 2353 1382 2411 (111
1403 2353 1489 2411 82).
1516 2357 1710 2406 Loquitur

148 2419 281 2454 autern
305 2417 538 2455 Lactantius
564 2418 622 2456 ita
648 2419 693 2455 ut
716 2419 805 2467 ipsa
824 2417 944 2455 verba
963 2417 1084 2455 Ennii
1110 2419 1179 2455 aut
1204 2429 1337 2456 sacrae
1362 2417 1550 2455 historiae
1571 2417 1709 2455 afferre

148 2476 341 2525 videatur,
367 2477 476 2515 velut
501 2471 574 2529 (111.
597 2474 654 2527 1v)
683 2478 775 2516 haec
800 2478 911 2515 ani
934 2477 1051 2515 verba
1075 2479 1186 2524 sunt;
1210 2490 1268 2516 v11
1293 2477 1464 2521 Ennius,
1489 2478 1600 2515 cuius
1619 2478 1710 2514 haec

147 2536 264 2573 verba
294 2538 395 2574 sunt.
429 2536 614 2586 Quaeque
645 2537 786 2574 laudat
816 2538 861 2574 ut
886 2536 1082 2585 pedestria
1114 2538 1206 2574 sunt
1236 2536 1294 2574 ita
1324 2538 1532 2586 poetarum
1564 2536 1709 2573 fabulis

148 2594 325 2643 opponit,
357 2597 402 2633 ut
427 2597 619 2645 appareat
643 2595 773 2645 ipsum
799 2596 1008 2634 nescivisse
1035 2607 1105 2633 nec
1130 2596 1325 2646 cogitasse
1351 2596 1526 2634 Ennium
1551 2597 1709 2644 poetam

148 2652 248 2691 hanc
274 2666 426 2692 sacram
444 2655 652 2693 historiam
672 2668 848 2704 unquam
867 2654 1044 2693 versibus
1064 2656 1356 2705 conscripsisse:
1382 2650 1456 2706 (111.
1476 2649 1537 2707 1v)
1558 2655 1709 2701 aperia-

148 2724 235 2751 mus
261 2725 306 2751 ea
336 2725 434 2761 quae
458 2716 560 2752 veris
585 2715 720 2753 litteris
746 2716 1003 2758 continentur,
1033 2725 1082 2752 ne
1099 2717 1306 2762 poetarum
1331 2715 1498 2762 ineptias
1522 2715 1565 2751 in
1597 2724 1709 2750 accu-

148 2772 285 2810 sandis
309 2773 559 2821 religionibus
583 2775 691 2821 sequi
715 2786 761 2812 ac
779 2774 949 2821 probare
973 2773 1195 2812 videamur:
1218 2775 1310 2812 hacc
1334 2774 1445 2811 Enni
1468 2773 1586 2810 verba
1603 2773 1709 2818 sunt3

151 2825 229 2884 (XI)
254 2832 323 2870 hoc
347 2835 443 2870 certe
466 2844 545 2870 non
562 2835 699 2880 poetae
724 2833 884 2871 tradunt
901 2832 968 2871 sed
987 2834 1239 2881 antiquarum
1256 2844 1388 2871 rerum
1405 2833 1619 2878 scriptores.
1647 2829 1710 2867 Sic

150 2889 398 2940 Augustinus
433 2903 587 2941 quoque
616 2892 663 2930 de
688 2904 791 2931 cons.
818 2904 956 2942 evang.
976 2904 991 2929 1
1009 2904 1039 2930 c.
1061 2893 1129 2942 23,
1151 2893 1225 2941 32;
1250 2891 1297 2930 cf.
1318 2892 1342 2928 l.
1363 2902 1391 2928 s.
1413 2902 1440 2927 s.
1461 2890 1588 2927 Varro
1615 2888 1711 2938 quid
