2054 3282
693 155 953 192 ANNALIUM
977 157 1063 192 ΗΒ.
1084 156 1175 192 1Νο.
1633 157 1716 200 115

829 275 1044 312 CXXXVIII

157 337 241 379 617
276 336 393 388 «Qua
417 352 588 380 murum
613 338 705 380 fieri
731 338 880 392 voluit,
906 352 1109 394 urgemur
1134 337 1179 379 in
1203 352 1335 379 unum

848 429 1028 465 CXXXIX

157 491 242 535 618
269 490 361 534 Rex
386 491 530 534 ambas
556 491 669 534 ultra
693 491 852 533 fossam
873 491 1121 545 protendere
1147 491 1289 546 coepit

891 583 981 618 CXL

155 645 240 687 619
399 645 638 700 spoliantur
663 659 735 687 eos
761 647 804 686 et
828 659 1007 699 corpora
1030 644 1145 687 nuda
1170 645 1430 700 relinquunt.

882 736 991 772 CXLI

154 798 240 840 620
271 798 469 854 «Vosque
494 798 603 841 lares
629 801 790 841 tectum
816 801 1012 840 nostrum
1040 799 1113 854 qui
1139 798 1332 841 funditus
1359 802 1508 841 curant

870 891 996 926 CXLII

153 953 236 995 621
270 953 470 996 Machina
494 953 631 995 multa
655 953 801 994 minax
825 953 1047 995 minitatur
1073 953 1259 995 maxima
1283 953 1418 995 muris

271 1081 485 1117 CXXXVIII
498 1082 593 1127 (617)
619 1081 761 1116 Nonius
775 1094 810 1127 p.
822 1084 902 1124 418,
916 1085 936 1116 9
953 1082 1104 1127 ‘urgere
1115 1082 1298 1128 (urguere)
1311 1082 1367 1116 est
1379 1091 1557 1126 premere,
1572 1092 1714 1127 cogere.

152 1135 354 1181 Virgilius.
371 1164 377 1170 .
395 1164 401 1170 .
417 1135 581 1170 Lucilius
597 1163 603 1170 .
621 1163 627 1169 .
644 1163 650 1170 .
666 1135 782 1170 Varro
804 1135 1030 1179 antiquitate
1050 1146 1173 1170 rerum
1191 1135 1439 1169 humanarum
1460 1145 1558 1179 «qua
1578 1163 1586 1170 .
1603 1163 1609 1170 .
1626 1163 1633 1170 .
1654 1147 1714 1170 ur-

151 1199 282 1235 gemur
301 1189 526 1234 (urguemur)
546 1188 586 1222 in
605 1189 769 1224 unum».’
787 1187 944 1223 Versum
964 1200 986 1224 a
999 1188 1166 1224 Varrone
1192 1188 1349 1223 citatum
1369 1188 1488 1223 Ennio
1515 1188 1715 1233 adscripsit

150 1243 237 1276 Aus.
252 1242 394 1287 Popma
413 1243 487 1276 not.
503 1242 542 1276 in
561 1241 692 1287 fragm.
705 1241 809 1276 Varr.
824 1254 859 1287 p.
876 1246 943 1277 303
965 1243 1021 1277 ed.
1037 1242 1117 1287 Bip.
1138 1242 1244 1285 Quod
1259 1242 1289 1277 si
1309 1243 1375 1285 est,
1396 1252 1522 1277 versus
1542 1252 1586 1277 ex
1607 1253 1714 1277 accu-

151 1296 295 1331 satione
313 1297 507 1341 promptus
527 1295 703 1340 coniungi
722 1297 846 1340 potest
865 1307 949 1330 cum
970 1299 1013 1330 97
1028 1297 1066 1330 et
1080 1299 1134 1330 98.

269 1348 449 1384 CXXXIX
474 1350 570 1394 (618)
614 1348 753 1383 Marius
782 1348 924 1383 Plotius
952 1349 1129 1384 Sacerdos
1150 1348 1191 1384 G.
1207 1349 1245 1383 L.
1260 1348 1303 1383 K.
1319 1361 1355 1383 vr
1374 1361 1409 1394 p.
1429 1352 1507 1392 468,
1525 1353 1545 1384 6
1558 1349 1569 1367 ‘
1585 1359 1714 1394 synec-

151 1402 267 1437 doche
288 1404 344 1437 est
363 1402 482 1437 oratio
501 1402 586 1447 plus
605 1402 772 1436 minusve
793 1402 919 1436 dicens
940 1413 1052 1446 quam
1072 1402 1283 1437 necessaria
1301 1402 1469 1447 postulat
1488 1402 1712 1447 significatio

152 1484 158 1490 .
176 1484 182 1490 .
200 1484 205 1490 .
220 1466 287 1500 per
300 1456 339 1489 id
353 1455 452 1500 quod
467 1454 711 1489 diciturillud
732 1455 831 1499 quod
852 1456 1035 1500 sequitur:
1058 1467 1144 1492 «rex
1164 1467 1268 1491 amus
1286 1467 1321 1490 u.
1337 1455 1361 1489 f.
1376 1458 1529 1491 retinere
1548 1456 1714 1500 coepit»;

151 1509 372 1544 subauditur
392 1508 490 1543 enim
508 1508 667 1543 manus’
690 1508 809 1543 Ennio
830 1509 1003 1554 ascripsit
1022 1509 1281 1544 Lachmannus
1302 1509 1350 1544 ad
1370 1509 1528 1544 Lucr.1v
1548 1512 1626 1543 619.

269 1561 359 1597 CXL
386 1563 481 1607 (619)
526 1561 693 1596 Donatus
721 1564 787 1597 art.
806 1574 859 1608 gr.
879 1561 919 1597 G.
935 1562 974 1597 L.
989 1562 1031 1597 K.
1048 1576 1084 1597 1v
1103 1575 1138 1607 p.
1155 1566 1233 1605 394,
1250 1566 1270 1597 8
1288 1562 1401 1596 ‘fiunt
1427 1562 1635 1597 soloecismi

150 1626 217 1661 per
236 1614 537 1660 significationes,
553 1615 649 1649 sicut
662 1615 915 1660 «spoliantur.
933 1644 939 1650 .
957 1644 962 1650 .
977 1615 1216 1659 relinquunt»
1236 1626 1303 1660 pro
1327 1615 1516 1660 spoliant?
1539 1616 1711 1660 expoli—

150 1670 284 1703 antur
303 1669 341 1703 et
360 1668 599 1713 expoliant
618 1668 700 1702 edd.
713 1668 884 1714 interpol.
900 1669 1055 1714 Explan.
1068 1669 1107 1703 in
1121 1669 1255 1704 Donat.
1269 1680 1288 1703 e
1303 1669 1381 1704 cod.
1397 1669 1550 1704 Lavant.
1564 1668 1604 1703 G.
1617 1669 1655 1703 L.
1668 1669 1711 1704 K.

149 1735 186 1757 1v
199 1725 322 1766 p.564,
334 1725 350 1755 1
370 1722 380 1738 ‘
390 1732 456 1766 per
473 1731 610 1767 genera
623 1721 817 1757 verborum
829 1722 924 1757 fiunt
941 1722 1159 1765 soloecismi,
1176 1722 1272 1757 sicut
1285 1722 1539 1767 «spoliantur.
1556 1751 1562 1757 .
1579 1750 1586 1757 .
1601 1722 1712 1758 relin-

150 1776 290 1819 quunt»
303 1786 370 1820 pro
385 1775 574 1820 spoliant.'
590 1774 788 1820 Pompeius
807 1777 1000 1811 comment.
1017 1775 1057 1810 G.
1071 1776 1109 1810 L.
1121 1775 1163 1810 K.
1176 1789 1199 1811 v
1212 1788 1247 1821 p.
1261 1779 1340 1819 291,
1353 1779 1396 1810 25
1413 1776 1647 1822 (soloecismi)
1664 1777 1687 1811 ἱ
1704 1805 1710 1810 .

148 1840 215 1874 per
227 1840 364 1874 genera
377 1828 581 1872 verborum,
597 1828 628 1862 si
647 1829 764 1863 utaris
784 1829 933 1874 passiva
953 1829 1203 1864 declinatione
1222 1840 1288 1874 pro
1310 1829 1441 1872 activa,
1462 1831 1505 1864 ut
1524 1829 1711 1875 «spolian—

148 1883 253 1917 tur..
271 1912 277 1918 .
292 1882 530 1926 relinquunt»
550 1893 616 1926 pro
638 1892 679 1917 eo
701 1883 800 1926 quod
820 1884 877 1917 est
899 1882 1089 1928 spoliant?
1111 1883 1230 1917 Ennio
1252 1882 1426 1927 ascripsit
1445 1882 1634 1918 Columna.
1657 1882 1709 1917 Cf.

148 1935 192 1970 H.
207 1935 320 1970 Keilii
341 1935 386 1970 de
405 1946 558 1980 gramm.
573 1935 652 1969 Lat.
668 1935 779 1970 infim.
796 1937 867 1971 aet.
883 1936 1144 1971 commentatio
1165 1936 1314 1982 Erlang.
1331 1947 1362 1970 a.
1380 1939 1471 1970 1868
1491 1948 1526 1981 p.
1545 1939 1598 1970 16.

264 1988 372 2023 CXLI
383 1990 478 2034 (620)
499 1988 686 2023 Charisius
697 2002 734 2024 1v
744 2001 779 2034 p.
790 1993 868 2032 267,
880 1993 898 2023 7
910 1989 953 2024 Κ.
968 1989 1221 2024 ‘soloecismus
1233 1990 1289 2024 est
1299 1989 1417 2024 oratio
1429 1989 1708 2039 inconsequens.

148 2042 190 2077 fit
210 2043 356 2077 autem.
373 2070 379 2076 .
397 2070 403 2075 .
418 2052 485 2086 per
502 2053 678 2086 personas
698 2043 741 2076 ut
760 2053 941 2086 «vosque.
959 2046 1041 2077 ,ηῑη
1052 2043 1099 2087 (h.
1115 2053 1144 2077 e.
1159 2043 1361 2077 nostrum
1381 2042 1460 2077 cod.
1475 2053 1632 2077 nomen
1652 2042 1709 2077 ed.

148 2096 216 2140 pr.)
233 2123 239 2129 .
257 2124 263 2129 .
280 2097 432 2130 curant»
446 2106 512 2139 pro
534 2095 697 2129 curatis)
821 2095 874 2130 Cf.
889 2106 1013 2130 versus
1027 2096 1192 2141 tragicus
1206 2095 1367 2130 incertus
1383 2099 1426 2129 35
1440 2095 1550 2130 Ribb.
1568 2096 1578 2112 ‘
1589 2095 1710 2130 Danai

149 2148 213 2192 qui
239 2150 402 2193 parent
421 2148 574 2191 Atridis,
596 2159 709 2192 quam
734 2148 895 2193 primum
921 2160 1024 2183 arma
1050 2149 1245 2191 sumite',
1267 2150 1304 2183 et
1323 2159 1419 2193 quae
1440 2149 1487 2183 ad
1510 2159 1594 2183 eum
1620 2149 1709 2185 olim

149 2202 343 2237 adnotavit
362 2201 600 2236 Ribbeckius.
616 2201 791 2236 Nostrum
806 2201 924 2236 Ennio
939 2202 1101 2236 Kochius
1122 2201 1321 2246 adscripsit
1340 2212 1455 2237 exerc.
1471 2202 1550 2237 crit.
1565 2214 1600 2247 p.
1618 2205 1672 2236 11.

267 2254 392 2290 CXLII
403 2257 498 2300 (621)
522 2255 719 2289 Diomedes
731 2268 757 2289 11
768 2267 803 2300 p.
814 2258 892 2298 447,
903 2258 924 2289 4
934 2255 977 2289 K.
989 2255 1253 2300 ‘parhomoeon
1265 2255 1306 2290 fit
1320 2266 1402 2290 cum
1412 2255 1525 2291 verba
1538 2255 1711 2291 similiter

269 2421 351 2458 618
380 2420 514 2459 ambas
536 2421 695 2459 editores
717 2421 1042 2459 Vindobowenses:
1066 2433 1176 2460 amus
1326 2421 1559 2471 protendere
1579 2421 1707 2460 Lach-

148 2492 334 2518 mcmnus:
360 2481 528 2518 retinere
667 2481 749 2518 619
778 2480 899 2518 Nonii
920 2475 979 2533 (p.
995 2478 1092 2527 480,
1107 2475 1177 2534 12)
1196 2482 1307 2519 nulla
1332 2482 1441 2529 fides,
1460 2493 1529 2520 nec
1553 2483 1588 2519 si
1615 2484 1709 2520 esset

150 2541 354 2586 quicquam
366 2540 612 2587 probaretur,
632 2541 699 2578 secl
722 2541 970 2588 expoliantur
987 2541 1087 2588 quod
1101 2552 1206 2578 nwnc
1217 2542 1382 2588 ponunt,
1404 2552 1534 2578 vereor
1552 2543 1596 2579 ut
1610 2543 1708 2579 recte

148 2599 300 2636 dicatur
310 2612 324 2645 ,·
351 2599 493 2637 Livius
521 2600 673 2646 quidem
700 2600 756 2637 ita
783 2600 941 2648 postero
968 2599 1030 2637 die
1059 2600 1284 2649 spoliabant
1313 2612 1513 2638 caesorum
1543 2612 1706 2649 corpora

149 2651 308 2709 (xxxvn
328 2667 394 2707 44,
411 2652 479 2710 3),·
498 2658 701 2696 caedentes
723 2658 1013 2707 spoliantesque
1037 2670 1167 2697 caesos
1190 2654 1322 2712 (xxxn
1341 2669 1355 2695 1
1368 2668 1404 2707 2,
1425 2654 1518 2711 10),·
1536 2659 1705 2708 spoliare

149 2728 287 2766 corpus
308 2717 410 2755 caesi
428 2717 552 2755 hostis
568 2712 643 2770 (vn
660 2715 725 2765 26,
738 2712 799 2770 6),·
812 2718 915 2755 inter
934 2718 1185 2767 spoliandum
1204 2730 1343 2768 corpus
1360 2718 1484 2756 hostis
1499 2712 1548 2770 (11
1564 2727 1630 2766 20,
1643 2712 1705 2770 9),-

152 2775 343 2823 Veryilius
353 2788 498 2824 quoque
508 2777 746 2814 concurrunt
759 2775 1007 2826 spoliantque
1022 2778 1191 2816 calentia
1204 2778 1379 2816 membra
1388 2771 1502 2830 (Aen.
1515 2789 1572 2813 ΧΠ
1586 2771 1706 2829 297),-

147 2836 191 2871 ut
205 2834 345 2873 Graeci
365 2835 565 2874 σκυλεύειν
584 2838 793 2874 σκυλεῦσαι
812 2833 879 2874 τὸν
903 2835 1054 2888 νεκρόν,
1073 2836 1165 2883 τοὺς
1185 2836 1394 2888 πολεμίους
1413 2834 1577 2888 νεκρούς

151 2893 232 2930 621
255 2895 463 2933 minitatur
474 2896 592 2943 posui
611 2907 636 2933 α
656 2895 845 2933 Muellero
864 2896 1133 2943 repudiatum;
1153 2897 1200 2944 ef.
1215 2908 1314 2934 scen.
1331 2905 1408 2943 291

1373 2960 1419 2994 8&
