2054 3282
727 168 987 205 ANNALIUM
1012 168 1098 204 LIB.
1119 169 1152 203 X
1665 167 1720 209 59

159 350 246 392 330
816 287 1036 392 Acadtshus

922 454 955 488 V

158 521 241 564 331
275 520 460 578 Egregie
492 522 690 564 cordatus
722 522 851 564 homo
884 524 1004 564 catus
1036 519 1184 563 Aelius
1218 520 1370 563 Sextus

913 625 964 660 VI

159 694 245 735 332
279 692 490 750 Insignita
519 694 608 736 fere
640 696 733 735 tum
764 693 883 734 milia
913 692 1101 734 militum
1127 695 1223 734 octo

276 764 414 806 Duxit
446 764 631 807 delectos
662 763 824 806 bellum
856 763 1037 806 tolerare
1069 766 1265 818 potentes

157 907 345 952 postremo
372 908 438 941 aut
462 905 501 940 in
520 905 643 940 medio
669 916 784 939 unum
810 904 962 939 verbum
987 904 1139 949 ponitur
1165 904 1265 949 quod
1290 904 1494 940 sententias
1522 904 1654 950 iungit.
1683 903 1721 938 in

157 959 276 1005 primo
301 961 345 994 ut
365 959 495 1005 [Lucil.
519 962 585 993 113
606 959 674 1005 L.],
694 958 734 993 in
759 958 882 993 medio
907 959 950 992 ut
970 957 1150 994 «Graecia
1173 958 1205 993 S.
1229 958 1319 992 sorti
1346 958 1436 992 data
1456 957 1589 1002 (sorti
1616 958 1721 1000 data

156 1014 262 1048 Bern.
282 1013 325 1059 Β)
349 1012 388 1048 G.
406 1012 577 1057 Cottae»3
601 1012 641 1046 in
663 1013 850 1057 postremo
872 1013 915 1046 ut
937 1011 1031 1057 [Ter.
1047 1011 1159 1046 Andr.
1176 1012 1264 1058 68].’
1286 1010 1398 1046 Ennii
1417 1022 1562 1046 versum
1580 1011 1721 1056 primus

157 1066 310 1112 agnovit
328 1066 366 1100 L.
388 1065 599 1101 Muellerus.

274 1119 325 1154 IV
344 1121 441 1165 (330)
485 1119 604 1154 Schol.
619 1119 726 1154 Bern.
742 1118 889 1164 Hageni
906 1118 1098 1164 (Fleckeis.
1115 1118 1237 1153 annal.
1254 1118 1426 1163 suppl.1v
1446 1130 1480 1163 p.
1497 1119 1579 1163 896)
1600 1117 1638 1152 111
1659 1128 1722 1163 ge-

157 1184 274 1218 org.11
295 1176 361 1207 119
378 1173 555 1208 ‘acanthi
571 1172 682 1208 Gnifo
703 1173 973 1207 commentatur
993 1172 1185 1207 annalium
1203 1172 1298 1206 libro
1320 1171 1462 1206 decimo
1483 1177 1721 1217 (commen-

155 1227 278 1261 tator
310 1226 544 1261 annalium
574 1226 650 1261 lib.
672 1240 694 1260 x
721 1226 784 1260 alt.
807 1226 886 1261 cod.
902 1226 946 1260 cf.
962 1226 985 1260 1.
1002 1238 1030 1260 c.
1046 1238 1080 1271 p.
1099 1227 1180 1271 724)
1204 1225 1301 1260 116110
1335 1224 1503 1260 arborem
1534 1224 1574 1259 in
1598 1224 1721 1259 insula

157 1279 310 1315 Cercina
334 1280 497 1326 regionis
517 1279 666 1315 Africae
693 1290 772 1314 esse
793 1279 928 1325 (dicit
953 1279 1038 1313 add.
1061 1279 1140 1324 alt.)
1160 1280 1383 1323 oportunam
1407 1278 1604 1321 tincturae,
1625 1288 1721 1322 quae

155 1332 195 1367 in
207 1332 307 1368 floris
323 1334 380 1368 sui
398 1333 558 1368 colorem
571 1333 697 1368 lanam
710 1333 861 1378 tinguat
873 1333 972 1367 unde
986 1332 1098 1367 vestis
1113 1332 1288 1367 acanthia
1303 1332 1541 1376 appellatur)
1557 1331 1721 1366 Bueche-

155 1387 253 1421 lerus
274 1387 481 1432 Gniphonis
506 1386 685 1421 memoria
712 1386 892 1421 suscitata
912 1387 1016 1430 (mus.
1038 1386 1154 1420 Rhen.
1170 1399 1280 1420 xxxv1
1299 1397 1334 1430 p.
1351 1387 1432 1430 334)
1453 1385 1506 1419 sic
1526 1395 1721 1430 argumen-

156 1442 259 1474 tatur
279 1440 379 1485 apud
393 1440 554 1474 Ennium
568 1439 779 1475 Acanthum
792 1439 1074 1474 Macedonicam
1092 1438 1232 1482 urbem,
1247 1449 1321 1473 non
1336 1438 1538 1473 acanthum
1552 1438 1721 1472 arborem

155 1495 399 1528 memoratam
417 1492 543 1536 fuisse,
559 1493 605 1527 de
626 1504 699 1537 qua
718 1493 809 1527 urbe
829 1493 974 1527 Livium
995 1492 1043 1527 ad
1063 1503 1094 1527 a.
1110 1504 1144 1526 11.
1160 1506 1244 1527 mxv
1258 1494 1357 1537 (xxm
1371 1496 1427 1535 45,
1442 1495 1484 1525 15
1500 1493 1567 1538 sq.)
1582 1492 1629 1526 ad
1643 1491 1721 1526 bel-

155 1547 233 1581 lum
246 1546 529 1581 Macedonicum
546 1547 757 1591 spectantia
771 1546 912 1590 afferre,
928 1545 974 1581 ab
988 1546 1090 1580 urbis
1106 1547 1230 1580 autem
1243 1546 1392 1580 nomine
1412 1545 1604 1579 annalium
1624 1555 1721 1579 com-

154 1601 400 1635 mentatorem
420 1600 652 1635 occasionem
672 1600 814 1645 cepisse
835 1600 880 1634 de
901 1599 1060 1634 acantho
1082 1599 1212 1634 arbore
1232 1598 1472 1634 memorandi.

272 1653 307 1687 V
326 1654 422 1698 (331)
461 1652 587 1688 Cicero
608 1653 655 1688 (16
673 1663 712 1687 re
731 1665 766 1698 p.
788 1666 801 1687 1
822 1656 877 1696 18,
890 1656 934 1687 30
957 1652 1015 1686 ‘in
1035 1652 1153 1697 ipsius
1173 1654 1328 1698 paterno
1349 1663 1485 1698 genere
1504 1652 1578 1686 fuit
1596 1653 1721 1687 noster

154 1706 219 1741 1116
246 1706 398 1751 amicus,
419 1706 555 1752 dignus
579 1706 668 1741 huic
694 1707 742 1740 ad
767 1706 1002 1750 imitandum,
1023 1706 1196 1751 «egregie
1218 1735 1223 1740 .
1242 1734 1247 1740 .
1265 1735 1271 1740 .
1293 1706 1460 1749 Sextus»,
1482 1705 1546 1750 qui
1571 1705 1721 1751 egregie

155 1760 327 1794 cordatus
349 1761 386 1795 et
405 1761 510 1794 catus
529 1759 603 1794 fuit
628 1761 666 1795 et
685 1759 732 1795 ab
752 1760 872 1794 Ennio
893 1760 1015 1795 dictus
1036 1761 1092 1794 est
1111 1771 1185 1794 non
1205 1759 1305 1804 quod
1331 1770 1375 1794 ea
1401 1758 1606 1803 quaerebat
1625 1770 1720 1803 quae

155 1824 359 1858 numquam
383 1813 577 1856 inveniret,
604 1813 669 1848 sed
695 1813 795 1858 quod
815 1824 860 1848 ea
879 1813 1129 1858 respondebat
1148 1823 1244 1858 quae
1265 1824 1326 1847 606
1348 1812 1412 1857 (1111
1432 1812 1666 1857 quaesissent
1685 1814 1722 1847 et

156 1877 243 1901 cura
269 1868 306 1901 et
330 1866 481 1912 negotio
508 1866 718 1902 solverent.'
807 1867 910 1901 Idem
935 1867 981 1902 (16
1008 1868 1098 1901 orat.
1120 1880 1133 1900 1
1152 1869 1292 1910 45,198
1315 1867 1378 1900 ‘ut
1401 1865 1466 1901 ille
1486 1866 1551 1910 qui
1569 1868 1721 1911 propter

154 1920 251 1954 hanc
276 1919 366 1954 iuris
394 1919 512 1954 civilis
534 1919 729 1955 scientiam
749 1920 802 1954 sic
822 1920 1034 1965 appellatus
1055 1931 1077 1955 a
1096 1930 1238 1954 summo
1263 1920 1375 1964 poeta
1402 1921 1457 1954 est
1477 1919 1649 1965 «egregie
1666 1947 1671 1953 .
1689 1947 1695 1953 .
1713 1947 1718 1953 .

155 1972 338 2015 Sextus».'
451 1973 554 2008 Idem
573 1973 679 2008 Tusc.
696 1973 789 2018 disp.
805 1987 817 2007 1
839 1976 926 2016 9,18
950 1973 1055 2008 ‘aliis
1082 1984 1143 2008 cor
1167 1973 1291 2017 ipsum
1317 1972 1463 2007 animus
1488 1972 1650 2016 videtur,
1677 1983 1720 2006 ex

156 2037 229 2070 quo
256 2026 430 2061 excordes
456 2026 630 2061 vecordes
656 2026 928 2070 concordesque
955 2027 1140 2070 dicuntur,
1168 2028 1205 2061 et
1223 2026 1363 2061 Nasica
1387 2026 1452 2060 1116
1476 2026 1639 2071 prudens
1661 2025 1719 2060 bis

156 2079 284 2114 consul
305 2079 500 2114 Corculum
519 2081 557 2114 et
576 2079 748 2125 «egregie
770 2108 776 2113 .
795 2108 800 2113 .
818 2108 823 2113 .
847 2079 1029 2115 Sextus».'
1139 2079 1257 2114 Varro
1284 2079 1330 2114 de
1354 2079 1378 2113 l.
1400 2079 1438 2113 L.
1460 2092 1511 2114 vn
1530 2082 1575 2113 46
1598 2079 1720 2124 ‘apud

155 2132 317 2166 Ennium
331 2132 430 2168 «iam
444 2133 528 2166 cata
543 2132 650 2177 signa
663 2132 740 2166 fere
755 2132 917 2167 sonitum
937 2133 1025 2167 dare
1038 2143 1126 2167 voce
1139 2132 1348 2177 parabant»
1364 2133 1470 2178 (459).
1487 2133 1572 2166 cata
1592 2134 1718 2167 acuta:

159 2186 230 2220 hoc
256 2185 354 2220 enim
379 2185 489 2220 verbo
516 2185 646 2220 dicunt
671 2185 814 2229 Savini3
841 2196 955 2229 quare
981 2187 1115 2222 «catus
1141 2186 1234 2220 elius
1262 2186 1421 2221 Sextus»
1445 2196 1519 2220 non
1546 2187 1589 2221 ut
1614 2186 1720 2221 aiunt

156 2238 304 2283 sapiens
331 2238 395 2273 sed
422 2240 564 2281 acutus,
585 2240 622 2273 et
648 2238 748 2282 quod
773 2240 830 2273 est
849 2239 977 2285 [529].'
1093 2238 1318 2284 Pomponius
1339 2239 1378 2273 in
1398 2238 1530 2284 digest.
1547 2253 1559 2273 1
1579 2243 1611 2283 2,
1627 2243 1657 2282 2,
1675 2243 1718 2274 38

158 2291 330 2326 ‘Sextum
349 2291 497 2327 Aelium
517 2291 632 2326 etiam
651 2291 792 2326 Ennius
811 2291 1007 2327 laudavit?

273 2345 324 2380 V1
338 2347 432 2391 (332)
459 2345 671 2380 Priscianus
685 2358 697 2379 1
710 2357 745 2390 p.
757 2349 812 2388 30,
822 2345 896 2380 4H.
910 2346 921 2362 ‘
931 2345 1053 2380 finalis
1065 2346 1239 2381 dictionis
1254 2346 1486 2381 subtrahitur
1498 2358 1535 2380 m
1549 2346 1588 2381 in
1601 2348 1718 2382 metro

154 2398 382 2443 plerumque,
411 2399 442 2433 si
468 2409 490 2433 a
514 2398 634 2433 vocali
659 2398 794 2443 incipit
819 2409 976 2443 sequens
1003 2399 1118 2434 dictio
1141 2428 1146 2434 .
1170 2427 1176 2434 .
1199 2428 1205 2434 .
1226 2399 1469 2434 vetustissimi
1493 2401 1620 2435 tamen
1644 2411 1718 2435 non

156 2462 300 2497 semper
325 2463 407 2487 eam
433 2452 712 2487 subtrahebant.
739 2452 880 2486 Ennius
907 2452 947 2486 in
972 2466 995 2487 x
1021 2452 1213 2487 annalium
1234 2453 1438 2499 «insignita
1462 2453 1719 2499 (insignata

155 2505 265 2550 Sang.
284 2505 400 2551 Lugd.
418 2505 527 2540 Halb.
545 2505 702 2540 fortasse
726 2516 770 2539 ex
794 2505 1069 2551 insigneita)
1092 2535 1097 2540 .
1116 2534 1145 2541 ..
1167 2506 1330 2541 delectos
1355 2506 1573 2552 (dilectus
1599 2507 1716 2553 Lugd.

156 2562 306 2598 Carolir.
326 2560 523 2599 dilecti'is
550 2564 674 2610 Sang.)
692 2564 725 2599 b.
744 2565 769 2598 t.
787 2565 1010 2609 potentes».’
1121 2565 1173 2600 Of.
1188 2565 1305 2601 Varro
1327 2566 1372 2601 de
1391 2566 1414 2601 l.
1431 2567 1468 2601 L.
1484 2580 1507 2602 v
1525 2570 1591 2600 142
1618 2567 1717 2601 ‘eius

156 2617 297 2662 (moeri)
318 2628 461 2652 summa
485 2618 624 2663 pinnae
650 2618 696 2652 ab
722 2617 780 2651 his
807 2629 899 2662 quas
925 2618 1143 2664 insigniti
1167 2619 1340 2654 milites
1366 2620 1406 2654 in
1431 2619 1549 2665 galeis
1580 2619 1717 2654 habere

156 2669 301 2705 solent.'
318 2671 382 2705 sed
403 2681 447 2705 66
466 2671 501 2705 vi
521 2671 749 2717 insignita
768 2670 897 2706 milia
915 2671 1113 2707 militum
1132 2672 1179 2708 ab
1197 2672 1317 2707 Ennio
1338 2673 1413 2707 dici
1433 2672 1573 2708 dubito.

274 2841 357 2878 332
385 2842 557 2880 militum
577 2845 684 2881 octo:
705 2844 750 2890 cf.
772 2843 1052 2882 Lachmasnnus
1072 2845 1125 2883 ad
1143 2844 1261 2883 Lacr.
1283 2857 1312 2882 11
1334 2841 1441 2891 466‚·
1465 2843 1640 2881 militum
1667 2843 1716 2881 ad

157 2900 244 2936 octo
264 2899 334 2937 Fr.
354 2900 543 2941 Marxius
1663 2899 1666 2902 Δ

1765 470 1794 489 Α.
1806 470 1835 489 U.
1848 470 1871 489 e.
1883 470 1963 489 mm

1823 504 1898 531 RES

1752 545 1975 571 FLAMININI

1812 594 1920 613 v—xn

1753 2974 1757 3001 1
