2004 3278
254 181 463 217 CLXXXIV
770 178 813 212 H.
840 177 904 212 DE
923 176 1078 211 LIBRIS
1098 175 1328 211 ENNIANIS

255 294 401 342 scripto
427 291 581 329 Gemini
609 290 770 328 Servilii
795 288 965 327 consulis
990 289 1148 327 nomine
1173 301 1235 327 res
1261 300 1306 326 eo
1332 289 1491 327 consule
1516 291 1648 339 gestas
1680 300 1813 326 narra-

254 352 367 399 visse,
394 363 509 399 quem
528 349 705 387 videmus
726 348 847 387 etiam
867 348 965 386 alibi
984 348 1161 386 0011311163
1180 359 1314 386 recens
1333 347 1459 386 factos
1478 360 1709 396 memorare,
1730 348 1813 386 303

254 410 414 449 additur
445 412 574 447 orator
608 407 809 447 Cornelius
836 436 844 446 .
877 438 885 445 .
921 407 1114 446 Tuditano
1145 407 1288 455 colleya
1319 409 1359 445 et
1391 407 1474 446 295
1509 407 1674 456 Quintus
1698 410 1816 456 pater

252 471 433 517 quartum
450 469 497 515 fit
514 468 664 517 consul3
685 468 768 505 329
787 466 955 505 Graecia
967 466 1140 515 Sulpicio
1158 468 1254 504 sorti
1266 467 1372 511 data,
1397 466 1532 505 Gallia
1548 466 1687 505 Cottae.
1708 465 1816 511 Quae

252 540 340 566 cum
365 528 424 565 ita
450 527 541 575 sint,
567 528 735 577 apparet
758 526 849 564 illos
875 538 1010 564 versus
1036 525 1085 564 ab
1112 538 1214 564 anno
1240 538 1278 563 u.
1300 537 1330 563 0.
1353 526 1436 564 538
1462 528 1502 564 et
1521 539 1544 564 a
1562 539 1697 577 pugna
1718 524 1816 564 Can-

255 588 368 624 nensi
394 586 541 624 alienos
568 598 661 624 esse.

375 645 438 683 Ad
458 658 519 683 res
538 645 701 684 bellicas
721 647 861 695 utpote
881 658 927 683 ex
946 645 1113 694 septimo
1133 645 1301 682 citatum
1319 643 1567 682 referendum
1587 645 1647 682 est
1665 643 1713 681 fr.
1733 656 1818 692 xm,

253 705 299 743 de
329 717 406 754 quo
438 704 568 743 1163010
602 718 652 742 an
685 718 704 742 e
730 703 848 742 Gellii
880 704 1009 742 verbis
1035 716 1135 742 xvm
1157 704 1194 752 5,
1215 705 1240 741 4
1267 705 1334 742 hos
1366 716 1452 742 eum
1475 705 1654 752 primum
1684 715 1818 742 versus

246 777 456 813 perperam
474 766 794 812 pronuntiantem
820 764 1043 802 audivimus
1071 760 1247 811 ‘denique
1268 794 1275 801 .
1298 794 1304 800 .
1326 795 1333 802 .
1354 765 1555 811 proiciunt
1578 760 1672 801 sese'
1698 774 1818 811 neque

252 824 383 862 multis
402 827 538 871 postea
563 824 737 862 versibus
762 823 908 861 additis
933 823 1211 861 celebrantibus
1237 835 1322 861 eum
1347 823 1673 871 laudantibusque
1697 824 1818 860 omni-

253 884 324 921 bus
349 883 522 921 discessit
546 882 679 933 colligi
704 883 840 931 possit,
865 894 944 920 non
968 883 1085 932 longe
1110 881 1211 919 illud
1238 895 1261 920 a
1286 882 1361 919 fine
1382 882 1473 919 libri
1493 881 1676 930 abfuisse,
1703 894 1818 930 quem

253 942 399 980 librum
423 941 514 980 inde
540 943 707 991 apparet
731 955 809 979 non
835 941 938 979 inter
962 941 1167 980 inferiores
1193 941 1314 979 fuisse
1341 942 1410 990 qui
1435 941 1485 978 ad
1504 941 1704 991 publicam
1722 940 1817 978 reci-

252 1001 444 1039 tationem
464 1001 713 1051 deligeretur.
734 1001 860 1039 Versu
880 1001 966 1051 ipso
987 1013 1033 1038 ex
1046 1001 1188 1050 proelii
1203 1000 1367 1039 alicuius
1383 1000 1646 1050 descriptione
1661 1001 1817 1050 sumpto

256 1060 601 1111 Carthaginienses
628 1060 704 1098 dici
731 1062 909 1110 apparet,
936 1073 1102 1109 quorum
1127 1059 1168 1097 in
1193 1061 1338 1110 pugnis
1364 1059 1611 1109 pedestribus
1637 1058 1729 1105 τοὺς
1755 1058 1818 1097 ἵπ-

253 1123 339 1166 πεῖς
363 1118 428 1157 καὶ
454 1118 499 1157 τὰ
525 1119 650 1170 θηρία
676 1132 791 1169 saepe
818 1133 841 1157 a
866 1119 1034 1168 Polybio
1059 1119 1270 1157 memorari
1295 1121 1434 1157 notum
1459 1122 1528 1157 est.
1557 1118 1684 1164 Quare
1709 1119 1818 1167 inep-

254 1181 340 1217 tum
365 1192 443 1217 non
469 1181 566 1227 erat,
594 1191 835 1228 quamquam
861 1191 939 1217 non
965 1179 1082 1228 plane
1103 1181 1265 1226 certum,
1291 1178 1337 1216 de
1358 1191 1435 1228 quo
1458 1177 1650 1216 Columna
1668 1179 1819 1228 primus

254 1239 460 1288 cogitarat,
482 1238 742 1276 clarissimam
760 1251 937 1288 pugnam
956 1238 1047 1286 dici,
1066 1239 1107 1275 in
1129 1250 1207 1286 qua
1232 1237 1576 1287 Carthaginienses
1590 1237 1819 1286 Xanthippo

255 1297 451 1347 Spartano
483 1296 579 1335 duce
612 1298 653 1335 in
679 1297 817 1335 Africa
848 1298 1063 1347 praecipua
1094 1298 1273 1346 equitum
1305 1299 1344 1335 et
1376 1298 1676 1347 elephantorum
1701 1309 1821 1346 opera

253 1369 439 1407 magnam
470 1356 517 1394 de
549 1356 699 1406 Regulo
732 1358 771 1394 et
802 1356 990 1394 Romanis
1028 1356 1236 1395 victoriam
1272 1358 1526 1406 reportarunt
1558 1351 1662 1408 (499
1690 1368 1723 1394 a.
1750 1350 1818 1408 u.).

256 1415 363 1460 Quae
391 1416 460 1464 qui
484 1417 663 1454 narravit
689 1415 878 1465 Polybius
898 1429 912 1453 1
933 1416 999 1454 33.
1023 1417 1076 1454 34
1103 1416 1295 1465 patefacit
1319 1417 1361 1453 in
1388 1429 1434 1454 ea
1462 1428 1597 1466 pugna
1630 1428 1729 1464 quae
1761 1415 1820 1453 vis
1891 1460 1897 1466 ἦ

256 1475 377 1513 fuerit
402 1475 580 1524 equitum
606 1476 646 1513 et
671 1475 980 1525 elephantorum.

374 1534 546 1572 Tantum
578 1536 637 1573 est
669 1534 715 1572 de
747 1535 852 1572 bello
878 1534 1026 1572 Punico
1058 1534 1186 1584 primo
1220 1534 1325 1583 quod
1350 1547 1397 1572 ex
1420 1535 1603 1584 reliquiis
1629 1534 1820 1572 Ennianis

257 1595 439 1644 cognosci
462 1594 599 1643 possit.
627 1593 702 1638 Qui
728 1595 933 1644 praeterea
959 1607 1004 1632 ex
1023 1594 1097 1632 hoc
1115 1594 1216 1632 libro
1237 1595 1411 1632 citantur
1430 1606 1577 1642 versus,
1602 1595 1644 1631 in
1664 1594 1725 1641 iis,
1746 1594 1821 1632 etsi

255 1652 473 1691 sententiae
500 1665 636 1690 eorum
659 1653 892 1702 plerumque
916 1655 1149 1703 perspicuae
1176 1655 1279 1702 sunt,
1305 1653 1406 1690 nihil
1431 1655 1491 1691 est
1516 1653 1622 1702 quod
1641 1665 1729 1691 cum
1749 1653 1820 1691 ali-

256 1725 334 1761 qua
365 1711 440 1750 fide
473 1712 524 1750 ad
555 1714 703 1750 certam
735 1712 979 1751 occasionem
1009 1714 1186 1750 revocari
1211 1712 1346 1761 possit.
1379 1712 1500 1750 Velut
1525 1725 1579 1751 xv
1605 1713 1701 1750 alter
1727 1724 1821 1760 nare

255 1773 371 1819 cupit,
397 1772 494 1809 alter
511 1783 695 1820 puqnare
713 1775 901 1820 paratu-st
926 1783 998 1821 ego
1023 1771 1147 1809 nolim
1173 1784 1261 1809 cum
1287 1771 1376 1810 aliis
1402 1773 1445 1809 in
1471 1771 1706 1810 sententiam
1734 1772 1820 1808 uni-

255 1842 411 1869 versam
436 1830 573 1880 accipi,
605 1832 650 1868 ut
682 1830 837 1869 diversa
864 1829 1250 1881 Carthaginiensium
1282 1833 1322 1868 et
1346 1831 1613 1869 Romanorum
1645 1830 1820 1868 condicio

256 1889 506 1940 depingatur,
526 1902 693 1939 quorum
712 1890 754 1927 hi
772 1890 890 1938 terra,
909 1890 971 1927 illi
984 1903 1076 1928 vero
1090 1891 1192 1927 mari
1205 1890 1411 1939 pollerent,
1431 1892 1546 1939 quasi
1562 1891 1630 1939 qui
1645 1890 1820 1927 conferre

255 1949 354 1987 velit
386 1961 486 1997 quae
518 1948 656 1987 Livius
688 1949 827 1987 scribit
850 1962 909 1988 vn
930 1950 996 1997 26,
1019 1950 1071 1987 13
1105 1962 1192 1988 cum
1226 1949 1387 1988 Graecis
1417 1950 1530 1988 nulla
1560 1950 1821 1988 memorabilis

253 2011 361 2056 qesta
385 2020 458 2053 res,
488 2020 557 2047 nec
587 2009 648 2046 illi
672 2011 777 2047 terra
806 2021 875 2047 nec
899 2009 1102 2047 Romanus
1133 2011 1237 2047 mari
1269 2009 1427 2047 bellator
1458 2012 1551 2053 erat,
1584 2021 1684 2057 quae
1716 2010 1820 2046 certe

256 2068 455 2116 apertiora
487 2069 579 2105 sunt
610 2067 820 2115 Ennianis3
853 2081 899 2106 ea
930 2081 1022 2106 vero
1053 2068 1152 2106 1111111
1183 2068 1368 2106 videntur
1398 2081 1477 2106 non
1508 2080 1620 2117 posse
1646 2068 1725 2105 nisi
1750 2079 1821 2105 sua

255 2127 297 2163 vi
321 2127 483 2175 propria
507 2127 697 2177 intelh‘gi:
724 2127 829 2176 quod
854 2140 975 2177 genus
1002 2126 1125 2166 Silius
1144 2140 1187 2166 Ν
1207 2128 1290 2165 585
1323 2128 1365 2164 111
1396 2140 1530 2178 pugna
1562 2127 1612 2165 ad
1637 2126 1822 2164 Trebiam

262 2185 398 2223 scribit

469 2245 550 2283 Ille
575 2246 670 2284 celer
695 2246 820 2284 nandi
844 2247 1080 2294 iamiamque
1106 2246 1344 2294 apprendere
1369 2249 1449 2284 tuta

469 2305 577 2342 Dum
595 2308 720 2352 parat
744 2308 778 2343 et
802 2306 898 2343 celso
923 2307 1105 2343 connisus
1130 2316 1286 2353 corpore
1303 2308 1469 2352 prensat

475 2363 670 2402 Gramina
694 2376 849 2403 summa
873 2377 995 2402 manu
1020 2365 1253 2412 liquidisque
1278 2366 1433 2413 emergit
1458 2365 1506 2402 ab
1531 2365 1661 2408 undis,

476 2422 657 2461 Contorta
681 2425 793 2471 ripae
810 2424 986 2472 pendens
1011 2424 1190 2472 afficitur
1214 2424 1339 2461 hasta.

471 2482 550 2520 Hic
574 2483 716 2521 hostem
741 2484 898 2522 orbatus
923 2483 994 2521 telo
1020 2483 1278 2530 complectitur
1302 2482 1408 2520 ulnis

470 2540 773 2589 Luctantemque
800 2543 897 2580 vado
914 2544 1112 2590 permixta
1136 2544 1255 2580 morte
1279 2535 1472 2593 coercet.*)

259 2598 323 2636 Ad
349 2611 517 2648 quorum
542 2601 762 2650 exemplum
787 2602 879 2639 licet
904 2602 1071 2640 fortasse
1097 2601 1218 2638 Ennii
1242 2613 1397 2639 versum
1425 2601 1480 2638 sic
1512 2600 1693 2649 supplere
1726 2600 1822 2638 alter

258 2670 354 2697 nare
374 2660 489 2706 cupit,
515 2659 611 2697 alter
622 2672 804 2709 puqnare
815 2664 1002 2708 paratust
1020 2660 1218 2707 (fluctibus
1237 2662 1280 2698 in
1298 2659 1465 2707 mediis),
1491 2659 1557 2697 sed
1578 2660 1822 2697 occasionem

258 2718 300 2754 111
324 2718 398 2756 1100
422 2717 523 2756 libro
549 2719 613 2756 cui
637 2732 683 2757 ea
700 2721 894 2769 aptentur
918 2732 996 2758 non
1021 2720 1185 2770 reperio.

378 2855 409 2900 ⁸)
424 2854 539 2908 ‘Quae
564 2866 663 2890 nunc
687 2855 794 2890 video
820 2854 935 2890 etiam
960 2855 1006 2890 ab
1032 2855 1117 2890 Ern.
1139 2854 1303 2891 Wezelio
1324 2855 1384 2900 (de
1410 2853 1494 2889 Silii
1519 2853 1684 2888 fontibus
1705 2865 1740 2898 p.
1762 2854 1820 2899 43)

264 2912 443 2947 compom.

1984 690 2001 861 mmm-*2:4⁴9*
1990 632 2001 669 μω
1984 529 1999 619 z-t-:v‘z-
