2054 3282
817 191 1011 227 HECUBA
1612 191 1697 233 153

890 309 942 345 VI

135 370 221 412 202
254 369 350 412 Heu
377 385 443 413 me
469 371 680 426 miseram,
707 371 868 414 interii:
893 373 1079 428 pergunt
1103 370 1243 413 lavere
1269 385 1460 427 sanguen
1480 370 1697 427 sanguine.

708 555 952 580 TALTHYBIUS
970 554 1040 587 (497.
1055 555 1119 588 498)

135 607 222 650 203
256 607 393 650 Senex
420 622 534 650 sum:
561 608 726 650 utinam
751 611 933 651 mortem
960 609 1159 663 obpetam
1185 608 1303 663 prius
1330 623 1458 663 quam
1484 611 1634 651 evenat

255 678 379 730 Quod
405 679 449 721 in
474 679 676 734 pauperie
702 694 796 721 mea
821 694 949 722 senex
975 679 1163 735 graviter
1188 693 1366 735 gemam.

876 795 961 831 Vm

753 863 906 889 HECUBA
927 862 998 895 (627.
1014 862 1076 896 628)

137 915 223 959 205
254 915 449 959 Nimium
475 916 577 959 boni
604 919 680 972 est,
707 917 774 958 cui
800 916 909 958 nihil
936 919 999 959 est
1024 917 1126 958 mali

255 1068 306 1103 VI
325 1070 421 1115 (202)
453 1069 596 1104 Nonius
616 1082 651 1115 p.
668 1073 747 1113 224,
764 1073 782 1104 7
800 1069 973 1116 ‘sanguis
993 1069 1199 1104 masculino
1220 1080 1355 1115 genere
1375 1069 1413 1104 in
1435 1070 1704 1105 consuetudine

136 1123 297 1157 habetur
312 1151 317 1156 .
335 1151 341 1157 .
359 1151 365 1157 .
380 1124 511 1158 neutro
525 1123 666 1158 Ennius
680 1123 834 1158 Hecuba
855 1123 1094 1169 (hecubae)
1113 1123 1208 1159 «heu
1229 1123 1364 1168 (eheu
1383 1123 1440 1158 vel
1461 1123 1573 1158 eheu
1593 1124 1704 1158 eheu

138 1176 322 1221 nonnulli)
335 1187 394 1211 me
407 1177 575 1212 miseram
590 1205 596 1211 .
615 1205 620 1211 .
636 1177 753 1212 labere
768 1176 1006 1222 (lambere)
1021 1188 1047 1211 s.
1063 1177 1142 1212 s.».'
1241 1176 1344 1211 Idem
1357 1188 1392 1222 p.
1408 1180 1488 1220 466,
1499 1181 1543 1212 26
1560 1177 1704 1212 ‘lavare

139 1241 222 1265 cum
245 1229 295 1264 sit
317 1229 440 1265 eluere
463 1230 500 1264 et
523 1230 732 1265 emaculare
756 1231 793 1265 et
816 1230 923 1275 aquis
947 1230 1098 1265 sordida
1121 1240 1291 1274 quaeque
1312 1241 1484 1275 purgare,
1508 1230 1704 1266 vetustatis

139 1283 341 1318 auctoritas
355 1282 481 1328 posuit
494 1283 609 1318 etiam
622 1283 789 1328 polluere
806 1312 811 1317 .
827 1312 833 1317 .
848 1312 854 1318 .
870 1283 1011 1318 Ennius
1025 1283 1179 1318 Hecuba
1194 1285 1233 1328 (e
1242 1283 1322 1318 cub
1333 1294 1354 1318 a
1367 1283 1480 1318 Wolf.
1499 1284 1523 1318 h
1533 1294 1583 1319 eu
1593 1284 1672 1318 cub
1683 1295 1705 1318 a

139 1336 267 1371 Bamb.
284 1338 322 1371 et
333 1349 380 1371 m.
395 1349 449 1381 pr.
464 1336 581 1382 Leid.)
597 1336 692 1373 «heu
707 1339 778 1383 (eu
791 1336 920 1382 Wolf.)
934 1347 992 1372 mc
1013 1337 1180 1372 miseram
1195 1336 1426 1382 (miserum
1446 1337 1590 1382 Bamb.)
1607 1366 1612 1371 .
1630 1366 1636 1371 .
1652 1338 1705 1373 ῐα-

138 1401 215 1426 vere
235 1390 408 1436 (lavare
428 1390 525 1435 Par.)
540 1402 566 1424 s.
583 1391 661 1426 s.».'
772 1391 874 1425 Idem
887 1403 922 1435 p.
940 1393 1018 1433 504,
1035 1394 1055 1425 6
1072 1389 1185 1424 ‘lavit
1203 1401 1270 1434 pro
1290 1390 1392 1424 lavat
1407 1419 1412 1424 ,
1431 1418 1436 1424 .
1455 1418 1460 1424 .
1476 1390 1599 1425 lavere
1617 1390 1705 1425 inde

138 1445 299 1478 tractum
313 1445 369 1478 est
384 1472 389 1477 .
407 1472 412 1477 .
431 1472 436 1478 .
452 1443 593 1478 Ennius
608 1443 807 1479 Telamone
823 1445 877 1490 [1].
893 1444 993 1478 idem
1006 1443 1160 1478 Hecuba
1174 1443 1269 1479 «heu
1286 1454 1345 1478 me
1359 1444 1528 1479 miserum
1543 1472 1549 1478 .
1567 1472 1572 1478 .
1589 1445 1706 1480 labere

139 1507 305 1542 sanguen
328 1496 509 1542 sanguine
533 1498 821 1542 (sanguinem
853 1497 1077 1542 sanguine
1100 1496 1181 1531 Par.
1206 1507 1408 1542 sanguen
1441 1497 1706 1543 sanguinem

138 1550 250 1585 Wolf.
266 1550 406 1595 Bamb.,
418 1561 437 1585 e
452 1561 541 1585 corr.
557 1550 659 1585 Harl.
679 1550 947 1596 sanguinem
965 1550 1067 1584 Leid.
1082 1549 1184 1584 Harl.
1199 1562 1246 1584 m.
1261 1550 1382 1596 pr.)».'
1480 1550 1565 1586 Non
1585 1550 1705 1585 simile

139 1604 261 1638 exstat
274 1604 313 1638 in
327 1603 488 1647 Graecis,
503 1605 685 1648 quantum
703 1604 892 1649 intelligo:
914 1604 979 1638 sed
995 1604 1196 1649 ‘pergunt'
1216 1603 1247 1638 si
1270 1605 1369 1638 recte
1392 1603 1615 1648 interpretor
1633 1603 1706 1638 He—

140 1657 235 1692 cuba
257 1657 404 1691 videtur
429 1656 553 1692 dicere
577 1668 638 1692 eos
662 1657 727 1702 qui
749 1657 844 1692 nihil
866 1656 952 1692 flexi
976 1657 1051 1691 suis
1071 1656 1280 1691 rationibus
1299 1658 1462 1702 pergunt
1479 1657 1707 1702 Polyxenam

138 1710 378 1745 mactandam
398 1710 579 1746 deducere
600 1712 715 1757 (440),
737 1710 781 1745 cf.
804 1722 899 1755 quae
920 1710 1051 1745 eadem
1072 1707 1173 1755 ῥ’ήσει
1197 1710 1289 1744 dicit
1310 1713 1376 1744 232
1399 1707 1482 1744 οὐδ’
1506 1708 1639 1745 ὥλεσέν
1665 1723 1707 1755 με

143 1763 245 1807 Ζεύς,
263 1762 391 1809 τρέφει
411 1762 447 1799 δ’
467 1762 565 1805 ὅπως
585 1763 658 1808 ὁρῶ
678 1770 803 1800 κακῶν
823 1762 909 1799 κάκ’
928 1763 1019 1798 ἄλλα
1039 1761 1176 1808 μείζον’
1194 1763 1217 1808 ἡ
1237 1761 1384 1798 τάλαιν’
1403 1763 1490 1808 ἑγώς
1513 1764 1550 1798 et
1570 1767 1637 1798 277
1659 1762 1707 1808 μή

140 1831 211 1863 μου
234 1817 276 1852 τὸ
296 1816 430 1853 τέκνον
451 1846 458 1852 .
477 1817 668 1863 .κτοὲνητε·
689 1824 763 1853 τῶν
782 1816 1023 1863 τεθνηκότων
1043 1817 1133 1858 ἅλις.

259 1870 326 1905 VII
340 1872 436 1916 (203)
467 1871 611 1906 Nonius
630 1883 666 1916 p.
681 1875 761 1914 494,
777 1874 797 1905 3
815 1871 1033 1916 ‘pauperies
1053 1881 1120 1915 pro
1140 1871 1375 1915 paupertate.
1391 1870 1534 1905 Ennius
1554 1870 1709 1905 Hecuba

141 1935 275 1961 «senex
295 1936 322 1959 s.
337 1936 372 1958 u.
387 1925 526 1960 moriar
544 1929 691 1960 mortem
711 1926 888 1970 oppetam
906 1937 942 1970 p.
958 1937 992 1969 q.
1008 1925 1170 1959 eveniat.
1189 1952 1194 1957 .
1215 1923 1396 1969 pauperie
1415 1934 1499 1958 mea
1519 1925 1708 1969 (paupe-

140 1978 252 2013 riem
271 1978 415 2023 Bamb.)
433 2006 438 2012 .
456 2006 462 2012 .
478 1979 676 2023 gemam».'
797 1978 900 2013 Idem
918 1990 954 2023 p.
971 1981 1050 2020 507,
1066 1980 1110 2011 18
1127 1977 1282 2011 ‘evenat
1299 1987 1366 2021 pro
1388 1976 1544 2011 eveniat.
1567 1976 1707 2011 Ennius

141 2031 295 2066 Hecuba
308 2042 443 2067 «senex
458 2043 484 2065 s.
499 2043 533 2065 u.
549 2035 695 2067 mortem
708 2031 884 2076 obpetam
897 2043 932 2076 p.
949 2042 982 2075 q.
998 2034 1144 2066 evenat.
1162 2058 1167 2063 .
1186 2058 1192 2063 .
1209 2030 1406 2075 gemam».'
1507 2029 1609 2071 Quae
1623 2030 1709 2064 sunt

142 2085 314 2119 accurate
340 2095 514 2129 expressa
540 2095 584 2118 ex
610 2083 761 2119 Graecis
782 2086 864 2129 (497
886 2085 954 2129 sq.)
981 2094 1065 2118 cum
1090 2082 1313 2127 Talthybius
1338 2082 1396 2116 his
1422 2082 1635 2127 praemissis
1662 2083 1708 2117 de

142 2137 296 2172 Hecuba
316 2136 408 2182 αὕτη
429 2136 470 2172 δὲ
490 2137 603 2183 δούλη
624 2143 740 2182 γραῦς
758 2137 874 2178 ἄπαις
890 2137 950 2172 ἐπὶ
963 2137 1077 2182 χθονὶ
1091 2141 1209 2171 κεῖται
1223 2134 1325 2172 κόνει
1339 2135 1510 2180 φύρουσα
1524 2135 1708 2182 δύστηνον

142 2190 239 2235 κάρα
260 2190 367 2226 addit
387 2191 432 2225 de
453 2201 491 2225 se
505 2196 576 2235 φεῦ
591 2196 673 2235 φεῦ,
689 2189 806 2236 γέρων
820 2189 885 2235 μέν
900 2188 988 2235 εἰμ’,
1003 2187 1099 2234 ’ὅμως
1112 2188 1155 2225 δέ
1167 2202 1229 2234 μοι
1242 2192 1379 2225 θανεῖν
1395 2188 1450 2235 εἴη
1470 2189 1559 2233 πρὶν
1573 2188 1708 2237 αἰσχρᾷ

142 2249 352 2288 περιπεσεῖν
371 2243 461 2291 τύχῃ
481 2242 571 2288 τινές
586 2244 659 2279 nisi
673 2245 773 2288 quod
789 2243 930 2278 Ennius
951 2254 1047 2288 quae
1068 2242 1208 2278 adiecit
1234 2242 1279 2277 in
1304 2242 1525 2288 pauperie
1549 2253 1645 2277 mea
1664 2253 1708 2277 ex

142 2297 274 2332 Troad.
290 2300 358 2332 415
379 2297 539 2342 sumpsit
556 2297 622 2332 ubi
641 2297 741 2332 idem
760 2297 982 2342 Talthybius
1002 2296 1067 2331 καὶ
1085 2295 1200 2341 πένης
1218 2295 1285 2341 μέν
1305 2293 1376 2340 εἰμ’
1401 2295 1481 2341 ἐγώ.

261 2350 345 2385 VIII
364 2352 461 2396 (205)
500 2350 625 2386 Cicero
647 2351 692 2385 de
705 2351 765 2385 fin.
780 2363 807 2384 11
823 2353 877 2393 13,
893 2353 935 2384 41
954 2350 1048 2384 ‘non
1062 2349 1171 2392 enim,
1186 2349 1217 2384 si
1230 2349 1371 2383 malum
1384 2350 1441 2383 est
1454 2348 1569 2392 dolor,
1584 2359 1708 2384 carere

143 2415 185 2439 eo
205 2403 304 2439 malo
326 2404 416 2438 satis
437 2405 494 2439 est
514 2404 562 2439 ad
581 2404 675 2439 bene
695 2404 902 2438 vivendum.
918 2403 988 2437 hoc
1009 2403 1145 2438 dixerit
1162 2402 1288 2448 potius
1302 2402 1443 2438 Ennius
1458 2402 1637 2438 «nimium
1653 2431 1659 2436 .
1677 2431 1683 2436 .
1701 2431 1707 2436 .

142 2457 272 2493 mali».
296 2468 362 2492 nos
382 2457 532 2492 beatam
556 2457 670 2492 vitam
693 2469 766 2492 non
791 2456 1008 2502 depulsione
1029 2456 1121 2491 mali
1145 2457 1210 2492 sed
1233 2456 1434 2502 adeptione
1455 2455 1544 2491 boni
1569 2456 1708 2491 iudice-

265 2630 348 2667 202
377 2629 567 2679 sanguine
594 2640 767 2679 sanguen
794 2627 852 2666 vel
877 2640 1051 2679 sanguen
1077 2629 1268 2679 sanguine
1287 2626 1431 2666 Accius
1452 2628 1658 2666 identidem
1677 2629 1711 2664 et

151 2689 276 2726 Varro
296 2700 322 2726 a
340 2689 469 2727 Nonio
483 2701 525 2736 p.
544 2697 625 2734 224
647 2688 752 2725 citat-i
873 2688 958 2726 204
985 2699 1100 2726 senex
1119 2689 1270 2726 iniuria
1287 2689 1461 2725 mutatur
1481 2682 1621 2738 (debile
1640 2686 1708 2723 ad-

144 2749 299 2786 modum
323 2749 424 2795 quod
446 2748 676 2785 R'e'bbecka'us
695 2747 901 2794 proposuit
923 2740 1082 2799 miser)‚·
1109 2748 1157 2795 ef.
1180 2759 1306 2796 aequa
1329 2755 1406 2782 201
1434 2748 1467 2784 et
1484 2745 1710 2793 Propertius

146 2819 186 2845 1v
208 2816 247 2858 4,
263 2815 315 2853 33
332 2818 385 2855 sq.
520 2806 602 2844 205
630 2806 809 2844 Nimium
834 2805 928 2843 boni
954 2807 1013 2844 est
1033 2806 1068 2844 k.
1090 2818 1119 2844 e.
1141 2818 1338 2844 summum
1362 2805 1509 2842 bonum
1529 2798 1710 2855 (fortuna

147 2860 330 2919 summa),
349 2878 396 2904 ne
415 2867 502 2913 quis
521 2866 567 2903 de
586 2866 864 2912 vituperatione
883 2866 1031 2913 eoyitet:
1051 2866 1098 2912 ef.
1114 2866 1166 2903 ad
1188 2865 1264 2904 Cio.
1280 2866 1326 2903 de
1339 2864 1407 2911 leq.
1421 2876 1436 2901 1
1456 2873 1494 2911 9,
1512 2872 1562 2910 27

149 2955 154 2961 .
170 2954 176 2961 .
191 2954 198 2961 .
212 2954 218 2961 .
234 2926 398 2962 nimium
411 2925 504 2963 boni
518 2926 587 2973 est,
603 2925 664 2962 cui
679 2924 735 2962 nil
755 2924 850 2962 mali
868 2925 928 2962 est
940 2925 1122 2962 BIuretus
1135 2925 1197 2963 cui
1211 2924 1310 2962 nihil
1325 2925 1383 2961 est
1398 2917 1458 2975 (in
1472 2917 1594 2974 diem)
1610 2922 1706 2960 mali

1766 2969 1769 2994 ²
