2004 3278
275 197 432 234 CCXXII
760 192 803 227 Π.
829 191 893 227 DE
918 189 1073 225 LIBRIS
1097 187 1330 224 ENNIANIS

275 308 441 348 senserit
465 318 553 344 cum
578 305 756 343 Drmiwm
786 304 834 357 Μ
854 302 1066 341 Euhemeri
1096 301 1208 339 libris
1237 301 1359 339 versis
1390 300 1575 339 citaverit
1605 299 1834 352 ambiguum

275 369 345 415 est,
376 365 443 404 sed
474 366 578 403 certe
610 375 764 401 carmen
796 362 836 399 et
860 372 996 399 versus
1021 372 1100 398 non
1124 359 1327 398 indicavit.
1360 359 1474 406 Quod
1499 371 1591 399 vero
1617 359 1714 398 olim
1745 371 1833 398 cum

273 424 468 475 plerisque
491 422 607 460 fidem
632 418 757 460 habui
783 419 1025 458 Columellae
1050 418 1179 458 verbis
1206 413 1268 472 (1x
1289 412 1334 472 2)
1366 419 1435 469 qui
1460 419 1723 458 Euhemermn
1740 430 1833 467 poe-

275 487 354 522 tam
362 478 401 535 ²³⁶)
433 482 541 520 dicat
571 493 659 518 cum
684 479 858 518 Ennium
888 478 1111 529 intelligere
1135 477 1330 527 videatur,
1361 477 1403 516 id
1426 478 1699 517 testimonium
1729 478 1835 516 haud

274 543 353 580 scio
381 554 431 579 an
451 540 494 579 Ο.
516 539 675 578 Crusius
702 539 887 577 everterit
909 532 1024 590 (mus.
1044 537 1166 575 Rhen.
1187 549 1299 577 xnvn
1322 538 1433 577 1892
1454 551 1492 588 p.
1509 538 1562 576 63
1572 533 1662 591 sq.),
1681 538 1751 587 qui
1763 536 1834 576 Go-

274 600 458 638 lumellae
483 599 751 649 disputatione
778 610 936 636 excussa
961 596 1105 647 probat
1129 597 1202 636 illa
1226 596 1346 636 verba
1374 609 1454 635 non
1479 595 1721 635 Columellae
1753 608 1835 635 esse

274 659 341 698 sed
380 671 462 697 esse
492 658 643 708 Hygini
675 658 786 695 cuius
818 657 886 694 ille
918 657 1133 695 sententias
1166 656 1322 704 afferat,
1356 656 1561 707 Hyginum
1593 658 1727 695 autem
1757 669 1836 695 non

275 718 393 756 Ennii
414 717 676 755 Euhemerum
701 716 769 754 sed
794 728 873 753 una
898 728 987 754 cum
1006 716 1258 766 Euphorione
1284 717 1324 754 et
1342 715 1542 754 Nicandro
1568 717 1696 765 poetis
1717 714 1836 754 Grae-

276 779 332 815 cis
357 776 621 814 Euhemerum
647 774 841 814 Graecum
866 776 948 814 sive
973 775 1213 813 Messenium
1245 776 1328 814 sive
1354 775 1566 825 Tegeatem
1601 775 1838 826 appellasse3

275 849 390 885 quem
417 835 575 884 quidem
601 847 677 884 quo
704 835 869 873 consilio
896 836 966 873 aut
997 847 1076 884 quo
1109 847 1238 873 errore
1259 837 1417 882 poetam
1448 835 1592 873 dixerit
1621 847 1692 873 nec
1724 846 1835 885 aper-

274 897 359 933 tum
392 896 451 932 est
482 906 607 943 neque
634 906 657 931 a
685 893 823 932 Grusio
856 894 952 933 satis
985 894 1235 943 explicatum.
1269 893 1345 932 Sed
1369 894 1443 932 hoc
1467 896 1561 932 utut
1586 896 1656 943 est,
1688 907 1734 932 ex
1765 893 1839 932 hoc

274 954 502 993 testimonio
527 954 575 990 ut
599 954 739 1002 opinor
763 953 864 991 nihil
890 953 996 1003 quod
1021 953 1072 991 ad
1090 952 1266 991 Ennium
1289 953 1488 1003 pertineat
1507 953 1687 992 concludi
1706 954 1839 1003 potest

275 1015 315 1051 et
338 1013 411 1051 hoc
438 1025 461 1051 a
485 1012 664 1061 reliquiis
684 1012 878 1051 Ennianis
902 1014 1062 1051 removi.
1089 1012 1136 1050 Id
1160 1025 1252 1051 vero
1280 1012 1387 1062 quod
1411 1013 1507 1051 olim
1532 1013 1656 1051 statui
1682 1025 1838 1051 versum

276 1072 396 1110 Ennii
424 1084 448 1110 a
472 1071 603 1109 Nonio
635 1072 745 1110 nullo
770 1072 868 1125 ¹libri
901 1072 1049 1110 indicio
1081 1073 1248 1110 citatum
1279 1084 1366 1111 mem
1395 1083 1466 1111 suo
1497 1073 1644 1111 obsidio
1675 1082 1841 1121 magnus

275 1133 440 1170 titanum
463 1131 665 1179 premebat
692 1131 741 1169 ab
774 1131 994 1170 Euhemero
1027 1131 1200 1170 alienum
1231 1131 1273 1169 in
1305 1131 1514 1170 annalibus
1549 1133 1686 1181 utpote
1723 1131 1840 1170 hexa-

275 1193 443 1229 metrum
468 1190 739 1229 collocandum
764 1191 885 1230 fuisse
911 1185 944 1244 (1
962 1191 1010 1228 fr.
1030 1186 1134 1244 xxn)
1162 1191 1288 1229 adhuc
1314 1191 1473 1229 obtineo
1498 1203 1625 1240 neque
1643 1203 1706 1228 me
1725 1190 1775 1229 ab
1795 1202 1841 1228 ea

277 1250 473 1288 sententia
499 1249 728 1288 deturbavit
753 1248 884 1300 Geyza
902 1246 1112 1300 Nemethy,
1139 1251 1208 1299 qui
1234 1263 1267 1288 a.
1291 1251 1403 1288 1889
1425 1250 1636 1289 Euhemeri
1660 1250 1840 1300 reliquiis

276 1307 435 1347 Graecis
461 1321 541 1347 una
567 1321 656 1347 cum
681 1309 873 1348 Ennianis
900 1310 1112 1361 diligenter
1138 1310 1314 1348 collectis
1341 1311 1380 1347 et
1405 1310 1610 1360 explicatis
1628 1310 1730 1348 hanc
1756 1321 1841 1348 sen-

275 1369 444 1406 tentiam
470 1368 647 1407 defendit
671 1382 829 1408 versum
854 1370 975 1408 istum
1000 1370 1164 1420 propter
1192 1369 1492 1407 similitudinem
1521 1368 1722 1419 quandam
1754 1381 1842 1407 cum

276 1427 404 1466 verbis
438 1427 651 1466 Euhemeri
684 1423 783 1481 (IV),
822 1442 922 1478 quae
955 1429 1114 1478 quidem
1146 1428 1364 1467 similitudo
1397 1441 1443 1466 ex
1473 1430 1587 1478 parte
1617 1429 1741 1478 ipsius
1778 1428 1841 1466 de-

277 1500 385 1525 mum
411 1487 685 1526 emendatione
710 1490 827 1538 parta
853 1491 923 1537 est,
950 1501 973 1527 a
992 1488 1123 1527 Nonio
1149 1501 1195 1526 ex
1214 1488 1434 1526 Euhemero
1461 1488 1577 1527 citari
1602 1489 1643 1526 et
1666 1488 1740 1527 hoc
1763 1500 1843 1526 cer-

278 1547 432 1585 tissimo
458 1548 687 1586 testimonio
714 1548 842 1587 evinci
867 1547 987 1586 Ennii
1007 1548 1271 1586 Euhemerum
1289 1548 1466 1586 versibus
1484 1547 1722 1586 hexametris
1743 1559 1844 1586 com-

277 1607 451 1655 positum
477 1618 571 1645 esse.
604 1606 690 1658 Ego
718 1619 811 1646 vero
844 1619 963 1657 supra
987 1620 1026 1656 p.
1046 1618 1147 1645 xcm
1173 1602 1241 1659 (cf.
1262 1601 1365 1660 xcn)
1398 1606 1666 1645 demonstrare
1698 1606 1845 1654 studui,

278 1678 397 1715 quam
422 1678 502 1703 non
527 1665 713 1704 credibile
740 1668 841 1705 esset
858 1666 1035 1705 Nonium
1058 1666 1164 1704 hunc
1189 1678 1345 1704 versum
1371 1679 1416 1704 ex
1442 1666 1660 1704 Euhemero
1686 1678 1845 1715 promp-

279 1725 386 1773 sisse,
406 1726 544 1763 contra
562 1725 668 1763 idem
687 1738 807 1775 quam
828 1727 919 1775 apte
933 1726 1063 1764 locum
1077 1726 1119 1764 in
1133 1725 1342 1764 annalibus
1355 1726 1647 1764 nancisceretur
1659 1738 1696 1775 p.
1713 1736 1779 1763 cm
1786 1738 1844 1774 sq.

279 1786 512 1835 argumento
539 1784 716 1835 exposito
742 1786 839 1824 satis
866 1786 1006 1836 opinor
1030 1784 1213 1834 probavi,
1246 1787 1292 1823 ut
1315 1786 1396 1823 iam
1421 1785 1523 1823 nihil
1548 1786 1601 1823 sit
1626 1783 1732 1834 quod
1762 1784 1844 1822 illis

280 1843 433 1882 addam.
459 1843 586 1894 Atqui
611 1845 645 1883 si
669 1844 887 1883 hexametri
909 1857 989 1883 non
1008 1846 1102 1883 sunt
1121 1844 1262 1893 quibus
1282 1844 1432 1882 Ennius
1451 1844 1558 1882 hunc
1576 1843 1722 1882 librum
1741 1856 1844 1882 com-

280 1904 427 1952 posuit,
452 1915 531 1941 non
557 1904 639 1942 iam
665 1905 918 1954 consequitur
942 1904 1073 1943 nullos
1098 1916 1233 1942 versus
1259 1903 1380 1941 fuisse
1405 1906 1445 1941 et
1469 1904 1571 1941 hanc
1601 1904 1848 1942 verissimam

282 1975 363 2000 esse
390 1962 512 2000 Ennii
542 1964 762 2002 orationem
786 1963 1017 2014 pedestrem.
1050 1963 1110 2002 Ac
1134 1963 1324 2012 reliquias
1355 1964 1462 2012 ipsas
1494 1962 1744 2001 crediderunt
1774 1962 1847 2000 hoc

280 2021 446 2071 prodere
477 2034 518 2060 se
550 2035 651 2072 quae
682 2035 786 2061 nunc
817 2023 1016 2072 pedestres
1046 2024 1174 2061 essent
1199 2022 1413 2072 aliquando
1439 2021 1616 2061 versibus
1642 2022 1847 2060 conclusas

281 2081 419 2119 fuisse:
446 2083 565 2131 atque
585 2082 634 2120 H.
654 2082 849 2133 Ilbergius
875 2081 951 2120 sibi
975 2082 1172 2132 persuasit
1192 2094 1292 2131 quae
1311 2081 1543 2120 Lactantius
1563 2094 1609 2119 ex
1629 2081 1848 2119 Euhemero

282 2140 439 2178 afferret
469 2153 549 2179 non
579 2141 638 2179 ita
669 2141 830 2180 difficile
861 2143 1183 2180 tetrametrorum
1214 2153 1421 2180 numerum
1452 2141 1642 2191 recipere,
1680 2139 1848 2179 eundem

284 2211 401 2247 quem
424 2199 577 2239 Ennius
604 2201 843 2250 Epicharmo
869 2203 909 2239 et
938 2201 1106 2252 apologo
1132 2200 1326 2250 Aesopico
1359 2199 1602 2239 adhibuerat.
1638 2198 1757 2238 Cuius
1789 2200 1849 2237 in·

286 2259 395 2295 venti
421 2259 599 2310 exempla
625 2260 820 2310 quaedam
840 2260 935 2299 olim
953 2261 1156 2310 proposui,
1183 2260 1325 2309 quibus
1345 2261 1476 2298 motus
1496 2259 1541 2299 B.
1561 2261 1628 2297 ten
1647 2259 1849 2307 Brinkius,

284 2317 616 2366 quemadmodum
636 2320 852 2371 apologum
870 2320 1030 2369 Aesopi,
1054 2321 1114 2358 ita
1131 2331 1257 2369 paene
1276 2318 1471 2368 quidquid
1490 2318 1701 2357 Euhemeri
1721 2318 1851 2356 exstat

291 2376 398 2424 apud
416 2376 672 2417 Lactantium
692 2381 732 2418 et
751 2379 859 2429 apud
881 2378 1139 2418 Columellam
1159 2379 1240 2417 suis
1259 2378 1395 2417 metris
1414 2377 1575 2416 reddere
1595 2379 1759 2416 conatus
1780 2378 1850 2415 est.

287 2434 435 2473 Verum
461 2438 521 2475 est
545 2438 587 2474 in
611 2438 672 2477 his
697 2438 874 2477 versibus
899 2439 1105 2488 utriusque
1131 2449 1213 2476 esse
1240 2438 1309 2487 qui
1328 2438 1499 2476 severius
1519 2437 1715 2476 iudicanti
1734 2448 1850 2486 aegre

285 2494 440 2544 placere
464 2498 631 2544 possunt
655 2499 695 2535 et
718 2498 927 2548 plerosque
952 2499 1001 2536 iis
1020 2497 1146 2536 modis
1165 2496 1347 2535 mutandi
1365 2498 1501 2546 partos
1521 2508 1604 2534 esse
1623 2496 1692 2545 qui
1710 2507 1851 2545 parum

286 2553 439 2592 faciant
463 2553 514 2592 ad
538 2555 873 2606 probabilitatem,
898 2559 939 2595 et
962 2559 1097 2596 tamen
1122 2557 1239 2595 nimis
1265 2568 1382 2605 saepe
1407 2568 1455 2593 ne
1481 2555 1671 2593 orationis
1692 2553 1851 2604 quidem

285 2612 435 2652 formae
467 2614 715 2654 satisfactum
747 2618 816 2655 est.
854 2616 1054 2655 Nimirum
1084 2617 1251 2666 peccant
1280 2614 1356 2653 viri
1387 2613 1493 2653 docti
1523 2613 1629 2652 idem
1667 2613 1773 2663 quod
1809 2614 1852 2651 in

404 2726 437 2772 *)
462 2725 518 2760 Ex
544 2725 692 2762 Ottonis
722 2727 877 2763 Sieroka
907 2728 1037 2764 libello
1069 2729 1112 2764 de
1143 2729 1345 2764 Euhemero
1378 2725 1605 2772 (Regimonti
1633 2727 1755 2771 1869),
1788 2725 1853 2770 qui

288 2773 407 2809 multa
432 2773 678 2819 probabiliter
703 2774 750 2809 de
769 2775 977 2811 Euhemero
1003 2776 1042 2811 et
1060 2775 1172 2810 Ennii
1191 2775 1397 2810 Euhemero
1423 2773 1595 2818 exposuit
1614 2775 1652 2808 et
1670 2773 1853 2818 imprimis

290 2820 472 2856 Krahneri
491 2832 646 2866 pravam
665 2821 711 2855 de
730 2821 974 2866 reliquiarum
993 2823 1247 2858 Ennianarum
1266 2821 1409 2867 origine
1429 2820 1642 2866 opinionem
1662 2821 1778 2865 probe
1796 2831 1853 2854 re-

289 2868 437 2912 futavit,
462 2868 532 2903 hoc
558 2879 704 2913 quoque
730 2868 847 2904 didici
868 2871 916 2915 (p.
938 2872 996 2915 23)
1022 2870 1137 2905 fuisse
1156 2870 1221 2914 qui
1240 2881 1314 2905 non
1334 2869 1575 2904 Euhemerum
1592 2873 1735 2913 poetam
1753 2867 1854 2912 apud

291 2914 535 2951 Columellam
561 2916 627 2952 sed
652 2917 824 2953 Euenum
842 2921 989 2962 poetam
1014 2917 1250 2953 scribendum
1275 2927 1356 2952 esse
1381 2916 1590 2952 coniiceret.
