2054 3282
326 177 383 219 22
888 171 1146 208 ANNALIUM
1170 172 1257 207 LIB.
1277 171 1312 207 Π

1080 288 1132 324 VI

331 366 413 408 127
699 363 923 419 «quianam
955 363 1147 420 legiones
1177 362 1393 406 caedimus
1423 364 1535 406 ferro

1074 478 1142 514 VH

330 554 413 596 128
445 553 505 595 Et
535 553 663 596 simul
694 553 857 609 effugit,
890 567 1032 607 speres
1064 553 1126 594 ita
1155 552 1349 595 funditus
1380 555 1547 595 nostras

1066 668 1151 704 VH]

333 743 416 785 129
448 742 532 785 Hic
564 756 736 786 occasus
769 743 892 785 datus
924 739 1020 785 est?
1038 745 1082 784 at
1113 740 1285 785 Oratius
1317 742 1503 785 inclutus
1536 742 1649 785 saltu

1085 859 1135 893 IX

334 931 418 974 130
450 912 556 984 «Qui
587 932 699 974 ferro
731 931 929 974 minitere
961 934 1088 987 atque
1119 931 1164 974 in
1194 934 1237 974 te
1267 931 1471 988 ningulus

1096 1048 1129 1082 X

334 1121 414 1164 131
449 1120 509 1163 At
539 1136 642 1174 sese,
674 1135 768 1163 sum
800 1135 908 1176 quae
940 1120 1112 1162 dederat
1142 1119 1188 1162 in
1218 1119 1395 1162 luminis
1428 1134 1522 1163 oras

331 1291 397 1324 pro
427 1292 452 1325 g
479 1280 645 1314 uteretur
673 1281 711 1314 et
738 1279 1051 1314 transmutatione
1080 1290 1163 1313 cum
1191 1290 1209 1313 r
1236 1279 1484 1324 praeponeret
1514 1279 1760 1314 antecedenti.
1788 1281 1828 1315 at
1857 1280 1896 1315 in

332 1333 463 1367 eadem
481 1333 563 1367 vitii
583 1332 835 1378 geminatione
855 1333 942 1367 etieo
960 1332 1134 1375 fufetioeo
1146 1332 1213 1378 (ita
1223 1332 1329 1368 Bern.
1344 1332 1562 1367 mettioeo
1589 1333 1632 1367 et
1656 1332 1895 1376 furetioeo‚

333 1386 396 1421 sed
417 1396 494 1420 oeo
516 1387 575 1428 et,
596 1387 680 1428 ret,
703 1396 750 1420 eo
772 1396 792 1420 e
812 1396 913 1428 corr„
929 1385 1069 1430 Ambr.)
1084 1385 1210 1420 dicens
1228 1385 1369 1420 Ennius
1388 1385 1535 1430 poetico
1555 1386 1635 1421 iure
1655 1385 1894 1421 defenditur.’

450 1438 500 1473 VI
520 1440 616 1484 (127)
667 1438 813 1473 Servius
839 1438 879 1473 in
898 1438 987 1473 Aen.
1009 1452 1032 1473 x
1053 1443 1073 1473 6
1096 1439 1295 1483 ‘quianam
1321 1450 1385 1474 cur
1410 1450 1534 1484 quare.
1562 1439 1753 1474 Ennianus
1779 1451 1897 1476 sermo

334 1494 390 1527 est
406 1492 607 1537 «quianam
629 1520 634 1526 .
653 1521 658 1526 .
676 1521 681 1526 .
703 1491 850 1528 ferro».'
879 1492 991 1527 verba
1010 1492 1122 1527 Ennii
1142 1493 1301 1527 servavit
1320 1492 1548 1528 Danielinus.
1625 1492 1676 1528 Cf.
1699 1496 1777 1528 259.

451 1545 519 1580 VII
538 1546 634 1591 (128)
681 1545 812 1580 Festus
831 1557 866 1590 p.
888 1549 968 1588 492,
985 1550 1005 1580 6
1025 1546 1090 1580 Th.
1116 1547 1260 1591 'speres
1281 1546 1427 1591 antiqui
1446 1546 1642 1591 pluraliter
1662 1546 1838 1582 dicebant
1856 1549 1899 1582 ut

336 1599 477 1634 Ennius
497 1599 520 1633 l.
542 1612 570 1633 11
590 1600 652 1635 «et
671 1598 782 1633 simul
803 1627 808 1632 .
827 1627 832 1632 .
850 1627 856 1632 .
877 1600 1045 1634 nostras»
1067 1600 1104 1634 et
1122 1599 1145 1633 l.
1167 1612 1228 1634 xv1
1249 1599 1368 1645 [xxx].’

452 1652 537 1687 VIH
562 1654 657 1698 (129)
714 1652 844 1687 Festus
863 1664 898 1697 p.
920 1655 997 1695 194,
1015 1656 1059 1686 14
1073 1652 1138 1687 Th.
1163 1653 1335 1688 ‘occasus
1361 1652 1556 1687 interitus.
1574 1681 1579 1687 .
1598 1681 1603 1687 .
1619 1664 1692 1697 quo
1718 1653 1897 1689 vocabulo

335 1706 475 1740 Ennius
494 1717 561 1751 pro
582 1705 776 1741 occasione
796 1706 853 1740 est
871 1717 959 1740 usus
979 1705 1018 1740 in
1037 1705 1060 1740 l.
1082 1719 1110 1740 11
1131 1706 1215 1742 «hic
1235 1734 1240 1740 .
1259 1734 1264 1740 .
1283 1734 1288 1740 .
1311 1705 1443 1741 saltu».
1471 1706 1561 1740 item
1586 1706 1625 1740 in
1644 1705 1667 1740 1.
1689 1719 1711 1741 ν
1733 1707 1786 1752 [1].
1808 1707 1899 1742 item

337 1759 376 1793 in
394 1759 418 1794 l.
440 1772 505 1793 V111
527 1759 631 1805 [xx]’

453 1812 504 1846 IX
525 1813 620 1857 (130)
659 1812 790 1847 Festus
810 1824 845 1857 p.
863 1815 940 1855 188,
957 1815 1001 1846 30
1015 1811 1081 1846 Th.
1100 1812 1296 1857 ‘ningulus
1310 1812 1444 1855 nullus,
1459 1813 1502 1847 ut
1520 1812 1661 1848 Ennius
1680 1813 1746 1848 l.11
1766 1814 1854 1858 «qui
1873 1814 1898 1848 f.

335 1878 382 1900 m.
405 1867 517 1909 atque
542 1865 621 1900 inte
646 1865 818 1900 ninculus
846 1865 987 1901 mederi
1007 1866 1170 1909 queat».’
1198 1865 1360 1900 Enniani
1386 1877 1511 1901 versus
1536 1866 1760 1911 particulam
1785 1867 1899 1902 inter-

336 1919 424 1954 iisse
436 1919 563 1964 prodit
572 1918 680 1954 Pauli
691 1918 817 1965 glossa
832 1919 843 1936 ‘
852 1919 1029 1965 ningulus
1043 1918 1176 1954 nullus.
1192 1918 1354 1954 Marcius
1367 1920 1470 1954 vates
1485 1930 1556 1955 «ne
1569 1919 1745 1965 ningulus
1759 1920 1900 1955 mederi

338 1973 500 2016 queat».’

454 2025 488 2060 X
508 2026 603 2071 (131)
653 2025 783 2060 Festus
802 2038 837 2070 p.
854 2030 933 2068 426,
949 2031 970 2061 4
991 2025 1056 2060 Th.
1081 2026 1183 2060 ‘sum
1201 2037 1268 2071 pro
1289 2036 1373 2061 eum
1392 2037 1480 2061 usus
1500 2028 1557 2061 est
1582 2026 1686 2061 enjus
1712 2026 1735 2061 l.
1751 2039 1763 2060 1
1783 2027 1898 2073 [xmx]

339 2080 377 2115 et
394 2079 417 2113 1.
439 2092 465 2113 11
487 2080 550 2115 «at
569 2089 608 2114 se
629 2089 667 2114 se
689 2108 694 2113 .
712 2108 738 2113 ..
761 2080 895 2115 oras».'

342 2253 396 2289 est
419 2251 681 2298 discrepantia
706 2253 830 2289 tenuis
850 2252 1058 2290 admodum
1078 2251 1130 2289 ad
1147 2251 1248 2289 hanc
1265 2251 1433 2298 formam
1451 2252 1551 2289 redit
1568 2248 1668 2289 etieo
1689 2251 1900 2298 fufetioeo‚·

343 2312 375 2348 et
401 2310 493 2347 haec
524 2311 868 2358 quomodocumque
895 2312 938 2348 in
970 2322 1085 2348 versu
1108 2311 1241 2358 posita
1264 2313 1431 2358 possunt
1462 2311 1586 2348 videri
1618 2322 1662 2348 ex
1692 2310 1902 2349 Homerica

341 2369 552 2407 imitatione
578 2380 768 2417 expressa,
796 2368 976 2421 μεγάλοιο
1002 2367 1172 2421 Κρόνοιο
1182 2379 1196 2416 ,·
1217 2368 1336 2420 ἱεροῖο
1363 2367 1518 2419 ὃόμοιος
1544 2367 1703 2420 ἀνέμοιο
1735 2367 1901 2416 δυσαέος

342 2424 584 2480 ὀρνυμένοιο.
606 2440 722 2475 quam
746 2440 834 2467 vero
862 2429 980 2467 eand
988 2440 1050 2467 em
1075 2430 1158 2467 vitii
1180 2429 1474 2477 geminationem
1495 2427 1761 2476 Quintilianus
1786 2429 1900 2473 dicat,

343 2499 460 2535 quam
484 2488 695 2535 praecipue
725 2499 955 2536 recuperare
986 2491 1020 2526 et
1036 2489 1092 2526 'in
1122 2499 1200 2526 uno
1231 2488 1384 2535 quidem
1413 2488 1567 2525 nomine
1597 2498 1787 2535 quaerens
1811 2488 1902 2526 olim

344 2546 484 2584 Mettoi
515 2545 701 2584 Fubettoi
728 2558 940 2594 posueram
974 2548 1027 2585 acl
1057 2547 1269 2594 exemplum
1302 2547 1424 2585 dativi
1457 2546 1620 2596 populoi
1655 2545 1851 2584 Romanoi
1876 2559 1902 2585 a

345 2605 480 2642 Mario
502 2605 692 2642 Victorino
713 2600 780 2657 (G.
795 2605 843 2643 L.
858 2606 907 2643 K.
926 2618 967 2644 v1
986 2618 1027 2654 p.
1045 2615 1107 2654 17,
1123 2600 1195 2658 20)
1220 2607 1431 2650 memorati,
1457 2616 1525 2643 nec
1550 2605 1809 2643 Buechelerus
1833 2617 1903 2644 nec

346 2664 577 2702 Ritschelius
595 2664 814 2702 docuerunt.
835 2663 931 2703 Alia
948 2677 1017 2703 nee
1033 2665 1127 2703 mihi
1139 2665 1365 2713 probabilia
1382 2675 1508 2712 nuper
1528 2665 1698 2711 exposita
1718 2677 1742 2702 a
1755 2663 1902 2703 Schoel-

347 2724 396 2761 lio
417 2724 459 2760 in
476 2734 574 2761 mus.
594 2722 714 2760 Rhen.
730 2735 782 2759 xn
801 2735 843 2771 p.
857 2731 941 2769 320
961 2736 1014 2771 sq.
1134 2724 1216 2762 128
1243 2723 1438 2762 Distinxi:
1456 2724 1644 2761 sententia
1664 2724 1776 2768 enim,
1790 2726 1902 2771 puto,

345 2783 438 2820 haec
457 2784 511 2820 est
529 2783 569 2820 et
588 2782 704 2820 simul
725 2781 862 2831 effugit
875 2775 990 2834 (Aen.
1006 2795 1032 2821 v
1053 2793 1066 2818 1
1078 2777 1165 2835 51),
1182 2795 1312 2832 speres
1331 2783 1390 2820 ita
1408 2782 1587 2820 funditus
1607 2783 1762 2820 nostras
1783 2782 1903 2821 Ever-

347 2843 434 2879 tens
557 2841 636 2879 131
666 2840 728 2878 Ad
754 2853 836 2879 sese
855 2843 1059 2892 putarunt,
1081 2853 1144 2890 690
1170 2843 1380 2889 aliquando
1399 2841 1475 2879 Ast
1499 2854 1519 2879 e
1539 2853 1601 2887 se;
1626 2842 1693 2879 sed
1719 2844 1802 2879 erat
1824 2842 1903 2888 for-

348 2903 449 2939 tasse
466 2900 523 2938 At
542 2912 638 2949 sese,
656 2912 743 2939 sum
764 2912 864 2949 quae
884 2900 1045 2938 dederat
1067 2901 1110 2938 in
1132 2901 1292 2939 luminis
1313 2913 1413 2950 oras,
1432 2899 1588 2939 Obtulit
1610 2901 1664 2939 cel
1682 2900 1904 2939 Prostravit
