2054 3282
681 151 941 188 AN'NALIUM
966 152 1052 187 LIB.
1073 151 1162 187 INC.
1639 150 1696 191 95

875 270 956 305 LIII

132 338 219 381 523
851 337 990 393 rigido

875 440 956 476 LIV

133 503 222 546 524
252 502 356 545 Inde
387 502 545 544 Parum
1236 501 1412 543 ulabant

878 593 942 628 LV

132 655 219 698 525
251 655 406 700 Surum
430 670 562 698 unum
586 668 695 698 unus
719 655 840 711 ferre,
868 657 1011 696 tamen
1037 653 1259 696 defendere
1285 656 1461 708 possent

873 759 900 793 L

133 821 220 864 526
251 822 457 875 Eripuere
479 824 624 875 patres
648 821 793 875 pueris
815 758 1079 874 Ρῑονῗφιύὶὂιιε
1111 820 1239 872 offam

133 949 223 986 luda
247 949 415 995 virago».
436 949 618 984 tartarino
644 949 787 984 dietum
807 959 829 983 a
848 949 990 983 tartaro
1006 976 1011 982 .
1029 975 1035 981 .
1053 975 1059 981 .
1080 946 1222 992 paluda
1242 958 1264 981 a
1282 946 1578 992 paludamentis3
1603 947 1696 982 haee

132 1003 298 1048 insignia
324 1004 436 1047 atque
463 1003 681 1037 ornamenta
705 1001 912 1036 militaria.’
1019 999 1071 1035 Cf.
1087 1000 1217 1035 Festus
1238 1011 1282 1035 ex
1303 1011 1428 1045 apogr.
1444 1000 1467 1034 l.
1483 1013 1545 1034 xxx
1563 1013 1599 1045 p.
1615 1003 1694 1042 546,

134 1059 154 1091 2
169 1055 234 1090 Th.
253 1055 454 1091 ‘tartarino
475 1067 558 1090 eum
578 1055 674 1090 dixit
687 1055 839 1098 Ennius,
859 1054 1043 1090 honendo
1064 1054 1102 1088 et
1119 1053 1280 1088 terribili
1294 1053 1445 1088 Verrius
1464 1053 1544 1089 vult
1564 1053 1694 1098 accipi,

133 1120 156 1144 a
173 1110 325 1152 tartaro,
348 1109 413 1154 qui
438 1108 541 1144 loeus
567 1110 624 1144 est
649 1108 750 1154 apud
774 1107 939 1143 inferos.'
962 1107 1101 1142 Paulus
1123 1106 1326 1142 ‘tartarino
1350 1106 1534 1142 horrendo
1560 1107 1598 1141 et
1622 1108 1696 1142 ter-

132 1162 261 1198 ribili.’

250 1215 341 1250 LIII.
357 1215 446 1251 LIV.
461 1215 524 1250 LV
537 1217 631 1261 (523.
648 1218 726 1249 524.
742 1215 824 1261 525)
838 1214 968 1249 Festus
982 1226 1017 1259 p.
1030 1216 1112 1258 400,
1124 1216 1167 1247 28
1182 1213 1248 1247 Th.
1267 1213 1409 1259 ‘rigido
1423 1213 1427 1260 Ι
1443 1235 1486 1239 -
1500 1234 1541 1238 -—
1554 1212 1696 1248 Ennius

131 1269 275 1304 locatus
295 1269 494 1315 (iocatus
521 1270 625 1314 corr.)
645 1268 809 1315 videtur!
827 1289 869 1293 —
886 1289 929 1293 -
944 1267 1010 1313 <l)i.
1032 1268 1089 1302 est
1113 1267 1213 1301 enim
1233 1277 1254 1301 a
1273 1267 1394 1301 manis
1414 1266 1570 1312 (maris
1590 1268 1695 1311 corr.)

131 1334 179 1357 no
196 1323 200 1370 Ι
218 1343 261 1348 -
276 1343 320 1348 ——
334 1333 373 1357 re
392 1334 480 1356 usus
500 1323 565 1364 est,
581 1323 619 1356 et
637 1321 659 1356 1.
675 1335 702 1355 11
716 1323 804 1367 (xm)
820 1322 824 1368 Ι
843 1342 886 1346 -—
901 1342 944 1346 ο-
959 1320 973 1354 i
993 1319 1142 1355 caerula
1162 1321 1310 1365 prata»=
1327 1320 1409 1367 cae}
1428 1341 1471 1345 —
1486 1340 1530 1345 ——
1545 1320 1582 1354 et
1603 1319 1695 1353 alibi

133 1375 243 1411 «inde
256 1375 405 1423 Parum}
420 1397 464 1400 —
479 1397 523 1401 —
532 1374 750 1420 <t)1labant»‚
765 1374 901 1408 Parum
914 1373 1075 1408 insulam
1085 1373 1089 1420 1
1099 1372 1222 1407 refert.
1237 1373 1328 1407 item
1342 1377 1444 1409 «ima
1457 1377 1574 1408 usuri}
1587 1384 1697 1408 surus

131 1429 226 1472 ferre
247 1457 252 1463 .
277 1457 282 1462 .
299 1432 485 1473 possunt».
508 1428 584 1462 suri
610 1429 735 1462 autem
761 1428 848 1461 sunt
872 1428 990 1461 rustes
1018 1426 1182 1472 (fustes
1209 1428 1314 1472 corr.)
1340 1427 1378 1461 et
1402 1426 1695 1471 hypocoristicos

133 1481 296 1516 sureuli.'
395 1481 532 1516 Paulus
552 1494 586 1526 p.
603 1484 682 1523 425,
700 1485 716 1514 1
733 1480 799 1514 Th.
817 1481 828 1497 ‘
838 1492 963 1514 surum
977 1479 1162 1523 dicebant,
1178 1490 1222 1514 ex
1236 1490 1308 1525 quo
1322 1490 1390 1524 per
1404 1479 1695 1515 deminutionem

132 1534 175 1569 fit
200 1534 376 1569 surculus.
397 1534 539 1569 Ennius
559 1545 685 1570 «unus
709 1545 819 1569 surus
843 1545 971 1569 surum
990 1533 1100 1576 ferret
1121 1561 1126 1567 .
1150 1562 1156 1567 .
1173 1537 1320 1577 possent
1328 1534 1375 1569 ».’
1397 1533 1527 1567 Festus
1550 1533 1696 1567 ‘surum

133 1588 310 1623 dicebant
334 1599 378 1622 ex
404 1590 505 1634 qu(o)
520 1610 563 1613 —
579 1609 622 1614 —
640 1587 644 1635 Ι
662 1609 705 1613 —
721 1609 764 1612 —
779 1598 822 1621 su
842 1588 898 1621 est
916 1586 1007 1631 plau
1023 1585 1027 1633 Ι
1045 1607 1089 1612 -—
1104 1608 1147 1612 —
1162 1597 1236 1621 non
1257 1587 1313 1621 est
1331 1586 1436 1622 tibi».
1455 1586 1459 1634 Ι
1477 1607 1519 1611 -
1537 1607 1579 1611 -
1594 1587 1695 1632 (11)]11,

132 1642 238 1676 item:
262 1652 350 1676 nam
371 1641 452 1688 qui}
471 1662 513 1666 —
530 1662 573 1666 —
589 1652 651 1675 eus
672 1639 828 1674 surculis
845 1640 849 1687 Ι
866 1661 910 1665 —
926 1661 969 1665 —
985 1641 1103 1685 (ru)m.
1125 1640 1205 1673 tum
1223 1638 1302 1684 poli
1319 1638 1323 1685 Ι
1341 1660 1384 1664 -—
1401 1660 1444 1664 -
1460 1640 1526 1674 aut
1545 1639 1672 1673 asulae
1688 1639 1692 1686 Ι

133 1716 175 1720 -
192 1716 235 1721 —-
249 1706 314 1730 rus
326 1705 453 1730 surum
466 1694 469 1741 Ι
485 1716 528 1719 —
545 1715 587 1719 —
602 1704 641 1728 re
650 1694 846 1738 possent»)
930 1693 972 1727 In
984 1692 1105 1738 primo
1119 1692 1332 1728 testimonio
1346 1692 1458 1735 Festi,
1474 1692 1574 1737 quod
1588 1694 1696 1737 quat-

131 1750 216 1782 tuor
240 1748 356 1783 habet
380 1758 504 1782 versus
524 1747 725 1791 Ennianos,
746 1746 871 1782 omnia
896 1746 1062 1789 obseura,
1084 1747 1122 1781 et
1142 1756 1254 1791 quam
1279 1745 1392 1780 istam
1417 1745 1696 1780 iocationem

133 1801 236 1836 dieat
255 1801 377 1845 Ennii,
398 1802 436 1835 et
455 1801 638 1845 quomodo
659 1811 808 1835 exorsus
829 1811 851 1835 a
870 1799 1022 1845 rigido
1049 1800 1087 1834 et
1112 1799 1161 1834 ad
1187 1798 1372 1834 caerula
1398 1799 1436 1833 et
1460 1809 1587 1834 suros
1611 1810 1695 1844 pro-

131 1854 250 1889 fectus
269 1854 362 1889 haee
382 1854 506 1889 omnia
525 1864 599 1888 uno
619 1853 784 1898 capitulo
805 1852 1143 1898 comprehenderit:
1164 1852 1293 1897 itaque
1313 1851 1573 1897 supplementa
1594 1852 1696 1887 facta

131 1907 239 1942 irrita
258 1908 353 1942 sunt.
369 1906 423 1942 De
442 1907 594 1952 rigido
615 1906 659 1941 ef.
675 1907 771 1942 Fest.
783 1918 818 1951 p.
833 1909 911 1950 384,
925 1910 944 1940 2
959 1905 1025 1940 Th.
1039 1907 1077 1941 et
1094 1905 1185 1941 ibid.
1197 1905 1301 1940 Paul.
1318 1905 1487 1940 Ceterum
1506 1905 1577 1940 hoe
1595 1905 1695 1950 frag-

131 1962 297 1995 mentum
321 1960 440 2006 primo
459 1960 556 1995 libro
577 1960 740 1994 adscribi
758 1960 908 2004 poterat
927 1970 972 1994 ex
991 1959 1120 1994 ordine
1141 1969 1251 2004 quem
1270 1959 1400 1993 Festus
1421 1958 1515 1992 solet
1538 1968 1692 1993 servare.

250 2013 331 2048 LVI
356 2015 452 2059 (526)
496 2013 640 2047 Plinius
662 2014 738 2047 nat.
754 2013 840 2048 hist.
855 2025 946 2048 xvm
964 2015 1010 2047 84
1032 2012 1167 2057 ‘pulte‚
1188 2022 1263 2046 non
1288 2022 1396 2056 pane,
1424 2011 1557 2045 vixisse
1582 2011 1694 2056 longo

131 2068 298 2111 tempore
323 2066 510 2101 Romanos
534 2065 785 2108 manifestum,
800 2065 978 2109 quoniam
992 2067 1030 2099 et
1042 2064 1294 2110 pulmentaria
1313 2064 1499 2108 hodieque
1519 2064 1695 2098 dicuntur

133 2121 170 2154 et
182 2119 323 2153 Ennius
344 2118 625 2163 antiquissimus
644 2119 746 2153 vates
767 2118 972 2152 obsidionis
991 2117 1128 2152 famem
1143 2117 1351 2162 exprimens
1366 2116 1501 2153 «offam
1516 2116 1694 2162 eripuisse

131 2171 366 2217 plorantibus
386 2172 510 2207 liberis
528 2172 677 2216 patres»
699 2171 988 2205 commemorat.'

253 2343 335 2381 525
367 2342 508 2381 Surum
537 2355 659 2379 unum
687 2354 787 2380 unus
815 2342 915 2380 ferre
935 2342 1040 2389 effeci
1065 2353 1109 2379 ex
1133 2342 1278 2391 duplici
1306 2343 1492 2380 memoria
1516 2353 1616 2390 quae
1641 2344 1696 2380 est

132 2415 254 2440 unum
279 2414 413 2440 surum
439 2413 551 2440 surus
577 2402 603 2438 f.
624 2403 694 2439 aut
716 2413 817 2439 unus
843 2412 955 2439 surus
981 2412 1115 2439 surum
1140 2401 1167 2438 f.
1186 2402 1373 2439 sententia
1391 2402 1447 2439 sic
1464 2402 1641 2449 suppleta
1661 2403 1695 2439 si

132 2462 279 2500 vellent
298 2473 430 2499 omnes
449 2461 639 2510 puerique
660 2471 845 2509 senesque
860 2460 1003 2498 Surum
1022 2473 1144 2497 unum
1162 2472 1263 2498 unus
1282 2460 1394 2509 ferre,
1410 2461 1543 2498 tamen
1562 2460 1694 2499 defen-

132 2520 222 2559 dere
246 2521 418 2569 possent,
439 2521 485 2558 de
496 2521 605 2567 palis
625 2514 691 2572 (cf.
706 2521 777 2557 inc.
796 2528 848 2566 35
865 2530 909 2557 ex
922 2519 1045 2557 Paulo
1058 2531 1100 2567 p.
1116 2528 1247 2568 41,23
1259 2519 1329 2557 Th.
1350 2519 1567 2558 erebrisuro
1589 2520 1693 2569 apud

131 2580 305 2619 Ennium
331 2579 530 2630 signifieat
547 2578 698 2617 vallum
724 2578 867 2616 crebris
894 2579 993 2616 suris
1019 2578 1060 2615 id
1080 2579 1139 2616 est
1156 2578 1259 2628 palis
1278 2573 1495 2632 munitum)
1515 2580 1595 2617 sive
1613 2580 1693 2617 val-

132 2638 181 2676 iis
204 2640 477 2686 interpretatus
502 2649 597 2686 quos
620 2638 759 2675 milites
777 2637 949 2675 Romani
975 2637 1077 2684 ferre
1102 2638 1297 2682 debebant,
1316 2640 1361 2676 ut
1377 2638 1520 2675 Livius
1543 2638 1695 2684 exponit

132 2709 261 2750 xgxm
284 2705 320 2746 5,
335 2707 361 2744 4
380 2708 457 2745 sqq.
479 2696 601 2735 Surus
626 2697 661 2734 si
678 2697 854 2744 primam
874 2697 1022 2734 brevem
1046 2697 1190 2741 habuit,
1212 2697 1312 2744 quod
1330 2696 1591 2734 Stowasserus
1615 2698 1693 2734 sta-

133 2757 214 2801 tuit,
227 2758 382 2804 poterat
401 2768 480 2795 esse
498 2755 600 2793 Unu’
615 2767 749 2793 surum
769 2768 891 2792 unum
910 2755 1010 2793 ferre
1126 2756 1209 2794 526
1231 2755 1511 2794 Hexametrum
1529 2756 1696 2793 restituit

132 2814 326 2863 Bergkius
346 2810 449 2868 (opp.
470 2827 484 2852 1
503 2827 544 2863 p.
564 2812 644 2862 258
665 2809 737 2867 w),
757 2815 799 2853 id
818 2815 918 2861 quod
935 2826 1014 2853 non
1031 2826 1109 2852 uno
1129 2815 1239 2854 modo
1260 2815 1412 2852 licebat:
1432 2814 1478 2861 cf.
1496 2814 1526 2850 I
1526 2814 1694 2862 lberyius

138 2876 283 2912 exercit.
299 2875 378 2913 crit.
391 2886 433 2922 p.
451 2871 474 2910 8
