2004 3278
425 168 592 203 VARIA:
620 167 779 204 SCIPIO.
820 167 952 204 SOTA.
990 168 1401 204 HEDYPHAGETICA
1540 167 1699 204 CCXVII

136 284 222 320 tum
247 282 368 320 fuisse
397 282 514 332 longe
545 282 636 331 post
661 280 857 331 Scipionis
890 281 1042 320 obitum
1074 280 1240 331 coeptis3
1271 282 1439 331 denique
1458 294 1488 320 Π
1513 285 1699 330 quantam

135 344 306 380 statuam
330 342 446 389 faciet
462 341 636 388 populus
661 340 865 379 Romcmus
885 353 965 390 eqs,
996 341 1101 390 quod
1127 340 1254 379 simile
1287 343 1346 380 est
1377 341 1579 379 exordium
1611 343 1649 379 ei
1674 354 1698 380 a

139 413 216 450 quo
242 400 432 438 Horatius
463 399 570 437 haud
596 399 746 449 dispari
772 401 975 438 occasione
1000 412 1030 438 c.
1051 413 1093 439 1v
1115 401 1167 438 14
1196 413 1352 439 exorsus
1379 402 1438 439 est
1464 400 1570 449 Quae
1601 414 1697 440 cura

129 463 293 507 patrum
306 471 448 507 quaeve
463 459 674 508 Quiritium
687 459 817 507 plenis
835 460 1024 497 honorum
1036 460 1261 497 muneribus
1276 473 1354 508 eqs.
1375 460 1579 498 Postremo
1595 461 1699 509 quod

138 519 288 557 Ennius
308 518 475 556 Aeliano
502 519 602 556 teste
628 518 733 567 apud
754 517 918 556 Suidam
937 512 990 571 (1)
1015 519 1142 557 fassus
1170 520 1228 557 est
1254 518 1478 568 Scipionem
1499 519 1566 568 qui
1587 533 1698 558 cane-

137 580 196 616 ret
221 591 299 616 non
325 577 488 628 dignum
515 590 597 616 esse
622 578 699 616 nisi
717 577 933 615 Homerum
959 590 1084 627 paene
1109 577 1204 627 ipsis
1225 578 1353 616 verbis
1372 578 1591 616 testimonii
1611 592 1698 628 pro-

137 637 246 675 ditur
271 637 321 675 ad
346 638 419 675 hoc
445 650 602 675 carmen
624 636 817 685 Scipionis
843 636 953 675 laudi
979 636 1153 674 dicatum
1179 638 1429 686 pertinuisse,
1455 651 1582 686 neque
1603 638 1699 676 alibi

137 697 267 746 aptius
293 698 422 734 locum
448 697 622 735 nancisci
647 695 788 745 potuit.
815 695 948 745 Atque
974 696 1047 734 hoc
1072 695 1198 746 igitur
1223 709 1379 734 carmen
1401 698 1470 744 est,
1498 697 1602 746 quod
1620 711 1699 736 non

136 757 254 807 longo
274 757 482 793 interiecto
502 757 678 804 tempore
701 757 793 804 post
810 755 983 793 reditum
1002 755 1183 793 Africani
1203 769 1248 793 ex
1268 755 1406 793 Africa
1426 757 1628 805 scriptum,
1655 759 1699 794 ut

137 816 235 854 alibi
260 815 353 863 dixi,
379 815 548 853 Horatio
573 816 615 852 in
635 816 764 852 mente
784 815 863 852 fuit
882 827 971 852 cum
991 809 1040 866 (c.
1061 827 1103 853 1v
1124 809 1168 867 8)
1189 815 1363 853 Pierides
1385 815 1576 854 Calabras
1597 816 1698 854 dice-

136 876 197 913 ret
221 875 356 913 laudes
382 876 464 913 eius
489 875 556 922 qui
581 874 726 913 domita
743 885 882 913 nomen
907 875 955 912 ab
981 873 1125 923 Africa
1156 875 1329 913 lucratus
1360 875 1535 913 rediisset
1565 876 1700 914 claris-

134 936 230 973 sime
254 934 457 972 indicasse.

256 992 481 1043 Scipionem
500 994 848 1044 epigrammata
867 993 1069 1042 excipiunt
1089 995 1288 1042 quattuor,
1308 994 1378 1031 uni
1399 992 1578 1032 Ciceroni
1599 1007 1699 1043 quae

137 1054 298 1102 accepta
322 1053 504 1091 feruntur
530 1047 597 1105 (cf.
618 1066 653 1102 p.
674 1047 778 1104 11111),
809 1054 888 1090 tria
913 1053 1080 1103 singulis
1107 1052 1299 1101 distichis,
1335 1054 1516 1101 quartum
1549 1053 1699 1091 duobus

137 1113 366 1162 composita,
392 1125 560 1162 quorum
586 1112 662 1150 duo
687 1112 822 1162 priora
847 1114 978 1161 ipsum
998 1112 1183 1161 Ennium,
1208 1113 1429 1161 posteriora
1452 1112 1528 1150 duo
1550 1112 1700 1162 Scipio—

136 1185 224 1209 nem
249 1171 483 1210 Africanum
507 1172 750 1221 praedicant,
782 1173 842 1210 ita
868 1171 1025 1220 quidem
1050 1173 1096 1209 ut
1120 1173 1293 1221 primum
1322 1174 1361 1209 et
1391 1173 1567 1220 tertium,
1601 1185 1700 1221 quae

136 1232 341 1269 verissima
367 1233 427 1269 est
452 1232 748 1282 epigrammatis
775 1233 929 1280 natura,
964 1233 1033 1269 aut
1057 1232 1250 1280 inscripta
1276 1231 1425 1269 fuerint
1454 1231 1599 1269 alicubi
1632 1234 1701 1269 aut

135 1290 297 1329 inscribi
322 1292 536 1340 potuerint.
565 1290 629 1328 Sic
649 1291 799 1329 Ennius
825 1291 953 1339 primo
979 1291 1146 1341 imagini
1171 1303 1263 1329 suae
1291 1290 1396 1339 quod
1420 1290 1700 1329 inscriberetur

135 1351 358 1399 proposuit3
383 1351 487 1388 idem
514 1351 638 1388 altero
665 1350 740 1388 sibi
766 1352 921 1388 mortuo
949 1362 1049 1399 quae
1074 1349 1159 1388 fieri
1181 1350 1306 1387 nollet
1325 1351 1573 1388 aeternitatis
1594 1362 1699 1388 secu-

135 1422 201 1447 rus
227 1411 437 1458 praecepit.
472 1410 529 1447 De
557 1410 739 1458 Scipione
765 1410 933 1447 alterum
959 1410 1176 1458 sepulcrale
1209 1410 1268 1447 est
1293 1410 1336 1446 h:
1351 1422 1381 1447 e.
1409 1410 1587 1458 sepulcro
1616 1409 1698 1447 Sci-

136 1469 266 1517 pionis
294 1469 398 1517 quod
423 1469 658 1518 inscriptum
683 1470 753 1506 aut
778 1468 1068 1507 inscribendum
1094 1469 1231 1515 fuerit3
1266 1469 1447 1516 alterum,
1478 1481 1554 1517 quo
1581 1471 1699 1518 poeta

136 1527 370 1566 Africanum
395 1527 525 1577 ipsum
551 1540 622 1566 sua
646 1527 789 1566 merita
814 1528 1066 1566 extollentem
1092 1528 1199 1576 facit,
1226 1529 1267 1565 in
1288 1529 1484 1566 sententia
1504 1541 1582 1566 non
1602 1529 1700 1566 mul-

136 1588 223 1624 tum
249 1587 372 1625 distat
398 1587 446 1625 ab
472 1588 554 1635 illo,
580 1589 625 1625 ut
650 1588 683 1624 si
708 1588 814 1626 recte
838 1588 1010 1625 mentem
1036 1599 1222 1636 assequor
1247 1589 1286 1625 et
1310 1588 1441 1636 ipsum
1460 1588 1502 1625 in
1522 1588 1700 1636 sepulcro

135 1647 265 1684 locum
285 1646 426 1684 habere
447 1647 633 1696 potuerit.
655 1645 768 1684 Certe
783 1646 1002 1695 Scipioni
1020 1647 1094 1684 hoc
1110 1648 1281 1685 inserere
1295 1647 1396 1684 velle
1411 1646 1589 1695 ineptum
1603 1648 1699 1685 erat.

136 1706 244 1744 Haec
263 1707 379 1743 unica
398 1706 518 1744 fuisse
541 1707 830 1756 epigrammata
850 1707 922 1743 aut
940 1707 1036 1744 haec
1056 1719 1142 1744 cum
1165 1706 1253 1745 aliis
1274 1700 1540 1744 continentem
1555 1706 1700 1744 librum

138 1766 470 1816 epigrammatum
490 1766 611 1803 Ennii
636 1766 832 1804 exstitisse
858 1767 944 1814 quis
970 1766 1044 1804 hoc
1070 1766 1139 1803 aut
1164 1766 1326 1816 negabit
1351 1767 1421 1803 aut
1446 1765 1670 1804 affirmabit.

256 1824 416 1863 Sotam
437 1825 610 1862 Ennium
636 1825 836 1874 scripsisse
857 1825 1004 1863 Fronto
1030 1826 1144 1863 testis
1171 1827 1230 1863 est
1256 1826 1324 1874 qui
1349 1825 1487 1863 scribit
1504 1824 1598 1863 Sota
1618 1826 1700 1862 Fm-

134 1885 298 1929 manus,
336 1884 518 1932 idemque
550 1884 740 1922 Varronis
773 1884 958 1933 Festique
997 1897 1186 1922 consensu
1225 1885 1438 1932 evincitur3
1475 1897 1567 1922 nam
1606 1885 1699 1922 olim

135 1943 296 1981 fuerunt
320 1944 390 1992 qui
415 1943 532 1982 aliter
557 1945 769 1982 censerent.
800 1943 896 1982 Sota
922 1945 1055 1982 autem
1081 1943 1176 1993 quid
1197 1945 1310 1991 esset,
1337 1942 1380 1981 O.
1401 1943 1613 1982 Muellerus
1634 1944 1699 1981 do-

136 2003 218 2040 cuit
238 2003 307 2051 qui
330 2003 380 2040 ad
398 2002 560 2041 Festum
578 2016 614 2052 p.
637 2004 720 2040 413
736 2002 760 2040 b
777 2005 799 2040 2
823 2003 1047 2041 adnotavit:
1069 2000 1181 2041 ‘Sota
1196 2002 1342 2041 Graece
1362 2004 1421 2041 est
1435 2005 1587 2051 Σωτᾶς,
1606 2005 1701 2041 nota

135 2062 418 2111 hypocoristici
436 2062 564 2099 forma
582 2074 653 2111 pro
674 2063 844 2111 pleniori
863 2061 1053 2111 Σωτάδης
1072 2062 1257 2110 positum,
1277 2063 1323 2099 ut
1338 2057 1493 2108 Ἀλεξᾶς
1511 2074 1582 2110 pro
1599 2056 1699 2099 Ἀλέ-

140 2120 306 2171 ξανδρος
332 2122 371 2158 et
395 2122 522 2159 multa
548 2121 598 2158 ad
623 2120 785 2158 eundem
813 2121 974 2159 modum
998 2117 1195 2159 formata.'
1223 2121 1276 2158 Et
1302 2120 1376 2158 hoc
1406 2121 1531 2171 igitur
1560 2133 1702 2158 nomen

140 2179 350 2218 clarissimi
374 2181 515 2228 poetae
541 2180 691 2218 Ennius
717 2180 891 2228 poemati
918 2191 987 2218 suo
1019 2180 1221 2229 inscripsit
1252 2192 1329 2229 quo
1356 2179 1513 2218 Sotadis
1544 2193 1701 2218 carmen

137 2239 299 2287 aliquod
319 2237 512 2277 Graecum
534 2238 676 2276 Latine
701 2239 892 2287 redderet,
918 2239 992 2277 hoc
1018 2238 1068 2276 ad
1094 2252 1182 2276 eum
1207 2239 1367 2277 modum
1393 2252 1511 2288 quem
1539 2238 1582 2277 O.
1605 2238 1700 2277 Cru-

136 2299 216 2336 sius
242 2297 378 2348 tetigit
402 2299 539 2346 philol.
560 2310 643 2337 nvn
663 2292 817 2350 (1898)
838 2311 874 2347 p.
898 2298 993 2335 645.
1026 2297 1172 2336 Versus
1200 2298 1270 2347 qui
1302 2299 1461 2337 exstant
1487 2298 1700 2336 Sotadeum

136 2370 342 2394 numerum
367 2357 514 2395 habent
533 2370 666 2396 omnes
687 2357 754 2396 sed
774 2357 820 2395 de
841 2359 1072 2408 argumento
1094 2358 1279 2396 carminis
1299 2358 1398 2395 nihil
1418 2358 1602 2406 produnt,
1623 2359 1700 2396 nisi

136 2416 241 2465 quod
266 2430 311 2455 ex
330 2430 375 2454 111
395 2418 434 2454 et
450 2430 492 2456 1v
518 2418 737 2456 coniunctis
758 2417 961 2467 colligitur
979 2417 1092 2455 varia
1110 2418 1216 2455 vitae
1237 2430 1380 2468 genera
1400 2418 1440 2455 et
1458 2417 1591 2455 studia
1610 2430 1700 2456 con-

135 2475 307 2514 siderata
332 2477 462 2514 fuisse.

254 2534 604 2586 Προτρεπτικός
625 2529 736 2588 (nam
756 2536 811 2573 sic
831 2536 972 2584 opinor
991 2535 1238 2573 scribendum
1256 2530 1353 2588 fuit)
1375 2538 1414 2574 et
1433 2535 1699 2585 Praecepta

136 2594 170 2631 si
189 2595 280 2632 sunt
301 2594 405 2643 quod
423 2594 608 2632 videntur
627 2594 703 2633 duo
723 2595 833 2632 tituli
853 2595 969 2633 unius
989 2594 1091 2643 libri,
1112 2608 1279 2645 quorum
1298 2597 1465 2645 uterque
1485 2596 1604 2634 semel
1618 2608 1698 2633 om—

136 2654 228 2690 nino
255 2654 412 2701 citatur,
439 2654 624 2692 credibile
650 2654 695 2691 fit
715 2653 887 2690 Ennium
906 2653 971 2691 hic
992 2667 1146 2703 quoque
1167 2653 1360 2693 Graecum
1380 2656 1604 2703 exemplum
1623 2654 1697 2691 La-

135 2713 217 2750 tine
249 2725 473 2761 expressum
506 2714 703 2761 extulisse,
735 2714 774 2750 et
807 2711 1093 2764 Προτρεπτικός
1126 2726 1203 2752 11011
1235 2727 1327 2752 rara
1358 2714 1435 2751 fuit
1465 2713 1506 2751 in
1540 2712 1697 2750 Graecis

137 2771 282 2810 litteris
301 2772 520 2821 inscriptio,
534 2773 644 2810 velut
662 2784 775 2814 1191110
793 2772 952 2822 ignorat
964 2771 1193 2811 Aristotelis
1208 2771 1511 2824 Προτρεπτικόν,
1526 2771 1576 2809 ad
1589 2772 1698 2809 cuius

138 2831 359 2879 exemplum
386 2829 520 2869 Cicero
546 2831 803 2869 Hortensium
830 2832 1030 2880 scripsisse
1056 2832 1237 2870 traditur.

254 2889 353 2927 Hed
360 2890 486 2940 ypha
493 2892 657 2943 getica
676 2903 812 2928 verum
838 2902 919 2930 esse
938 2891 1056 2931 huius
1076 2892 1261 2931 carminis
1280 2890 1450 2928 indicem
1469 2889 1589 2928 codex
1609 2889 1697 2928 Flo-

1763 2981 1767 3005 2
