2004 3278
685 171 948 207 ANNALIUM
972 173 1059 208 LIB.
1080 173 1157 209 XII.
1178 173 1262 209 xm
1591 175 1750 212 CXCVI]

479 284 590 323 Unus
614 285 724 322 homo
748 285 858 323 nobis
883 286 1097 324 cunctando
1121 288 1290 325 restituit
1313 299 1404 325 rem.

471 343 563 380 Non
589 344 689 381 enim
714 355 888 382 rumores
906 346 1078 393 ponebat
1102 349 1189 384 ante
1213 346 1387 385 salutem.

472 403 579 450 Eryo
597 405 760 450 postque
783 405 981 452 mayisque
1005 406 1083 442 viri
1106 417 1211 443 nunc
1232 406 1360 453 ,qloria
1385 406 1502 444 claret

188 462 247 500 ita
272 463 508 511 compositos
535 474 616 500 esse
643 463 781 509 sentio,
807 464 852 499 ut
877 475 1007 500 rerum
1033 465 1234 513 gestarum
1260 466 1391 503 cursui
1410 466 1549 504 inserti
1570 478 1652 504 esse
1671 479 1750 504 non

187 522 401 571 potuerint,
427 523 466 559 et
493 520 670 570 quamvis
697 521 863 559 fortasse
888 524 1127 561 memoratae
1154 524 1292 561 mortis
1319 526 1520 563 occasione
1547 526 1641 563 elati
1667 539 1749 564 esse

187 580 341 631 possint
365 582 409 618 ut
435 581 540 629 apud
559 579 717 618 Livium
738 575 836 632 (XXX
860 581 926 628 26,
950 583 1066 630 7sqq.
1090 583 1156 630 28,
1179 576 1234 634 2),
1260 584 1393 621 tamen
1419 585 1546 622 acrius
1575 586 1749 623 intuenti

187 653 235 678 ne
260 640 311 678 ad
335 641 437 678 hanc
458 640 616 689 quidem
636 640 975 688 opportunitatem
1001 641 1118 690 plane
1141 642 1427 680 accommodati
1454 656 1534 681 esse
1561 643 1748 681 videbun-

187 701 270 748 tur;
302 712 347 737 eo
373 700 516 738 certius
542 699 599 736 ibi
623 711 867 747 reponemus,
893 699 962 736 ubi
987 700 1067 737 iam
1092 701 1248 751 longius
1279 702 1399 739 etiam
1430 715 1453 739 a
1484 705 1610 740 morte
1635 703 1749 741 Fabii

186 759 328 796 remoti
353 760 455 796 sunt.
487 757 636 796 Addidi
661 752 745 810 (111)
771 759 812 795 in
839 759 1004 797 eundem
1029 761 1204 797 tenorem
1230 761 1372 799 incerti
1398 761 1490 798 libri
1515 774 1672 800 versum
1702 762 1749 799 de

187 818 250 856 M!
272 817 402 866 Curio,
429 817 499 867 qui
524 818 622 855 mihi
647 817 804 855 videtur
829 818 965 855 eodem
985 819 1150 857 consilio
1170 820 1286 857 natus
1308 821 1347 858 et
1367 821 1634 859 conformatus
1655 834 1748 869 esse,

187 878 306 915 tertio
339 878 425 916 loeo
455 876 654 915 Ciceronis
686 877 806 915 verba
839 891 884 914 ex
917 879 1096 916 oratione
1127 891 1198 927 pro
1230 877 1377 917 Archia
1404 874 1494 932 (w),
1526 893 1602 918 non
1637 881 1749 929 quasi

186 937 282 975 haec
309 950 353 974 ex
378 937 452 975 hoc
477 937 562 975 loco
587 937 855 986 prompsisset,
882 936 949 975 sed
974 938 1020 975 ut
1043 937 1216 976 breviter
1242 938 1503 989 significarem
1531 952 1627 988 quos
1648 940 1748 978 alios

186 996 291 1034 viros
318 996 468 1034 Ennius
494 1008 711 1034 memorare
735 996 940 1045 potuisset.

305 1055 363 1093 De
390 1057 519 1094 aetate
546 1057 679 1093 autem
705 1068 776 1094 sua
802 1068 890 1094 cum
915 1055 1061 1094 diceret
1081 1057 1230 1095 Ennius
1252 1051 1328 1109 (v),
1353 1057 1556 1106 probabile
1582 1060 1642 1096 est
1661 1072 1749 1096 eum

186 1115 258 1153 hoc
283 1115 369 1153 loco
395 1115 549 1164 reliqua
576 1115 622 1153 de
649 1127 719 1153 sua
744 1114 827 1153 vita
855 1117 894 1153 et
918 1116 1070 1165 origine
1097 1116 1305 1165 addidisse,
1338 1129 1437 1166 quae
1469 1117 1563 1155 olim
1588 1118 1630 1154 in
1650 1130 1749 1155 xvm

186 1174 286 1212 libro
313 1174 380 1212 sed
406 1174 542 1212 eodem
567 1176 703 1212 tenore
729 1187 1040 1223 composueram:
1070 1175 1138 1212 ubi
1163 1175 1259 1213 haec
1285 1177 1517 1225 scripseram
1545 1189 1644 1226 quae
1669 1176 1749 1214 iam

186 1234 261 1271 huc
287 1235 380 1272 sunt
403 1235 540 1282 paucis
566 1235 732 1272 mutatis
758 1234 1042 1272 transferenda.
1075 1231 1150 1272 ‘Ibi
1175 1237 1381 1283 praeterea
1407 1236 1487 1273 alia
1507 1236 1553 1273 de
1574 1235 1657 1274 vita
1677 1248 1748 1274 sua

187 1294 438 1343 exprompsit.
471 1293 575 1331 Nam
600 1294 695 1331 haec
724 1307 823 1342 quae
850 1293 1029 1332 Ciceroni
1055 1288 1158 1346 (Cat.
1185 1295 1275 1332 mai.
1305 1295 1342 1343 5,
1366 1290 1439 1347 14)
1467 1294 1651 1332 debemus
1676 1297 1748 1333 sic-

184 1356 228 1391 ut
245 1354 356 1400 fortis
375 1364 505 1400 equus,
529 1354 655 1400 spatio
675 1355 740 1400 qui
759 1365 871 1399 saepe
889 1364 1068 1400 supremo
1087 1355 1178 1391 vicit
1199 1353 1390 1401 Olympia,
1415 1366 1519 1392 nunc
1536 1356 1642 1392 senio
1662 1366 1747 1392 con-

185 1414 304 1460 fectus
330 1413 489 1460 quiescit
513 1406 592 1464 (VI)
620 1412 726 1449 haud
758 1412 873 1449 dubie
900 1412 1050 1451 Ennius
1082 1425 1160 1450 non
1193 1425 1366 1450 seorsum
1399 1413 1447 1451 ab
1481 1413 1623 1451 aetatis
1655 1426 1748 1452 suae

186 1472 558 1509 commemoratione
584 1471 737 1509 extulit.
775 1471 925 1522 Tetigit
951 1471 1071 1509 etiam
1098 1484 1219 1522 genus
1246 1484 1362 1510 suum
1389 1472 1493 1521 quod
1519 1485 1541 1510 a
1566 1472 1747 1522 Messapo

187 1531 379 1581 originem
406 1530 565 1568 duceret
584 1524 679 1583 (VII)
707 1531 746 1568 et
772 1543 811 1569 se
837 1530 1039 1568 Rudinum
1066 1543 1147 1569 esse
1167 1531 1300 1569 Fulvii
1319 1531 1535 1570 Nobilioris
1560 1531 1747 1570 beneficio

185 1590 363 1628 Romana
396 1590 559 1628 civitate
585 1589 774 1628 donatum
801 1584 922 1643 (vm).
955 1590 1040 1628 Hoc
1067 1590 1228 1638 quidem
1255 1590 1359 1639 quod
1385 1591 1431 1628 de
1458 1592 1620 1629 civitate
1652 1591 1749 1629 dicit

184 1649 316 1698 potuit
336 1650 457 1687 etiam
477 1650 562 1686 tum
582 1661 671 1687 cum
690 1649 731 1686 in
744 1649 878 1686 Fulvii
896 1649 1011 1688 rebus
1025 1649 1258 1687 versabatur
1271 1662 1591 1688 commemorare:
1613 1663 1748 1699 quam-

187 1722 304 1757 quam
329 1709 456 1759 magis
482 1708 630 1746 arridet
654 1709 812 1757 poetam
839 1709 933 1746 data
957 1709 1031 1747 hac
1063 1709 1267 1747 occasione
1296 1709 1508 1758 superioris
1542 1710 1649 1747 vitae
1682 1709 1747 1747 ad-

185 1767 380 1806 monitum
405 1768 509 1806 laeto
537 1768 668 1806 animo
695 1768 790 1806 haec
814 1779 884 1806 nos
912 1780 1048 1806 sumus
1072 1769 1244 1807 Romani
1275 1770 1342 1817 qui
1372 1770 1522 1816 fuimus
1554 1772 1641 1807 ante
1666 1769 1748 1806 Ru-

185 1828 270 1866 dini
296 1824 559 1865 exclamasse?

303 1886 414 1925 Duos
430 1887 498 1935 qui
510 1886 774 1935 insequuntur
789 1887 949 1925 annales
964 1888 1124 1935 poetam
1138 1887 1180 1924 in
1198 1887 1376 1925 bellum
1395 1886 1747 1925 Antiochenum

184 1946 420 1995 impendisse
446 1959 534 1984 cum
558 1945 813 1996 progrediens
839 1946 1037 1994 paulatim
1061 1947 1236 1984 narratio
1269 1947 1403 1996 exigat
1434 1948 1519 1984 tum
1551 1959 1747 1984 commen-

185 2005 282 2043 dant
307 2006 516 2055 praecipue
542 2006 650 2043 certa
674 2004 933 2054 reliquiarum
958 2005 1116 2043 indicia.
1143 2004 1207 2043 Ac
1233 2005 1441 2043 decimus
1468 2005 1626 2053 quidem
1651 2006 1747 2043 ter-

185 2065 281 2102 tius
309 2065 498 2103 annalis
523 2065 565 2102 in
591 2066 788 2113 apparatu
813 2064 909 2102 belli
934 2058 989 2116 (h.
1011 2077 1042 2101 e.
1063 2065 1167 2102 circa
1187 2076 1220 2102 a.
1240 2077 1277 2101 u.
1299 2077 1328 2102 c.
1352 2058 1455 2116 562)
1478 2065 1656 2102 versatus
1677 2066 1746 2102 est.

186 2122 306 2161 Cuius
332 2125 389 2161 rei
413 2123 530 2160 fidem
555 2123 708 2161 faciunt
732 2124 812 2160 tres
838 2135 973 2161 versus
1001 2117 1078 2175 (Iv)
1106 2135 1202 2172 quos
1229 2121 1378 2161 Gellius
1405 2135 1425 2160 e
1450 2123 1569 2161 tertio
1596 2123 1746 2162 decimo

186 2181 324 2220 attulit
348 2183 555 2220 Hannibal
581 2182 724 2220 audaci
749 2194 835 2220 cusm
853 2184 1006 2229 pectore
1030 2182 1076 2220 de
1100 2193 1159 2220 me
1178 2183 1353 2220 hortatur
1370 2194 1418 2220 ne
1438 2182 1577 2220 betium
1601 2184 1747 2230 faciam

186 2254 253 2290 eqs
280 2243 320 2279 et
345 2242 404 2279 ait
428 2240 662 2280 Antiochum
688 2253 768 2279 esse
791 2239 914 2279 Asiae
938 2252 1063 2289 reyein
1088 2240 1157 2290 qui
1181 2241 1277 2279 haec
1304 2240 1420 2279 dicat.
1454 2239 1527 2278 Oui
1554 2254 1654 2290 quae
1684 2254 1746 2279 ra-

184 2300 311 2339 tiones
336 2300 630 2339 intercesserint
655 2313 744 2339 cum
769 2299 1004 2348 Hannibale,
1031 2301 1099 2349 qui
1123 2301 1256 2349 patria
1280 2301 1471 2351 profugus
1497 2313 1520 2338 a
1544 2301 1648 2351 regis
1670 2300 1746 2339 fide

186 2361 437 2398 securitatem
456 2361 575 2409 petiit
595 2355 698 2412 (Liv.
714 2371 843 2396 XXXIII
858 2360 925 2407 49,
941 2360 984 2407 23
1004 2371 1129 2398 XXXIV
1147 2353 1234 2412 60),
1253 2359 1391 2398 Livius
1410 2361 1547 2398 narrat
1566 2372 1675 2398 XXXV
1692 2361 1744 2398 19

186 2420 225 2457 et
245 2432 361 2468 quem
379 2418 516 2458 Livius
537 2421 691 2458 secutus
712 2420 771 2457 est
789 2418 977 2468 Polybius
991 2431 1037 2456 111
1053 2420 1104 2456 11
1127 2420 1167 2457 et
1189 2420 1255 2467 12,
1275 2419 1384 2458 cuius
1403 2431 1531 2468 pauca
1549 2419 1670 2458 verba
1689 2420 1745 2457 af-

185 2479 310 2517 feram
331 2492 376 2517 eX
399 2481 464 2527 11,
482 2481 502 2516 1
525 2473 616 2517 καθ’
639 2476 708 2525 οὓς
728 2477 889 2530 καιροὺς
908 2476 1244 2528 καταπολεμηθεὶς
1261 2472 1443 2529 Ἀννίβας
1456 2476 1533 2517 ὑπὸ
1550 2474 1746 2528 Ῥωμαίων

185 2535 291 2584 τέλος
316 2535 357 2575 ἐκ
382 2543 451 2588 τῆς
475 2537 661 2590 πατρίδος
687 2535 893 2589 ἐξεχώρησε
918 2535 984 2575 καὶ
1008 2532 1102 2589 παρ’
1126 2533 1306 2592 Ἀντιόχῳ
1339 2535 1516 2588 διέτριβε,
1547 2536 1629 2575 τότε
1654 2534 1744 2575 Ῥω-

187 2599 294 2647 μαῖοι
320 2600 643 2649 συνθεωροῦντες
673 2594 752 2647 ἤδη
786 2593 859 2646 τὴν
891 2595 1079 2634 Αἰτωλῶν
1109 2594 1298 2648 ἐπιβολὴν
1329 2594 1596 2644 ἐξαπέστειλαν
1629 2606 1744 2647 πρεσ-

187 2653 329 2706 βευτὰς
353 2654 451 2708 πρὸς
472 2651 685 2708 Ἀντίοχον,
711 2654 944 2707 βουλόμενοι
969 2653 1022 2706 μὴ
1047 2655 1262 2694 λανθάνειν
1295 2661 1398 2706 σφᾶς
1430 2653 1502 2705 τὴν
1533 2659 1602 2693 τοῦ
1633 2654 1743 2705 βασι-

186 2712 280 2761 λέως
305 2715 549 2767 προαίρεσιν·
577 2715 617 2754 οἵ
639 2712 680 2754 δὲ
706 2712 886 2766 πρέσβεις
911 2711 1076 2767 ὁρῶντες
1101 2712 1170 2754 τὸν
1186 2709 1383 2766 Ἀντίοχον
1408 2711 1645 2765 προσέχοντα
1663 2715 1744 2758 τοῖς

187 2773 378 2821 Αἰτωλοῖς
402 2772 468 2812 καὶ
492 2773 704 2826 πρόθυμον
731 2772 824 2813 ὄντα
848 2775 1029 2824 πολεμεῖν
1048 2770 1250 2825 Ῥωμαίοις
1272 2772 1513 2825 ἐθεράπευον
1531 2770 1599 2810 τὸν
1615 2768 1742 2809 Ἀννί-

187 2833 262 2884 βαν
288 2833 573 2880 σπουδάζοντες
598 2833 652 2880 εἰς
678 2832 858 2881 ὑποψίαν
883 2831 1064 2883 ἐμβαλεῖν
1089 2832 1187 2884 πρὸς
1208 2832 1275 2872 τὸν
1297 2828 1504 2882 Ἀντίοχον.
1526 2828 1546 2869 ὃ
1565 2828 1629 2868 καὶ
1649 2841 1741 2868 συν-

187 2889 257 2944 έβη
282 2890 466 2944 γενέσθαι
489 2895 566 2931 κτλ.
595 2893 671 2932 Sed
696 2893 738 2930 hi
763 2891 840 2930 duo
865 2892 966 2931 illud
990 2905 1069 2932 non
1093 2892 1257 2932 tradunt
1286 2891 1389 2942 quod
1417 2891 1520 2928 inest
1545 2890 1588 2927 in
1612 2889 1741 2928 verbis

1765 2978 1769 3005 )
