2054 3282
783 251 788 255 ι
815 198 919 237 FAB.
939 200 1029 237 me.
1616 199 1700 242 193

894 321 945 355 VI

143 383 229 425 382
261 381 410 424 Crassa
442 382 582 437 pulvis
616 383 762 437 oritur,
795 397 964 424 omnem
997 381 1189 436 pervolat
1222 381 1326 423 caeli
1358 381 1516 422 fretum

889 487 956 521 VII

142 548 228 591 383
260 548 408 604 Labat,
439 548 642 591 labuntur
674 563 786 605 saxa,
818 550 1057 590 caementae
1088 547 1245 592 cadunt

880 652 964 687 VIH

143 714 230 756 384
798 728 900 770 ager
931 712 1129 768 oppletus
1162 713 1363 754 imbrium

261 785 451 827 Fremitu

898 859 949 894 IX

144 921 229 964 386
661 924 704 963 et
735 921 830 975 quis
863 920 986 963 illaec
1017 923 1082 963 est
1114 935 1222 976 quae
1253 920 1426 976 lugubri

262 991 488 1035 Succincta
518 994 583 1035 est
615 992 725 1034 stola

145 1158 230 1201 388
264 1157 299 1200 Ο
331 1161 445 1200 terra
475 1158 676 1214 Thraeca,
707 1158 781 1200 ubi
812 1097 956 1200 Libgi
988 1158 1136 1200 fanum
1168 1158 1373 1201 inclutum

261 1229 381 1272 Maro
407 1229 564 1272 locavit

261 1357 311 1393 VI
331 1359 426 1404 (382)
464 1358 608 1393 Nonius
627 1370 663 1403 p.
683 1361 763 1402 205,
777 1362 822 1393 28
844 1358 1002 1394 ‘fretum
1024 1358 1147 1394 neutri
1169 1359 1317 1392 tantum
1338 1356 1485 1403 generis
1506 1367 1585 1391 esse
1605 1356 1708 1391 volu-

142 1423 224 1446 mus
240 1440 246 1446 .
261 1440 267 1446 .
282 1440 287 1446 .
303 1411 503 1447 masculini
518 1441 524 1446 .
538 1441 544 1446 .
560 1440 565 1446 .
582 1411 723 1446 Ennius
738 1422 886 1448 «crassa
901 1441 907 1446 .
922 1441 927 1446 .
942 1440 950 1447 .
964 1412 1152 1447 fretum».'

261 1464 329 1499 VH
348 1466 444 1510 (383)
482 1464 626 1499 Nonius
645 1477 681 1510 p.
699 1468 778 1508 196,
792 1468 837 1499 29
853 1465 1069 1500 ‘caementa
1088 1465 1211 1500 neutri
1230 1465 1273 1499 ut
1293 1465 1350 1499 est
1368 1476 1456 1499 usus
1473 1493 1478 1498 .
1493 1492 1499 1498 .
1514 1492 1519 1498 .
1536 1463 1708 1498 feminini

142 1518 285 1553 Ennius
305 1518 434 1555 <dabat
453 1519 678 1554 lababwntur
697 1530 722 1553 s.
737 1523 921 1554 caementa
941 1519 1131 1554 cadunt».'
1235 1517 1464 1563 Intelligitur
1479 1517 1635 1551 ‘murus’
1650 1516 1709 1551 vel

146 1571 288 1606 ‘turris'
303 1571 378 1606 lab
387 1572 434 1607 at
448 1572 640 1616 possitque
654 1571 746 1617 μέγα
759 1577 879 1618 τεῖχος
892 1569 1046 1618 Ἀχαιῶν
1061 1571 1147 1615 dici,
1159 1571 1205 1606 de
1217 1582 1289 1616 quo
1300 1571 1341 1605 Il.
1351 1583 1403 1605 ΧΠ
1416 1573 1483 1605 257
1496 1567 1708 1616 ῥήγνυσθαι

143 1624 236 1670 μέγα
255 1630 376 1671 τεῖχος
392 1621 545 1671 Ἀχαιῶν
564 1624 784 1669 πειρήτιζον.
806 1624 968 1670 κρόσσας
992 1624 1058 1670 μὲν
1077 1624 1229 1670 πύργων
1250 1624 1372 1669 ἔρυον,
1391 1624 1455 1658 καὶ
1479 1623 1626 1668 ἔρειπον
1646 1622 1709 1658 ἐπ-

144 1677 274 1721 άλξεις,
294 1677 428 1722 στήλας
445 1690 485 1714 τε
504 1679 715 1725 προβλῆτας
740 1677 925 1724 ἐμόχλεον,
945 1677 990 1720 ἃς
1009 1675 1072 1723 ἄρ’
1092 1675 1232 1724 Ἀχαιοὶ
1251 1678 1401 1722 πρώτας
1420 1677 1459 1712 ἐν
1478 1675 1566 1724 γαίῃ
1588 1675 1709 1711 θέσαν

144 1731 296 1776 ἔμμεναι
316 1731 453 1777 ἔχματα
471 1731 642 1777 πύργων;
664 1731 708 1766 cf.
721 1731 811 1766 ibid.
825 1735 869 1766 28
882 1743 960 1777 sqq.
975 1731 1034 1766 Ad
1049 1731 1280 1776 eandemque
1293 1732 1440 1776 partem
1452 1729 1581 1765 Iliadis
1595 1730 1710 1764 etiam

143 1797 180 1819 VI
193 1783 322 1819 referri
335 1784 455 1829 possit
468 1784 550 1820 coll.
567 1787 635 1819 253
650 1796 703 1830 sq.
719 1784 779 1820 ἐπὶ
793 1785 834 1821 δὲ
852 1785 943 1827 Ζεὺς
957 1781 1071 1829 ὦρσεν
1086 1781 1155 1819 ἀπ’
1169 1781 1318 1821 Ἰδαίων
1333 1783 1449 1829 ὀρέων
1466 1782 1618 1829 ἀνέμοιο
1637 1783 1711 1818 θύ-

143 1839 250 1873 ελλαν
268 1836 292 1883 ἥ
311 1835 349 1883 ῥ’
372 1837 460 1879 ἰθὺς
485 1843 585 1884 νηῶν
610 1836 742 1884 κονίην
762 1837 892 1883 φέρεν;
913 1840 951 1873 et
969 1851 1035 1874 vm
1056 1837 1138 1873 coll.
1155 1841 1199 1872 25
1220 1834 1261 1873 ὗε
1282 1835 1319 1874 δ’
1343 1837 1416 1882 ἄρα
1441 1837 1532 1879 Ζεὺς
1550 1835 1710 1882 συνεχές,

145 1889 245 1935 ὄφρα
264 1903 306 1926 κε
324 1893 472 1927 θᾶσσον
492 1889 651 1926 ἁλίπλοα
669 1889 791 1938 τείχεα
810 1890 911 1938 θείη.

261 1943 346 1978 VIII
359 1945 456 1990 (384)
483 1944 629 1979 Servius
642 1945 824 1980 Lemovic.
839 1945 879 1979 in
892 1955 1016 1991 georg.
1033 1958 1045 1979 1
1060 1948 1103 1979 12
1116 1957 1152 1990 p.
1166 1947 1244 1987 134,
1259 1948 1301 1979 17
1316 1944 1411 1978 Thil.
1427 1943 1612 1978 ‘nonnulli
1625 1953 1710 1978 vero

145 1997 191 2031 ob
211 1996 282 2032 hoc
298 1997 381 2033 «cui
400 1997 522 2042 prima
540 1997 759 2037 frementem
778 1997 879 2032 fudit
898 2008 1058 2043 aquam»
1071 1998 1214 2044 legunt,
1241 1998 1341 2042 quod
1361 1999 1502 2032 veteres
1521 2007 1711 2031 murmura

145 2060 265 2094 aquae
284 2049 474 2084 fiemitum
495 2050 681 2085 dicebant.
702 2050 844 2085 Ennius
865 2061 998 2096 «ager.
1016 2079 1022 2085 .
1038 2050 1212 2087 fremitu»
1234 2052 1272 2085 et
1292 2050 1413 2084 denuo
1429 2051 1528 2096 [ann.
1544 2050 1657 2096 497].'

262 2102 313 2137 IX
333 2103 428 2149 (386)
460 2102 603 2138 Nonius
622 2115 658 2148 p.
675 2106 754 2147 198,
769 2107 789 2138 2
806 2104 910 2148 ‘quis
930 2105 968 2138 et
981 2104 1108 2149 generi
1121 2103 1301 2139 feminino
1316 2103 1471 2138 attribui
1484 2113 1593 2148 posse
1613 2104 1711 2138 vete-

144 2168 226 2190 rum
246 2156 449 2191 auctoritas
469 2156 596 2191 voluit.
615 2156 740 2191 Livius
755 2157 864 2202 (trag.
880 2160 925 2192 36
941 2157 1000 2203 R.)
1020 2157 1177 2194 «mulier
1197 2156 1365 2202 quisquis
1386 2167 1424 2191 es
1440 2185 1446 2190 .
1464 2167 1512 2192 .».
1529 2155 1711 2191 Caecilius

146 2211 227 2255 (267
247 2209 305 2255 R.)
321 2220 357 2245 «.
375 2238 381 2244 .
397 2209 567 2254 quisquis
587 2220 626 2244 es
645 2220 729 2244 mea
748 2209 915 2246 mulier».
933 2210 1116 2245 Pacuvius
1131 2211 1212 2255 (239
1226 2210 1286 2255 R.)
1301 2209 1493 2254 «quisquis
1512 2210 1554 2244 tu
1574 2220 1612 2244 es
1631 2221 1711 2243 mu-

144 2262 214 2297 lier
232 2291 238 2297 .
253 2291 259 2297 .
274 2274 322 2299 .».
337 2262 480 2297 Ennius
500 2264 562 2300 «et
581 2262 664 2307 quis
751 2264 808 2298 est
827 2263 974 2300 stola».’
1096 2263 1296 2308 Pompeius
1317 2263 1511 2298 comment.
1529 2262 1570 2297 G.
1583 2263 1621 2296 L.
1633 2262 1676 2296 Κ.
1689 2275 1712 2297 v

145 2328 180 2360 p.
194 2319 273 2359 206,
288 2319 333 2351 28
350 2316 473 2361 ‘apud
491 2316 650 2351 maiores
676 2317 821 2352 nostros
847 2316 1103 2352 indifferenter
1121 2316 1330 2351 invenimus
1349 2316 1420 2351 hoc
1439 2326 1654 2361 pronomen,
1675 2317 1713 2350 et

147 2369 253 2414 «quis
272 2368 350 2405 vir»
376 2371 414 2405 et
428 2369 534 2415 «quis
553 2369 709 2405 mulier»
726 2399 732 2403 .
750 2399 756 2404 .
774 2399 780 2404 .
795 2371 838 2404 ut
857 2371 914 2405 est
928 2369 1075 2416 [Pacuv.
1092 2373 1160 2404 239
1174 2370 1234 2416 R]
1250 2370 1356 2414 «quis
1377 2369 1474 2415 (qui
1495 2369 1617 2415 codd.)
1632 2380 1712 2404 mu—

145 2422 242 2458 lier»
262 2421 443 2457 habemus
470 2424 507 2458 et
533 2423 572 2457 in
592 2423 711 2458 Ennio
739 2424 777 2458 et
801 2422 841 2457 in
860 2423 1021 2458 Pacuvio
1041 2424 1079 2458 et
1097 2424 1137 2458 in
1156 2423 1238 2468 ipso
1258 2423 1431 2458 Terentio
1452 2424 1548 2469 (eun.
1565 2425 1644 2466 678⁷
1666 2422 1709 2457 cf.

146 2475 323 2510 Priscian.
340 2488 407 2510 xm
426 2488 460 2520 p.
478 2479 510 2519 8,
526 2480 570 2510 22
591 2476 679 2521 Η.).’

264 2528 298 2563 X
318 2530 414 2575 (388)
441 2529 558 2565 Varro
579 2529 625 2564 de
644 2529 667 2563 1.
686 2529 724 2564 L.
744 2542 765 2564 v
787 2533 831 2564 14
850 2529 973 2565 ‘locus
1000 2531 1056 2565 est
1080 2530 1147 2565 ubi
1170 2530 1336 2566 locatum
1362 2530 1454 2575 quid
1477 2540 1557 2565 esse
1576 2530 1712 2575 potest,

268 2701 351 2740 383
373 2701 562 2739 labuntur
580 2701 671 2739 olim
690 2713 803 2739 eorm
823 2701 1064 2740 lababuntur
1201 2704 1425 2741 caementae
1444 2702 1606 2739 Iwm‘us:
1626 2712 1711 2738 cae-

148 2762 282 2799 menta
415 2762 497 2799 386
530 2760 587 2808 Cf.
609 2760 739 2798 Plaut.
759 2760 877 2808 Epid.
900 2759 985 2797 620
1005 2761 1071 2799 sed
1098 2762 1185 2811 quis
1211 2762 1308 2800 haec
1333 2763 1392 2799 est
1416 2760 1648 2798 muliercula
1667 2762 1713 2797 et

149 2819 235 2856 ille
261 2820 522 2870 gravastellus
543 2820 611 2870 qui
630 2821 750 2864 venit,
770 2831 818 2858 ne
837 2819 904 2858 sed
924 2822 1011 2869 quis
1035 2821 1151 2860 malis
1175 2833 1292 2868 quam
1317 2822 1357 2858 et
1378 2820 1464 2869 quis
1490 2819 1627 2864 illaec,·
1644 2830 1714 2856 ‘nec

141 2878 387 2924 probabilius
404 2880 506 2918 hunc
523 2891 646 2917 wnum
664 2890 818 2917 verswm
835 2880 957 2926 fuisse
976 2891 1062 2918 cum
1080 2881 1228 2928 defectu
1361 2879 1444 2916 388
1464 2889 1516 2926 sq.
1539 2878 1714 2916 Thraeca

148 2936 190 2974 F
194 2937 425 2976 leckeisenus
526 2938 719 2976 inclutum
732 2939 860 2977 locavi
876 2938 1106 2978 Guliebmius
1117 2941 1282 2978 verisim.
1297 2951 1312 2975 1
1332 2948 1345 2974 1
1356 2948 1380 2986 9
1395 2937 1588 2976 inclutum
1601 2937 1713 2975 Maro

225 3015 376 3043 Ennxus
396 3017 441 3042 ed.
451 3017 580 3042 Vahlen.
1387 3006 1429 3037 13
