2054 3282
289 176 373 218 152
960 166 1160 204 SCENICA

892 317 902 320 ,,
1044 284 1079 319 Π

858 352 927 378 Por
934 350 1049 377 wom
1069 350 1195 376 UMBRA
1217 349 1274 383 (26)

290 410 371 454 195
1079 404 1311 446 undantem
1343 403 1479 446 salum

1039 508 1091 543 ΠΙ

948 575 1099 601 HECURA
1120 574 1177 607 (68)

291 634 373 675 196
406 632 440 674 Ο
466 646 620 687 magna
645 630 804 685 templa
830 630 1029 671 caelitum
1056 628 1288 670 commixta
1313 627 1448 670 stellis
1475 627 1707 683 splendidis

1040 744 1091 780 IV

290 810 370 852 197
941 806 1149 860 miserete,
1175 820 1338 860 manus,

569 879 677 921 Date
703 878 875 933 ferrum,
902 877 975 933 qui
1001 892 1069 919 me
1095 877 1237 919 anima
1262 877 1438 932 privem.

1048 993 1082 1028 V

832 1061 985 1087 HECUBA
1009 1061 1119 1086 ULIXI
1136 1060 1298 1094 (293—295)

291 1118 373 1159 199
405 1116 523 1159 Haec
547 1119 595 1158 tu
621 1116 701 1158 etsi
728 1129 923 1170 perverse
950 1114 1074 1170 dices,
1100 1114 1225 1158 facile
1250 1113 1439 1156 Achivos
1465 1115 1649 1156 flexeris:

404 1187 517 1230 Nam
542 1201 638 1229 cum
665 1186 857 1241 opulenti
882 1186 1119 1241 loquuntur
1143 1186 1303 1241 pariter
1329 1188 1456 1241 atque
1481 1185 1705 1242 ignobiles,

404 1258 565 1300 Eadem
593 1258 706 1300 dicta
731 1257 962 1312 eademque
989 1257 1125 1300 oratio
1152 1272 1286 1312 aequa
1311 1271 1397 1299 non
1423 1272 1555 1312 aeque
1581 1257 1704 1299 valet.

397 1393 430 1427 Π
451 1394 546 1438 (195)
578 1392 721 1428 Nonius
739 1405 774 1438 p.
792 1396 870 1436 223,
887 1396 931 1427 24
948 1392 1089 1427 ‘salum
1108 1392 1231 1427 neutri
1251 1391 1396 1437 generis
1418 1392 1474 1426 est
1492 1390 1638 1437 vulgari
1658 1391 1852 1426 consuetu-

286 1447 380 1481 dine.
396 1446 593 1481 masculini
613 1446 753 1482 Ennius
768 1446 922 1482 Hecuba
942 1446 1169 1482 «undantem
1189 1446 1359 1481 salum».’
1457 1444 1513 1479 Ex
1531 1444 1707 1490 Polydori
1725 1454 1852 1479 narra-

285 1500 401 1534 tione:
423 1512 453 1534 V.
471 1503 514 1534 26
534 1500 680 1535 κτανὼν
701 1500 737 1541 ἐς
758 1496 858 1544 οἶδμ’
877 1499 964 1541 ἁλὸς
984 1502 1142 1545 μεθῆκες
1163 1499 1278 1535 fuerit
1290 1498 1408 1544 igitur
1421 1498 1523 1544 apud
1535 1497 1697 1532 Ennium
1713 1497 1772 1532 ‘in
1785 1509 1852 1532 un-

287 1553 436 1588 dantem
457 1553 576 1587 salum
596 1553 788 1597 Demisit'3
809 1553 874 1587 sed
895 1552 939 1587 of.
956 1552 1070 1587 etiam
1091 1556 1135 1587 28
1156 1550 1277 1587 ἄλλοτ’
1303 1551 1342 1587 ἐν
1362 1550 1502 1587 πόντου
1523 1550 1619 1598 σάλῳ
1633 1552 1707 1597 (48)
1728 1552 1766 1586 et
1786 1553 1851 1585 701

286 1605 426 1641 πόντου
447 1620 506 1642 νιν
527 1605 697 1651 ἐξήνεγκε
717 1605 891 1652 πελάγιος
909 1606 1065 1642 κλύδων.

405 1659 455 1694 ΠΙ
475 1662 571 1705 (196)
597 1659 714 1694 Varro
736 1660 781 1694 de
800 1659 823 1693 1.
839 1660 877 1694 L.
893 1673 945 1694 vn
960 1663 979 1694 6
997 1660 1056 1694 ‘in
1080 1659 1182 1694 caelo
1202 1658 1383 1704 templum
1403 1657 1540 1692 dicitur
1558 1658 1601 1692 ut
1619 1657 1659 1692 in
1678 1657 1796 1692 ecuba
1809 1668 1853 1693 «ο

291 1741 296 1747 .
314 1741 320 1747 .
336 1714 401 1758 egli
416 1741 421 1747 .
438 1717 511 1748 tum
527 1713 726 1749 commixta
740 1725 766 1748 s,
783 1713 1040 1758 splendidis».’
1153 1712 1247 1747 Sunt
1260 1711 1436 1747 Hecubae
1448 1711 1561 1746 verba,
1575 1710 1757 1746 somnium
1770 1721 1855 1745 nar-
1869 1723 1873 1729 ·

287 1766 422 1801 rantis:
443 1779 474 1800 v.
491 1770 534 1801 68
555 1763 583 1802 ὦ
604 1766 763 1811 στεροπὰ
788 1765 891 1809 Διός,
912 1762 939 1801 ὦ
961 1764 1089 1801 σκοτία
1115 1766 1192 1809 νύξ,
1219 1767 1262 1800 ut
1289 1765 1410 1800 solent
1429 1764 1573 1799 somnia
1591 1775 1743 1799 narrare
1762 1764 1856 1809 πρὸς

290 1818 427 1863 αἰθέρα
448 1820 580 1866 (Iphig.
603 1820 711 1854 Taur.
731 1823 787 1864 43,
809 1819 853 1854 cf.
875 1820 1050 1854 Androm.
1072 1820 1147 1864 93);
1167 1818 1263 1854 falso
1284 1829 1367 1853 cum
1387 1818 1476 1853 olim
1495 1819 1575 1852 tum
1594 1829 1719 1852 rursus
1737 1828 1857 1863 nuper

292 1873 385 1907 haec
405 1873 535 1908 eadem
553 1873 799 1918 Polymestori
819 1874 1015 1908 occaecato
1036 1874 1080 1918 (v.
1098 1874 1203 1917 1100)
1223 1872 1444 1906 tribuerunt.

410 1926 461 1961 IV
475 1928 571 1972 (197)
600 1927 743 1961 Nonius
757 1939 792 1972 p.
805 1930 886 1969 474,
898 1929 943 1960 30
960 1926 1152 1961 ‘miserete
1165 1925 1308 1960 Ennius
1322 1925 1440 1960 ecuba
1454 1924 1648 1961 «miserete
1660 1935 1793 1959 manus
1806 1952 1812 1959 .
1827 1952 1833 1958 .
1848 1953 1854 1958 .

288 1979 480 2024 privem».’
580 1980 761 2015 Graecum
782 1979 971 2025 exemplar
989 1991 1063 2014 non
1078 1980 1209 2022 exstat,
1224 1979 1364 2024 opinor,
1381 1978 1446 2013 sed
1458 1988 1533 2012 non
1546 1978 1672 2023 inepte
1685 1978 1857 2013 videntur

289 2032 383 2067 haec
401 2033 530 2068 referri
551 2034 599 2068 ad
619 2044 663 2068 ea
683 2044 779 2078 quae
798 2033 953 2068 Hecuba
973 2033 1066 2067 dicit
1084 2034 1170 2078 post
1190 2033 1384 2077 acceptum
1405 2032 1450 2066 de
1465 2031 1655 2066 caedenda
1667 2031 1857 2076 Polyxena

288 2085 462 2121 nuntium
477 2090 543 2121 165
564 2083 591 2122 ὦ
612 2085 697 2122 κάκ’
716 2087 933 2132 ἐνεγκοῦσαι
957 2085 1141 2133 Τρῳάδες,
1161 2082 1189 2120 ὦ
1209 2083 1296 2120 κάκ’
1320 2084 1537 2130 ἐνεγκοῦσαι
1555 2082 1695 2129 πήματ’
1715 2083 1856 2120 ἀπωλέ-

284 2136 369 2174 ffixc’
394 2138 558 2175 ὠλέσατ’.
575 2139 728 2175 οὐκέτι
747 2153 822 2186 μοι
842 2138 941 2187 βίος
961 2140 1157 2184 ἀγαστὸς
1177 2139 1223 2174 ἐν
1243 2138 1373 2183 φάει.-

408 2192 441 2226 V
460 2194 556 2238 (199)
596 2193 738 2229 Gellius
757 2207 794 2228 XI
814 2197 847 2237 4,
864 2197 881 2227 1
901 2192 1112 2238 ‘Euripidis
1131 2203 1256 2228 versus
1283 2193 1370 2227 sunt
1391 2190 1432 2226 in
1450 2191 1615 2234 Hecuba,
1636 2191 1755 2226 verbis
1776 2201 1857 2226 sen-

289 2245 410 2280 tentia
428 2246 611 2281 brevitate
631 2247 796 2292 insignes
816 2246 1075 2291 inlustresque.
1089 2246 1102 2265 ²
1114 2246 1270 2281 Hecuba
1289 2246 1346 2281 est
1365 2245 1413 2280 ad
1433 2244 1566 2279 Ulixen
1587 2244 1713 2279 dicens
1727 2246 1856 2290 (293—

292 2299 374 2343 295)
387 2298 427 2333 τὸ
442 2297 479 2333 δ’
497 2298 652 2345 ἀξίωμα,
673 2298 744 2335 κᾶν
764 2300 879 2341 κακὸς
898 2301 1034 2345 (κακῶς
1048 2300 1148 2345 Eur.)
1168 2298 1254 2346 λέγῃ
1274 2297 1392 2346 (λέγῃς
1410 2297 1603 2343 Muretus),
1622 2297 1663 2333 τὸ
1684 2297 1750 2333 σὸν
1770 2300 1857 2346 νικᾷ

291 2349 422 2398 (πείσει
436 2352 493 2386 vel
506 2351 633 2388 πείκθει
647 2353 873 2398 codd.Eur.).
885 2351 993 2398 λόγος
1007 2352 1076 2398 γὰρ
1092 2353 1131 2388 ἔκ
1143 2350 1178 2388 τ’
1196 2352 1435 2395 ἀδοξούντων
1450 2351 1516 2386 ἰὼν
1530 2351 1602 2386 κάκ
1614 2356 1687 2387 τῶν
1701 2351 1857 2387 δοκούν-

290 2418 364 2440 των
391 2404 503 2446 αὐτὸς
523 2406 648 2450 (αὑτὸς
666 2406 864 2451 Porsonus)
885 2407 929 2441 οὐ
949 2406 1086 2441 ταύτὸν
1113 2404 1250 2441 σθένει.
1274 2405 1287 2425 ³
1305 2405 1372 2440 hos
1392 2415 1516 2439 versus
1538 2403 1578 2447 Q.
1597 2403 1750 2447 Ennius,
1775 2415 1858 2439 cum

292 2469 375 2493 eam
387 2459 621 2504 tragoediam
634 2461 803 2502 verteret,
818 2471 892 2495 non
907 2470 995 2494 sane
1010 2459 1243 2495 incommode
1257 2458 1465 2494 aemulatus
1480 2458 1546 2492 est.
1561 2468 1686 2492 versus
1700 2457 1858 2492 totidem

291 2511 454 2547 Enniani
472 2511 512 2546 hi
532 2514 618 2547 sunt
638 2513 753 2549 «haec
772 2514 813 2547 tu
830 2543 836 2548 .
854 2541 859 2547 .
877 2541 883 2547 .
898 2513 1031 2549 valet».
1048 2513 1060 2532 ‘¹
1074 2513 1169 2548 bene
1189 2512 1299 2547 sicuti
1319 2511 1397 2546 dixi
1416 2510 1568 2554 Ennius,
1590 2511 1655 2545 sed
1674 2510 1857 2556 ignobiles

292 2566 418 2600 tamen
433 2566 470 2600 et
483 2565 650 2610 opulenti
668 2566 752 2601 ἀντὶ
771 2566 1010 2609 ἀδοξούντων
1029 2567 1094 2601 καὶ
1107 2565 1321 2602 δοκούντων
1335 2564 1551 2600 satisfacere
1565 2564 1772 2599 sententiae
1784 2575 1859 2598 non

292 2618 481 2662 videntur3
506 2630 594 2654 nam
612 2630 732 2663 neque
753 2630 879 2655 omnes
904 2619 1089 2666 ignobiles
1117 2620 1292 2662 ἀδοξοῦσι
1318 2629 1439 2663 neque
1465 2628 1591 2652 omnes
1611 2616 1779 2661 opulenti
1799 2616 1859 2651 εὐ-

295 2672 495 2714 ὃοξοῦσιν.’

416 2845 498 2881 196
527 2844 712 2882 caelitum
730 2843 934 2892 Scioppius
1068 2846 1152 2883 200
1178 2845 1283 2883 Nam
1309 2843 1486 2894 opulenti
1514 2854 1631 2892 quum
1660 2841 1857 2879 Porsomoes

294 2902 475 2955 Namque
496 2905 674 2954 opulenti
694 2916 781 2943 cum
799 2903 973 2952 Scaliyer
