2054 3282
339 183 397 225 34
889 173 1147 211 ANNALIUM
1170 174 1258 209 ΗΒ.
1279 172 1330 208 VI

1077 292 1146 327 VII

341 359 424 401 182
455 358 580 400 Intus
612 356 657 398 in
688 354 856 398 occulto
882 353 1130 396 mussabant

1069 468 1154 503 Vm

340 535 421 577 183
452 533 711 575 Proletarius
742 531 977 587 publicitus
1009 531 1224 585 scutisque
1250 530 1425 584 feroque

453 603 638 646 Ornatur
668 604 792 657 ferro,
823 616 968 644 muros
1000 601 1234 656 urbemque
1264 601 1489 656 forumque

452 675 658 717 Excubiis
689 676 838 716 curant

1087 752 1138 787 IX

339 817 420 859 186
452 817 679 858 Balantum
710 814 893 870 pecudes
926 814 1075 868 quatit,
1108 828 1254 856 omnes
1286 829 1404 856 arma
1433 814 1657 869 requirunt

1097 930 1130 964 X

338 994 417 1035 187
450 993 656 1035 Incedunt
686 992 862 1034 arbusta
891 1006 968 1047 per
998 991 1098 1045 alta,
1129 992 1347 1034 securibus
1373 992 1566 1047 caedunt,

451 1064 694 1106 Percellunt
725 1078 901 1119 magnas
934 1077 1127 1118 quercus,
1158 1063 1368 1105 exciditur
1400 1063 1495 1117 ilex,

450 1135 656 1177 Fraxinus
687 1134 902 1190 frangitur
932 1137 1060 1189 atque
1091 1134 1207 1175 abies
1240 1135 1528 1176 consternitur
1558 1136 1656 1189 alta,

450 1310 516 1344 VII
530 1312 624 1355 (182)
651 1309 789 1345 Paulus
803 1310 905 1345 Festi
917 1322 952 1355 p.
968 1313 1048 1352 425,
1062 1314 1081 1344 5
1096 1310 1162 1344 Th.
1180 1310 1191 1327 ‘
1201 1310 1398 1345 summussi
1410 1311 1708 1345 murmuratores.
1730 1310 1892 1345 Naevius

333 1363 440 1399 «odi»
460 1364 582 1407 inquit
599 1375 846 1399 «summussos
863 1393 868 1398 .
886 1392 892 1398 .
910 1364 967 1399 .».’
984 1363 1114 1398 Festus
1130 1364 1190 1389 ‘—
1204 1385 1249 1389 —
1262 1363 1339 1398 ussi
1360 1363 1581 1398 dicebantur
1594 1364 1598 1410 Ι
1613 1385 1656 1389 ——
1672 1386 1715 1389 —
1730 1363 1892 1399 Naevius

334 1445 339 1450 .
357 1445 362 1450 .
381 1445 386 1450 .
402 1416 542 1451 Ennius
568 1417 608 1450 in
634 1418 736 1451 sexto
750 1418 754 1464 l
769 1429 836 1453 «—
852 1438 896 1442 ——-
910 1419 996 1451 ntus
1022 1417 1061 1451 in
1086 1416 1231 1452 occulto
1256 1427 1382 1451 mussa
1396 1416 1399 1463 Ι
1414 1438 1457 1442 -
1473 1438 1517 1442 -
1537 1429 1553 1451 s
1573 1417 1613 1451 in
1632 1417 1893 1451 Andromacha

333 1471 454 1516 [v111].⁷
523 1470 661 1505 Paulus
680 1483 715 1515 p.
734 1474 842 1513 127,6
857 1470 923 1504 Th.
941 1471 1127 1505 ‘mussare
1145 1480 1385 1504 murmurare.
1401 1469 1542 1504 Ennius
1556 1470 1618 1506 «in
1637 1470 1781 1505 occulto
1794 1482 1892 1504 mus-

331 1523 471 1558 sabat».
487 1523 597 1569 vulgo
612 1535 696 1559 vero
717 1535 783 1569 pro
804 1525 928 1559 tacere
949 1523 1095 1566 dicitur,
1116 1525 1159 1558 ut
1177 1523 1278 1558 idem
1291 1523 1432 1558 Ennius
1447 1525 1543 1569 (446)
1558 1534 1655 1560 «non
1675 1523 1783 1559 decet
1794 1535 1893 1557 mus-

332 1587 411 1611 sare
431 1576 598 1612 bonos».'
622 1576 673 1612 Cf.
690 1576 727 1612 C.
743 1576 799 1612 Gl.
815 1577 853 1611 L.
869 1590 906 1612 v1
926 1580 944 1611 1
966 1589 1001 1621 p.
1019 1580 1097 1611 721.

448 1635 533 1670 VH]
553 1638 649 1681 (183)
687 1636 829 1671 Gellius
848 1649 910 1671 ΧΠ
931 1638 985 1677 10,
1002 1639 1020 1669 1
1051 1635 1267 1681 ‘legebatur
1286 1635 1326 1670 in
1346 1646 1519 1671 consessu
1544 1635 1639 1670 forte
1660 1635 1893 1681 conplurium

332 1689 426 1723 Enni
446 1688 542 1724 liber
561 1700 606 1724 ex
625 1689 833 1724 annalibus.
855 1689 895 1723 in
915 1700 957 1724 eo
970 1688 1066 1723 libro
1080 1699 1205 1723 versus
1218 1689 1258 1723 hi
1271 1688 1423 1724 fuerunt
1436 1690 1678 1734 «proletarius
1689 1689 1892 1734 publicitus

333 1742 363 1787 (i
372 1753 437 1776 am
457 1742 542 1777 add.
557 1742 639 1777 Par.
655 1742 759 1777 Voss.
773 1743 875 1788 mai.)
889 1743 998 1778 sicuti
1011 1743 1111 1787 isque
1124 1742 1263 1787 (sicut
1282 1742 1451 1788 iisque)
1470 1743 1616 1787 feroque
1629 1746 1784 1778 ornatur
1796 1741 1892 1776 ferro

331 1806 452 1830 muros
473 1795 596 1840 (mur'
609 1796 690 1831 Par.
706 1796 809 1831 Voss.
830 1796 931 1841 mai.)
948 1824 954 1830 .
972 1824 978 1830 .
1000 1795 1150 1831 excubis
1169 1797 1333 1831 curant».
1350 1795 1363 1815 ²
1381 1797 1462 1830 tum
1486 1796 1541 1830 ibi
1566 1796 1696 1840 quaeri
1721 1797 1893 1841 coeptum

331 1850 387 1882 est
405 1849 495 1892 quid
516 1851 613 1884 esset
630 1849 853 1894 proletarius
869 1877 875 1883 .
893 1878 898 1883 .
916 1877 922 1883 .
938 1849 952 1869 ⁵
964 1860 1052 1884 nam
1071 1848 1111 1891 Q.
1128 1850 1331 1894 (namque
1351 1849 1472 1895 codd.)
1492 1849 1633 1884 Ennius
1653 1849 1804 1884 verbum
1823 1849 1893 1883 hoc

332 1913 375 1935 ex
388 1902 585 1937 duodecim
597 1902 736 1937 tabulis
751 1902 905 1947 accepit,
923 1902 963 1937 in
979 1902 1130 1947 quibus.
1142 1903 1230 1937 ..ita
1243 1903 1423 1947 scriptum
1442 1903 1498 1937 est
1512 1903 1540 1948 [1
1550 1907 1572 1937 4
1581 1915 1617 1947 p.
1629 1906 1695 1937 116
1708 1902 1891 1948 Scher.].

334 1955 347 1973 ⁶
359 1955 519 1999 petimus
539 1956 656 2001 igitur
675 1967 722 1990 ne
741 1955 915 1991 annalem
934 1967 1032 1990 nunc
1046 1955 1086 1998 Q.
1102 1955 1213 1990 Ennii
1228 1956 1293 1990 sed
1313 1955 1510 1990 duodecim
1529 1956 1678 1991 tabulas
1698 1955 1775 2001 legi
1794 1956 1893 1991 arbi-

332 2009 445 2043 trere’
463 2020 537 2052 eqs.
606 2008 748 2044 Nonius
762 2021 797 2054 p.
811 2012 889 2051 155,
903 2013 944 2043 21
962 2010 1020 2054 (ex
1033 2008 1166 2055 GeUio)
1183 2009 1397 2054 ‘proletarii
1411 2009 1507 2044 cives
1528 2008 1750 2044 dicebantur
1769 2009 1833 2053 qui
1852 2009 1891 2043 in

332 2061 440 2105 plebe
466 2062 686 2097 tenuissima
711 2063 818 2097 erant
843 2064 882 2097 et
908 2073 983 2097 non
1003 2062 1163 2107 amplius
1184 2073 1297 2106 quam
1314 2062 1418 2097 mille
1438 2064 1476 2097 et
1494 2062 1718 2108 quingentos
1738 2062 1834 2097 aeris
1853 2062 1893 2096 in

333 2125 481 2150 censum
494 2115 722 2150 deferebant.
744 2115 885 2150 Enm'us
900 2116 1028 2150 annali
1042 2116 1239 2161 «proletari
1251 2120 1294 2151 ut
1305 2128 1340 2161 p.
1354 2120 1525 2160 scutaque
1537 2116 1677 2160 ferique
1688 2116 1889 2151 ornatus»)

449 2174 499 2208 IX
522 2176 617 2220 (186)
668 2174 879 2209 Macrobius
901 2174 975 2209 Sat.
990 2187 1028 2210 vi
1049 2178 1079 2217 1,
1095 2178 1140 2209 54
1162 2174 1460 2220 ‘pulverulentus
1490 2184 1601 2218 eques
1630 2174 1736 2208 furit:
1766 2185 1893 2209 omnes

333 2238 435 2262 arma
459 2228 654 2272 requirunt
674 2228 776 2273 (Aen.
798 2241 850 2263 vn
870 2230 962 2273 625).
984 2227 1125 2263 Ennius
1145 2228 1185 2262 in
1204 2241 1241 2263 vx
1261 2227 1478 2264 «balantum
1498 2227 1740 2273 (balatum)
1761 2255 1791 2262 ..
1809 2256 1815 2261 .
1836 2238 1892 2262 re-

333 2281 532 2323 quirunt».’

450 2339 483 2373 X
503 2342 598 2385 (187)
636 2340 848 2375 Macrobius
863 2340 937 2375 Sat.
953 2354 990 2376 VI
1004 2345 1035 2384 2,
1049 2344 1092 2375 27
1115 2341 1211 2375 ‘itur
1229 2340 1269 2375 in
1288 2340 1483 2384 antiquam
1502 2340 1634 2375 silvam
1652 2339 1802 2375 stabula
1815 2339 1893 2375 alta

333 2391 502 2427 ferarum.
517 2393 766 2438 procumbunt
790 2393 929 2438 piceae,
951 2395 1060 2429 sonat
1083 2394 1160 2429 icta
1185 2393 1374 2428 securibus
1393 2393 1468 2428 ilex
1486 2393 1749 2437 fraxineaeque
1767 2392 1892 2428 trabes

334 2446 458 2480 cuneis
479 2448 516 2480 et
540 2446 652 2481 fissile
671 2447 784 2482 robur
809 2447 1006 2490 scinditur,
1028 2446 1229 2482 advolvunt
1252 2447 1422 2492 ingentes
1447 2446 1636 2481 montibus
1659 2457 1767 2481 ornos
1787 2446 1890 2491 (Aen.

333 2510 370 2532 v1
391 2500 481 2543 179).
503 2499 644 2534 Ennius
664 2500 703 2535 in
722 2514 760 2536 v1
779 2500 981 2537 «incedunt
1002 2529 1008 2535 .
1025 2529 1031 2534 .
1049 2529 1055 2535 .
1077 2499 1268 2535 frondosai
1287 2500 1433 2546 (191)».’

454 2669 535 2706 182
556 2669 668 2708 Intus
685 2670 727 2708 0.
736 2671 953 2710 Muellerus
1083 2671 1288 2710 mussabat
1305 2671 1456 2709 Paulus
1472 2670 1723 2708 Thewrewkii
1740 2682 1890 2708 mussa-

334 2727 430 2765 bant
449 2728 560 2776 vulyo
663 2728 831 2773 Quintus
847 2761 853 2766 .
870 2760 877 2767 .
893 2761 900 2767 .
915 2730 1120 2769 mussabat
1141 2731 1302 2768 Merula
1398 2730 1480 2767 183
1508 2730 1707 2778 scutisque
1726 2729 1891 2767 Iuntina

336 2786 451 2824 Gellii
476 2788 696 2836 scuteisque
724 2787 943 2827 Gronovius
1078 2790 1159 2827 186
1192 2789 1407 2827 Balantum
1437 2788 1604 2838 pecudes
1629 2788 1836 2826 Lucretius
1860 2800 1891 2825 11

335 2843 418 2893 369
435 2845 500 2893 (cf.
517 2846 625 2894 Very.
636 2858 791 2895 9e0r9.1
808 2855 857 2894 27
867 2856 887 2883 2
901 2846 999 2886 Aen.
1013 2861 1071 2886 vn
1087 2846 1202 2896 538),
1215 2860 1264 2886 ne
1283 2848 1503 2896 corriqendo
1516 2849 1685 2895 pen-„qaut
1702 2847 1891 2885 hariolari

454 2905 535 2942 187
562 2905 716 2954 peralta
741 2906 796 2943 Is.
823 2906 1047 2955 Hilberyius
