2020 3334
731 221 933 258 OVIDIUS.
972 223 1127 259 LIVIUS
1634 229 1712 264 LXI

159 329 249 368 Non
281 329 507 368 dubitamus
540 331 636 379 quin
667 332 788 370 Ennii
819 335 980 373 annales
1011 335 1134 384 dicat,
1169 337 1261 375 licet
1292 340 1449 387 poetam
1480 352 1557 377 non
1589 342 1711 378 nomi-

159 391 243 437 net,
281 402 396 438 quem
432 401 565 427 rursus
603 392 648 427 ut
685 403 803 440 supra
835 405 922 430 cum
952 393 1134 432 Lucretio
1166 400 1379 446 comparat.
1442 398 1493 435 Et
1523 398 1620 436 Iliae
1651 413 1710 438 res

160 448 202 485 in
234 448 444 486 annalibus
470 449 667 498 expositas
692 450 755 487 vel
779 450 894 489 hodie
919 453 1110 501 reliquiae
1137 467 1235 502 quae
1261 458 1414 493 exstant
1438 457 1582 495 indicio
1608 461 1710 496 sunt.

159 505 269 551 Quod
314 508 517 556 praeterea
559 507 733 546 Enniani
776 511 835 547 est
878 510 982 559 apud
1020 510 1205 550 Ovidium
1246 526 1290 551 eo
1332 527 1446 552 versu
1490 517 1711 554 continetur

161 578 277 615 quem
307 567 349 603 in
381 567 516 603 annali
546 560 674 615 111ὤο
706 564 865 619 [ΧΧΧΙΧ]
897 570 1014 618 posui
1058 571 1167 609 Unus
1204 574 1275 610 erit
1311 585 1420 620 quem
1457 577 1498 611 ta
1534 576 1637 613 tolles
1667 577 1710 613 in

158 625 316 663 caerula
335 625 432 663 caeli
450 626 601 673 templa.
629 624 715 670 Quo
735 639 850 664 versu
868 627 928 665 bis
948 640 1039 666 usus
1060 631 1120 667 est
1139 629 1302 668 Ovidius
1322 634 1412 669 met.
1433 644 1502 670 xiv
1522 634 1709 682 812sqq.‚

157 684 247 722 fast.
274 696 304 720 11
329 684 414 721 485
425 696 527 733 sqq.,
567 687 607 722 et
646 684 780 722 eodem
818 685 1026 735 utrobique
1064 687 1241 726 artificio.
1279 689 1446 727 Martem
1483 692 1585 728 enim
1617 693 1710 730 haec

158 742 353 780 dicentem
390 743 505 791 facit,
542 756 630 781 cum
668 743 714 780 de
747 744 905 782 Romuli
942 748 1045 783 sorte
1077 746 1209 784 Iovem
1241 748 1325 785 adit
1355 761 1519 797 eumque
1551 753 1637 788 orat
1667 754 1711 788 ut

156 803 245 839 rata
281 802 405 839 faciat
443 814 542 850 quae
580 802 675 840 olim
712 804 754 839 in
791 803 952 841 deorum
991 805 1155 843 concilio
1189 806 1250 844 his
1282 807 1377 855 ipsis
1408 808 1535 846 verbis
1568 811 1710 857 promi-

157 861 253 899 serit
289 873 328 898 se
366 860 563 899 audiente.
602 861 796 900 Audierat
831 863 927 901 haec
965 865 1095 901 autem
1127 865 1169 902 in
1200 877 1243 902 eo
1277 866 1379 914 quod
1412 866 1515 915 apud
1541 867 1711 905 Ennium

157 920 199 957 in
237 919 445 958 annalibus
484 922 568 958 erat
605 921 815 958 concilium
849 921 1020 959 deorum.
1059 922 1116 960 De
1156 923 1229 961 hoc
1267 924 1431 962 artificio
1469 925 1634 963 disserui
1670 928 1711 963 in

156 980 269 1027 parte
295 991 326 1016 11
357 978 403 1016 de
435 979 547 1017 libris
580 979 783 1019 Ennianis.
817 980 937 1018 Ennii
967 994 1122 1019 versum
1155 995 1235 1020 esse
1262 981 1425 1021 Ovidius
1457 987 1594 1022 neutro
1626 985 1710 1023 loco

157 1037 271 1086 dixit,
301 1050 427 1086 neque
453 1038 580 1076 Varro
607 1039 676 1087 qui
708 1051 752 1076 eo
783 1041 911 1077 utitur
942 1040 988 1078 de
1014 1041 1039 1077 1.
1065 1039 1106 1077 L.
1129 1054 1185 1079 vn
1207 1042 1243 1079 6.
1278 1041 1352 1079 Sed
1384 1043 1470 1091 ipsa
1500 1044 1601 1080 ratio
1634 1057 1711 1092 qua

158 1108 246 1134 eum
272 1095 436 1135 Ovidius
468 1097 650 1135 adhibuit
681 1099 872 1148 patefacit
903 1112 979 1136 non
1011 1099 1139 1137 locum
1170 1100 1351 1139 habuisse
1380 1102 1457 1139 nisi
1487 1103 1528 1138 in
1561 1103 1711 1140 annali-

158 1155 228 1193 bus
261 1156 390 1193 Ennii.
426 1156 512 1194 Hoc
543 1158 678 1195 autem
710 1158 898 1206 exemplo,
936 1171 1012 1196 non
1045 1160 1173 1196 minus
1205 1159 1285 1197 illis
1319 1172 1417 1208 quae
1449 1160 1495 1197 de
1527 1160 1602 1198 Ilia
1632 1161 1709 1198 En-

158 1216 277 1252 niana
307 1217 552 1264 memoravit,
585 1219 751 1266 apparet
776 1215 963 1255 Ovidium
994 1230 1071 1255 non
1103 1218 1228 1256 solum
1253 1219 1383 1267 ipsum
1408 1219 1528 1256 Ennii
1553 1220 1710 1258 annales

157 1275 335 1324 cognitos
372 1274 571 1323 habuisse,
609 1275 675 1313 sed
714 1276 834 1313 etiam
871 1277 920 1314 iis
959 1278 1158 1326 scripsisse
1197 1278 1266 1326 qui
1301 1290 1434 1315 eorum
1465 1291 1542 1316 non
1574 1279 1711 1316 leviter

157 1334 277 1383 periti
308 1336 445 1371 essent.

277 1390 464 1430 Ovidium
501 1394 672 1443 excipiat
709 1393 846 1432 Livius
884 1407 961 1432 non
999 1395 1124 1433 solum
1162 1396 1303 1433 aetatis
1348 1407 1463 1433 causa
1507 1408 1583 1444 qua
1623 1409 1710 1433 cum

158 1464 202 1489 eo
224 1452 476 1502 coniungitur
495 1446 548 1505 (a.
572 1448 836 1506 695-770),
862 1454 928 1491 sed
954 1453 1001 1491 ob
1027 1454 1351 1492 necessitudinem
1378 1454 1572 1502 quandam
1593 1468 1710 1503 quam

157 1510 272 1548 ambo
310 1523 398 1548 cum
429 1511 558 1549 Ennio
596 1511 778 1550 habuisse
816 1512 1039 1550 creduntur.
1078 1512 1214 1551 Livius
1246 1513 1418 1550 Ennium
1455 1513 1514 1551 bis
1553 1515 1709 1551 omnino

156 1571 407 1619 memoravit,
445 1583 601 1610 xxxvm
635 1572 708 1619 56,
735 1573 761 1609 4
798 1572 946 1610 Romae
984 1575 1091 1610 extra
1127 1575 1284 1619 portam
1323 1572 1519 1619 Capenam
1553 1574 1594 1610 in
1630 1572 1710 1611 Sci-

149 1630 316 1676 pionum
352 1633 594 1668 monumento
631 1633 706 1668 tres
742 1633 892 1668 statuae
928 1634 1034 1675 sunt,
1074 1643 1241 1678 quaram
1278 1631 1377 1669 duae
1412 1632 1456 1668 P.
1489 1634 1521 1669 et
1552 1632 1600 1668 L.
1631 1631 1710 1669 Sci-

149 1689 316 1735 pionum
347 1689 530 1727 dicuntur
561 1701 649 1734 esse,
681 1691 793 1728 tertia
816 1693 953 1738 poetae
979 1690 1021 1738 Q.
1047 1691 1183 1738 Ennii,
1215 1690 1260 1727 de
1294 1702 1371 1738 qua
1402 1691 1588 1727 memoria
1618 1691 1710 1739 quid

156 1746 406 1785 iudicandum
447 1750 548 1786 esset
585 1761 704 1798 supra
741 1763 778 1798 p.
805 1761 874 1786 XIx
912 1750 1090 1798 exposui,
1125 1751 1164 1786 et
1195 1761 1273 1786 xxx
1309 1750 1380 1797 26,
1403 1750 1425 1786 9
1466 1748 1516 1786 ad
1547 1762 1580 1786 a.
1615 1750 1710 1796 551,

156 1818 245 1843 cum
275 1808 442 1844 mortem
473 1806 515 1851 Q.
543 1807 658 1844 Fabii
682 1808 845 1845 Maximi
875 1808 1048 1856 referret,
1081 1821 1170 1845 cum
1205 1808 1284 1845 alia
1315 1810 1400 1845 tum
1430 1808 1525 1845 haec
1556 1809 1597 1845 in
1629 1809 1710 1845 eius

155 1864 312 1902 laudem
344 1866 500 1904 attulit:
531 1868 681 1904 cautior
711 1879 828 1914 quam
851 1869 1070 1914 promptior
1099 1868 1160 1905 hic
1190 1868 1353 1911 habitus,
1385 1869 1418 1905 et
1444 1869 1541 1905 sicut
1565 1867 1710 1904 dubites

154 1926 286 1962 utrum
316 1926 470 1973 inqenio
502 1928 699 1964 cunctator
728 1927 848 1973 faerit
878 1939 931 1964 an
961 1928 1053 1974 qaia
1084 1928 1141 1964 ita
1172 1926 1264 1964 bello
1289 1927 1466 1973 proprie,
1501 1926 1601 1973 quod
1631 1929 1710 1963 tum

152 1984 373 2031 gerebatur,
411 1987 545 2032 aptum
583 1987 681 2029 erat,
718 1987 774 2023 sie
809 1986 909 2023 nihil
945 1987 1084 2023 certius
1121 1987 1190 2029 est,
1225 1997 1341 2032 quam
1370 1997 1493 2021 unam
1522 1985 1710 2022 homi-nem

154 2043 264 2080 nobis
295 2044 507 2081 cunctando
539 2056 619 2081 rem
649 2045 870 2088 restituisse,
900 2046 999 2082 sieut
1024 2044 1181 2081 Ennius
1213 2045 1277 2081 ait.
1311 2042 1432 2087 Quem
1457 2055 1612 2080 versum
1643 2055 1709 2080 no-

156 2102 353 2139 tissimum
384 2103 504 2140 semel
536 2104 575 2139 et
605 2103 749 2139 iterum
781 2115 804 2139 a
836 2101 1020 2140 Cicerone
1052 2103 1178 2140 solum
1209 2104 1278 2139 aut
1302 2114 1391 2139 cum
1416 2101 1708 2149 insequentibus

155 2160 306 2198 duobus
332 2161 499 2198 citatum
525 2174 572 2198 ne
598 2163 683 2198 erat
709 2161 866 2209 quidem
896 2161 1000 2209 quod
1025 2161 1171 2208 Livius,
1204 2162 1273 2208 qui
1298 2172 1386 2197 eum
1411 2160 1549 2197 solutis
1575 2173 1708 2197 nume-

155 2220 208 2256 ris
241 2219 370 2267 affert,
407 2232 451 2256 ex
482 2220 578 2267 ipsis
611 2219 818 2256 annalibus
849 2221 1052 2267 repeteret.
1116 2218 1191 2256 Sed
1223 2219 1381 2256 annales
1414 2231 1501 2256 eum
1533 2220 1708 2268 cognitos

154 2277 336 2315 habuisse
380 2280 420 2315 et
462 2290 756 2326 nonnumquam
799 2279 840 2315 in
884 2290 973 2315 suos
1016 2290 1110 2315 usus
1157 2278 1392 2316 convertisse
1440 2277 1708 2326 probabilibus

156 2337 375 2374 rationibus
409 2338 608 2385 statuitur,
641 2337 745 2385 quod
777 2337 859 2386 ipse
887 2337 980 2375 olim
1005 2338 1046 2374 in
1074 2336 1289 2384 Quaestion.
1323 2337 1497 2374 Ennian.
1523 2336 1708 2385 exemplis

156 2395 391 2444 quibusdam
417 2396 645 2433 confirmare
672 2396 821 2444 studui3
852 2397 961 2433 velut
985 2408 1119 2434 versus
1147 2396 1287 2444 quibus
1313 2395 1546 2433 desiderium
1572 2396 1709 2444 populi

155 2457 245 2503 post
275 2467 472 2493 excessum
511 2456 669 2493 Romuli
705 2456 747 2492 in
772 2467 787 2492 1
815 2451 919 2506 [LXI]
957 2454 1208 2503 describitur,
1247 2454 1460 2503 Tarquinio
1499 2454 1631 2492 Prisco
1667 2455 1708 2490 in

157 2513 298 2552 itinere
331 2515 479 2552 factum
511 2527 624 2552 omen
655 2516 697 2551 in
728 2516 845 2552 tertio
880 2511 920 2562 [1.
942 2512 987 2563 11]
1021 2514 1200 2562 relatum,
1234 2513 1408 2562 proxime
1439 2515 1530 2562 post
1560 2512 1708 2550 cladem

158 2572 400 2611 Cannensem
428 2586 527 2622 quae
553 2574 594 2610 in
621 2574 759 2611 castris
786 2574 972 2610 Romanis
998 2575 1109 2622 gesta
1136 2584 1217 2610 esse
1244 2572 1405 2620 Ennius,
1438 2571 1541 2620 quod
1567 2584 1612 2609 ex
1637 2583 1708 2609 vm

155 2627 255 2683 [X1x.
276 2628 348 2683 xx]
381 2634 651 2683 cognoscatur,
689 2632 951 2681 perhibuerat,
990 2632 1086 2670 haec
1124 2633 1182 2669 ita
1220 2644 1307 2669 cum
1343 2631 1447 2669 Livii
1486 2631 1706 2668 narratione

157 2685 189 2743 (1
213 2692 276 2739 16,
298 2693 341 2739 33
374 2705 387 2728 1
409 2693 475 2739 34,
497 2693 540 2740 83
573 2704 657 2728 xxn
679 2692 745 2739 50,
767 2686 905 2743 4sqq.)
932 2692 1169 2740 conspirant,
1201 2692 1246 2728 ut
1277 2690 1460 2728 credibile
1487 2689 1555 2726 fiat
1580 2690 1614 2726 ei
1641 2701 1706 2725 an-

155 2750 264 2788 nales
296 2750 416 2788 Ennii
447 2751 672 2789 obversatos
705 2762 796 2788 esse.
839 2749 950 2794 Quod
981 2763 1073 2788 vero
1112 2751 1232 2788 etiam
1269 2762 1386 2798 puros
1424 2750 1539 2797 putos
1574 2758 1705 2784 versus

155 2808 355 2847 Ennianos
388 2823 434 2846 ex
459 2810 564 2847 Livii
596 2811 771 2847 oratione
804 2809 996 2857 expiscari
1029 2811 1204 2847 animum
1234 2808 1481 2853 induxerunt,
1513 2818 1581 2843 nec
1613 2805 1706 2842 olim

155 2880 216 2905 me
236 2870 513 2906 assentientem
533 2881 657 2917 neque
678 2881 780 2905 nunc
799 2868 962 2906 habent:
988 2868 1097 2906 velut
1117 2867 1221 2916 quod
1241 2865 1393 2916 Hugius
1414 2878 1458 2903 ex
1474 2876 1556 2901 xxn
1569 2865 1635 2911 50,
1652 2865 1705 2901 10

156 2939 233 2964 11011
264 2928 428 2965 mutatis
460 2928 587 2967 verbis
619 2928 688 2965 hos
720 2928 964 2965 hexametros
996 2927 1243 2976 recuperavit
