2004 3278
267 172 356 208 CXC
780 169 825 205 Π.
851 168 916 203 DE
935 167 1089 203 LIBRIS
1107 166 1339 202 ENNIANIS

261 284 404 322 Hanno
430 282 668 321 sententiam
692 282 854 331 rogatus
881 276 972 318 ‘non
999 276 1160 318 desisse'
1186 280 1245 317 ait
1264 275 1481 329 ‘paenitere
1506 293 1546 319 se
1570 277 1695 329 belli',
1720 280 1825 330 quod

265 342 423 391 quidem
442 343 524 379 tam
545 341 744 391 integrum
762 339 936 378 habeant
953 351 1073 388 quam
1087 351 1164 388 quo
1178 338 1240 377 die
1253 338 1457 377 Hannibal
1469 340 1511 377 in
1525 340 1686 378 Italiam
1698 342 1825 378 trans-

263 413 417 452 gressus
439 401 491 438 sit
511 394 667 452 (Livius
687 399 711 436 1.
732 399 757 436 l.
781 400 847 447 12,
870 399 935 436 10.
959 400 1025 446 13,
1042 393 1097 451 2).
1125 397 1274 443 Quodsi
1292 398 1444 437 Ennius
1471 411 1626 448 quoque
1652 399 1826 448 aliquem

263 459 499 498 Hannonem
529 459 572 496 in
603 470 692 497 suos
724 458 887 496 annales
918 457 1120 506 intulerat,
1152 458 1195 495 in
1226 458 1309 496 eius
1334 459 1506 496 mentem
1529 458 1715 497 videntur
1739 470 1824 508 per-

262 518 461 557 commode
495 517 688 567 quadrare
720 518 815 555 haec
846 518 913 566 qui
944 518 1063 556 vineit
1085 528 1164 554 non
1189 520 1244 555 est
1272 518 1393 555 victor
1421 518 1501 556 nisi
1530 518 1653 556 victus
1682 519 1826 565 fatetur

261 573 347 630 (lib.
367 578 441 615 inc.
463 589 560 614 xxm
580 577 647 615 sed
667 576 714 615 cf.
735 590 771 626 p.
794 570 992 629 cnxxvm)
1019 579 1059 614 et
1083 576 1177 614 dum
1202 577 1355 624 quidem
1373 587 1476 614 unus
1495 577 1604 614 homo
1623 577 1827 615 Romanus

259 640 346 686 toya
370 638 579 685 superescit
603 630 689 688 (lib.
708 636 782 674 inc.
804 630 947 689 xxxn).

381 695 488 740 Quae
514 695 666 733 cladem
687 694 929 733 Cannensem
954 696 1129 745 proxime
1149 697 1283 733 secuta
1302 697 1404 744 sunt,
1431 707 1477 733 ea
1496 695 1647 733 Ennius
1668 695 1719 733 ad
1738 708 1828 733 eum

260 756 342 793 fere
368 755 528 793 modum
554 767 631 804 quo
657 753 794 793 Livius
820 754 978 792 videtur
1006 767 1197 792 narrasse.
1230 767 1316 791 xxn
1337 755 1404 803 50,
1426 755 1451 792 4
1484 755 1586 793 binis
1616 756 1659 792 in
1690 756 1828 793 eastris

263 826 350 853 cum
374 814 578 852 multitudo
603 815 816 852 semiermis
841 815 924 852 sine
949 814 1112 852 ducibus
1138 816 1241 858 esset,
1265 815 1448 852 nuntium
1467 815 1594 862 quiin
1613 814 1828 852 maioribus

264 877 375 912 erant
398 875 564 918 mittunt,
590 873 683 911 dum
696 873 859 921 proelio,
885 873 1022 911 deinde
1042 885 1086 911 ex
1105 873 1252 911 laetitia
1272 874 1395 921 epulis
1414 874 1597 922 fatigatos
1616 875 1723 921 quies
1740 884 1828 911 noc-

263 936 383 970 turna
407 933 529 971 hostes
548 935 751 980 premeret,
776 935 819 970 ut
843 933 896 970 ad
920 943 959 970 se
984 934 1214 970 transirent:
1238 943 1316 970 uno
1336 934 1488 981 aymine
1510 932 1727 971 Canusium
1746 933 1829 971 abi—

261 994 368 1030 turos
388 1003 467 1030 esse
486 1012 543 1017 -—
563 986 630 1044 (6)
650 992 693 1029 P.
713 991 965 1039 Sempronius
987 991 1207 1029 Tuditanus
1232 992 1412 1030 tribunus
1430 993 1598 1030 militwm
1618 989 1722 1040 ‘capi
1741 1003 1828 1040 erqo

263 1048 461 1089 mavultis'
489 1052 615 1098 inquit
640 1047 705 1088 eab
735 1052 966 1089 avarissimo
993 1053 1026 1089 et
1050 1051 1314 1089 crudelissimo
1342 1052 1445 1089 hoste
1467 1073 1516 1077 —-
1541 1045 1607 1104 (8)
1632 1052 1700 1089 sed
1725 1054 1829 1089 ante-

263 1122 380 1158 quam
405 1111 590 1158 opprimit
613 1111 681 1147 lux
705 1111 930 1158 maioraque
955 1111 1120 1148 hostium
1145 1112 1304 1159 aymina
1323 1111 1550 1158 obsaepiunt
1567 1111 1651 1155 iter,
1668 1122 1744 1158 per
1762 1111 1829 1148 hos

266 1171 333 1217 qui
357 1170 574 1207 inordinati
593 1172 704 1216 atque
723 1171 965 1217 incompositi
990 1170 1211 1217 obstrepunt
1222 1171 1349 1217 portis
1369 1165 1634 1218 erumpamus'
1656 1191 1709 1195 —
1733 1163 1828 1221 (10)

262 1229 354 1266 haec
378 1229 446 1266 ubi
471 1229 574 1266 dieta
600 1228 715 1272 dedit,
739 1230 896 1276 strinqit
915 1229 1094 1276 yladium
1120 1239 1310 1276 cuneoque
1334 1230 1436 1276 facto
1454 1240 1530 1276 per
1553 1229 1698 1267 medios
1722 1228 1831 1266 vadit

268 1288 400 1325 hostes.
433 1281 596 1338 (Confer
621 1286 787 1325 eundem
812 1299 898 1324 XX11
920 1288 986 1335 60,
1009 1288 1045 1325 9.
1068 1282 1154 1340 22).
1187 1287 1246 1324 Ex
1273 1288 1348 1325 hac
1373 1288 1599 1326 narratione
1625 1288 1719 1326 licet
1743 1300 1830 1326 ver-

266 1358 379 1384 suum
405 1358 486 1383 X1x.
507 1358 559 1382 XX
586 1359 728 1383 nexum
755 1346 957 1395 dispicere.
982 1346 1065 1384 Nec
1090 1347 1148 1384 ita
1173 1346 1403 1385 incredibile
1429 1349 1489 1385 est
1506 1346 1622 1385 Livio
1649 1360 1737 1385 cum
1758 1347 1830 1384 illa

269 1407 448 1442 exararet
473 1405 634 1443 annales
657 1405 778 1442 Ennii
798 1405 1024 1443 obversatos
1046 1418 1140 1456 esse,
1166 1406 1234 1443 sed
1253 1418 1388 1444 versus
1416 1407 1537 1444 etiam
1560 1407 1762 1444 Ennianos
1788 1407 1830 1443 in

264 1463 433 1502 Liviana
452 1465 630 1502 oratione
651 1464 876 1502 delitescere
896 1464 995 1502 mihi
1014 1477 1092 1502 non
1112 1465 1387 1515 persuadetur:
1407 1465 1454 1503 de
1473 1478 1550 1514 qua
1569 1478 1611 1503 re
1626 1465 1723 1503 alibi
1736 1465 1829 1503 dixi.

382 1522 490 1568 Quae
516 1525 680 1571 restant,
707 1536 948 1573 quamquam
973 1526 1131 1574 praeter
1156 1538 1278 1562 unum
1302 1525 1397 1562 libri
1421 1527 1557 1563 notam
1576 1538 1654 1563 non
1672 1525 1830 1572 habent,

263 1584 397 1620 tamen
429 1582 627 1621 dubitatio
659 1595 738 1621 non
770 1585 830 1621 est
862 1584 957 1632 quin
988 1584 1030 1620 in
1062 1584 1136 1621 hoc
1166 1584 1268 1622 libro
1300 1586 1340 1622 et
1371 1584 1443 1622 hac
1469 1584 1563 1622 libri
1587 1586 1700 1634 parte
1725 1586 1830 1622 recte

263 1642 457 1680 collocata
483 1642 572 1680 sint.
606 1642 664 1680 Ac
690 1654 825 1680 versus
853 1642 1018 1691 Quintus
1036 1646 1153 1691 pater
1177 1646 1360 1691 quartum
1383 1644 1430 1690 fit
1453 1644 1586 1682 consul
1611 1638 1719 1696 (XX1)
1745 1644 1830 1692 ipse

263 1701 338 1739 sibi
358 1702 471 1740 testis
493 1703 552 1739 est
571 1701 622 1739 ad
642 1713 676 1739 a.
697 1715 732 1739 u.
755 1714 784 1739 c.
808 1702 892 1740 540
913 1701 999 1739 coll.
1025 1701 1140 1740 Livio
1162 1715 1258 1740 XXIV
1280 1705 1317 1750 9,
1338 1703 1362 1740 3
1390 1704 1596 1752 pertinere.
1623 1702 1683 1740 Ex
1704 1703 1829 1740 altera

265 1762 378 1810 parte
405 1773 486 1799 xxv
512 1774 557 1799 ex
583 1762 723 1799 octavo
750 1761 917 1798 allatum
943 1762 976 1799 si
1000 1764 1104 1799 recte
1130 1762 1300 1810 explicui
1326 1763 1365 1799 et
1391 1762 1440 1799 ad
1465 1761 1697 1799 Marcellum
1717 1763 1831 1810 eique

264 1822 354 1869 post
368 1822 506 1869 captas
522 1819 737 1869 Syracusas
753 1820 989 1871 denegatum
1002 1820 1246 1870 triumphum
1261 1821 1400 1858 rettuli
1419 1820 1589 1858 efficitur
1602 1833 1636 1858 a.
1651 1835 1689 1858 u.
1705 1834 1734 1859 c.
1745 1821 1828 1859 543

264 1881 364 1917 teste
390 1878 505 1917 Livio
532 1891 630 1918 XXVI
651 1881 719 1927 21,
741 1880 784 1928 53
817 1881 857 1917 et
888 1880 1028 1929 opinor
1059 1880 1163 1917 hunc
1194 1893 1324 1917 rerum
1355 1880 1569 1917 terminum
1596 1881 1713 1918 huius
1738 1880 1831 1917 libri

267 1939 536 1976 narrationem
561 1951 640 1976 non
665 1939 835 1976 multum
862 1940 1080 1977 excessisse.
1109 1937 1165 1976 Cf.
1193 1939 1243 1976 ad
1267 1939 1334 1977 lib.
1355 1951 1407 1976 1x.
1435 1938 1541 1984 Quae
1567 1939 1697 1977 media
1728 1941 1831 1988 sunt,

265 2010 399 2036 eorum
419 2010 520 2035 xxm
546 1998 591 2035 ob
617 1998 785 2036 Romam
814 2000 928 2036 noctu
959 1998 1123 2046 leyiones
1149 1998 1286 2037 ducere
1310 2000 1447 2046 coepit,
1483 1998 1639 2047 quando
1672 1998 1832 2047 quidem

266 2057 429 2106 legiones
450 2057 636 2094 dicuntur
655 2058 777 2095 etiam
797 2058 932 2107 copiae
953 2056 1355 2107 Carthaginiensium,
1374 2057 1639 2096 Hannibalem
1655 2057 1830 2095 indicare

266 2116 435 2165 videtur,
462 2129 578 2165 quem
603 2115 741 2154 Livius
768 2129 865 2155 XXVI
887 2118 924 2164 7,
945 2117 968 2154 3
996 2118 1134 2154 narrat
1159 2129 1192 2154 a.
1218 2130 1255 2154 u.
1282 2129 1312 2154 c.
1342 2117 1425 2154 543
1458 2118 1641 2164 impetum
1668 2117 1832 2155 subiisse

268 2179 383 2223 caput
407 2177 537 2224 ipsum
563 2176 650 2214 belli
675 2176 842 2214 Romam
864 2176 1034 2223 petendi,
1067 2176 1170 2225 quod
1198 2176 1312 2213 illum
1338 2176 1509 2214 effecisse
1536 2178 1575 2214 et
1600 2178 1719 2214 noctu
1746 2176 1830 2225 qui-

268 2234 356 2272 dem
376 2235 596 2284 profectum
617 2247 698 2273 esse
717 2235 823 2273 idem
843 2247 932 2272 cum
955 2236 989 2284 7,
1014 2236 1067 2273 10
1093 2237 1180 2273 tum
1202 2236 1267 2283 10,
1289 2235 1379 2284 3sq.
1400 2235 1567 2284 rettulit,
1593 2236 1689 2273 item
1709 2234 1830 2273 Silius

267 2305 324 2330 ΧΠ
340 2295 422 2332 507
433 2306 516 2343 sqq.
544 2294 608 2331 Fr.
629 2307 714 2331 xxn
741 2296 780 2332 et
805 2306 903 2333 xxlv
928 2296 1112 2344 apertum
1137 2296 1195 2332 est
1221 2293 1271 2332 ad
1290 2307 1350 2332 res
1369 2294 1450 2332 illis
1472 2295 1583 2333 annis
1603 2295 1645 2331 in
1666 2293 1831 2343 Campa-

268 2353 334 2390 nia
359 2355 489 2403 gestas
508 2353 648 2403 redire,
675 2365 915 2402 quamquam
941 2354 1048 2403 ipsas
1074 2354 1297 2391 occasiones
1316 2355 1535 2391 monstrare
1554 2366 1632 2392 non
1652 2354 1830 2404 contigit.

384 2412 509 2450 Noni
534 2413 728 2451 annalis
754 2415 809 2461 ut,
837 2413 967 2462 quoad
993 2413 1076 2451 eius
1101 2412 1187 2449 fieri
1205 2414 1347 2461 potest,
1373 2414 1651 2462 argumentum
1670 2411 1831 2450 definia-

271 2472 337 2508 tur
363 2471 595 2509 ordiendum
620 2473 679 2510 est
705 2485 728 2510 a
750 2472 797 2509 fr.
817 2484 859 2510 1v
879 2484 956 2520 quo
977 2471 1192 2522 Cethegum
1212 2472 1252 2509 et
1270 2471 1511 2508 Tuditanum
1531 2471 1707 2509 consules
1727 2483 1832 2509 crea-

268 2531 330 2567 tos
350 2530 589 2579 perhibetur,
614 2531 682 2579 qui
700 2532 801 2569 teste
821 2530 935 2569 Livio
949 2543 1046 2568 XXIX
1069 2532 1135 2579 11,
1158 2532 1211 2568 10
1232 2542 1265 2568 a.
1286 2543 1324 2568 u.
1345 2542 1375 2567 c.
1396 2530 1478 2568 549
1500 2530 1677 2568 consules
1697 2531 1831 2578 creati,

269 2588 403 2626 eodem
434 2590 534 2627 teste
554 2601 651 2626 XX1x
674 2590 740 2638 13,
763 2592 783 2627 1
808 2602 841 2627 a.
862 2603 898 2627 u.
920 2602 949 2627 c.
973 2590 1058 2628 550
1091 2590 1339 2628 consulatum
1368 2589 1561 2637 inierunt,
1594 2590 1662 2638 qui
1694 2601 1831 2638 annus,

268 2649 314 2685 ut
347 2647 404 2685 ibi
428 2647 566 2687 Livius
597 2650 800 2696 memorat,
833 2650 994 2698 quintus
1027 2649 1199 2687 decimus
1229 2648 1325 2686 belli
1355 2647 1494 2685 Punici
1526 2650 1620 2686 erat.
1656 2647 1831 2697 Cumque

270 2707 366 2745 belli
390 2706 514 2756 ipsius
539 2706 627 2744 finis
646 2707 688 2744 in
708 2720 741 2747 a.
762 2721 798 2745 u.
820 2720 849 2745 c.
874 2708 956 2746 553
977 2707 1140 2757 incidat,
1166 2707 1381 2755 conficitur,
1405 2708 1447 2744 in
1466 2707 1539 2744 hoc
1559 2707 1661 2745 libro
1680 2707 1831 2744 Hanni-

272 2766 373 2804 balis
398 2778 459 2804 res
484 2767 717 2804 terminatas
744 2778 837 2814 esse,
862 2779 989 2815 neque
1008 2768 1045 2804 ei
1063 2768 1211 2805 rationi
1230 2766 1363 2804 obesse
1383 2777 1531 2814 censeo,
1558 2766 1663 2815 quod
1684 2765 1831 2814 Cicero,

272 2837 360 2863 cum
386 2837 450 2864 eos
475 2837 610 2864 versus
636 2838 681 2863 ex
706 2837 809 2863 nono
835 2825 970 2863 annali
995 2826 1141 2875 petitos
1167 2825 1285 2873 dicat,
1309 2827 1353 2863 ut
1370 2826 1507 2872 opinor
1526 2825 1691 2873 addidit,
1717 2826 1832 2874 quasi

271 2884 444 2922 incertus
476 2884 608 2933 fuerit,
641 2885 710 2933 qui
742 2896 781 2922 se
814 2885 939 2922 videri
969 2886 1196 2923 memoriter
1225 2885 1336 2933 loqui
1366 2884 1503 2922 voluit.
1538 2883 1594 2922 Cf.
1622 2885 1695 2923 act.
1723 2883 1830 2922 acad.

1988 1156 1999 1175 m
1984 1088 2002 1153 ami·
1982 967 2004 1084 w
