2054 3282
328 190 383 231 98
862 183 1122 220 ANNALmM
1145 183 1233 219 Lm.
1253 182 1345 219 mc.

1058 301 1155 337 LXV

327 367 413 410 535
446 366 551 408 Cum
583 365 691 407 illud
717 378 801 420 quo
828 364 913 405 iam
939 363 1069 405 semel
1094 366 1159 405 est
1184 362 1350 405 imbuta
1375 378 1538 405 veneno

1045 467 1160 502 LXVI

327 532 413 574 536
446 531 566 574 Sicut
590 530 724 585 siquis
749 530 859 572 ferat
882 543 956 571 vas
982 529 1072 571 vini
1098 529 1368 571 dimidiatum

1040 633 1173 668 LXVII

324 697 408 739 537
442 695 586 752 Atque
619 699 746 751 atque
773 695 937 738 accedit
961 709 1106 737 muros
1131 694 1327 736 Romana
1351 694 1549 736 iuventus

569 837 571 839 ,
1034 799 1182 834 LXVIII

323 862 409 904 538
695 861 974 915 fortunasque
1004 875 1102 904 suas
1128 875 1305 915 coepere
1331 859 1519 902 latrones

441 933 559 976 Inter
584 948 629 975 se
654 947 888 975 memorare

443 1067 540 1102 LXV
560 1068 655 1113 (535)
693 1066 824 1101 Festus
845 1077 889 1100 ex
909 1077 1035 1112 apogr.
1050 1066 1073 1100 1.
1088 1079 1136 1100 xx
1154 1078 1190 1111 p.
1206 1070 1285 1108 574,
1301 1070 1321 1100 2
1335 1055 1451 1111 Th.'p.
1468 1069 1512 1101 83
1532 1065 1752 1101 Mommseni
1774 1066 1887 1101 ‘bant

322 1123 411 1166 (not.
420 1120 557 1155 Victor.
574 1119 791 1155 dicebant
804 1119 884 1154 Urs.
899 1131 1116 1154 venenum
1129 1119 1341 1154 nominab
1351 1119 1521 1154 antVat.
1532 1119 1555 1154 S
1567 1119 1719 1165 Leid.Y)
1728 1119 1885 1164 antiqui,

324 1175 428 1209 cuius
449 1174 549 1209 color
568 1173 766 1208 inficiendo
785 1174 953 1207 mutatur
972 1173 1201 1218 (mutabur
1218 1174 1293 1208 not.
1310 1172 1448 1207 Victor.
1462 1172 1727 1208 mutabatur
1746 1172 1826 1219 SY)
1845 1174 1889 1207 ut

324 1228 465 1262 Ennius
485 1239 569 1262 cum
589 1227 643 1261 ait
661 1238 767 1262 «cum
786 1226 881 1260 illud
897 1255 903 1260 .
921 1255 927 1260 .
945 1255 951 1260 .
966 1227 1158 1261 veneno».’

441 1280 556 1315 LXVI
575 1280 670 1325 (536)
697 1279 838 1314 Gellius
858 1293 900 1314 111
921 1283 975 1323 14,
990 1284 1011 1314 4
1028 1279 1159 1315 ‘Varro
1175 1308 1181 1314 .
1199 1309 1205 1314 .
1223 1309 1228 1314 .
1244 1280 1396 1314 disserit
1414 1290 1456 1314 ac
1477 1279 1614 1314 dividit
1633 1279 1885 1322 subtilissime,

324 1334 415 1379 quid
440 1333 638 1368 dimidium
664 1333 861 1368 dimidiato
881 1333 1040 1376 intersit,
1062 1335 1099 1367 et
1119 1333 1159 1376 Q.
1180 1333 1342 1368 Ennium
1363 1333 1522 1368 scienter
1540 1333 1610 1368 hoc
1629 1334 1669 1368 in
1689 1333 1886 1368 annalibus

324 1387 462 1422 dixisse
482 1387 537 1422 ait
557 1387 708 1423 «sicuti.
727 1414 733 1420 .
750 1386 1052 1430 .di1nidiatum»;
1075 1386 1185 1422 sicuti
1209 1397 1296 1432 pars
1323 1397 1418 1431 quae
1445 1387 1551 1422 deest
1576 1387 1611 1422 ei
1630 1397 1717 1422 vaso
1737 1398 1811 1422 non
1831 1386 1885 1421 di-

322 1440 481 1475 midiata
501 1440 660 1475 dicenda
680 1441 737 1475 est
757 1440 821 1474 sed
842 1439 1025 1474 dimidia.’

441 1493 574 1528 LXVII
594 1494 689 1539 (537)
728 1492 870 1528 Gessius
889 1506 912 1527 x
933 1496 987 1535 29,
1003 1497 1023 1527 2
1042 1494 1051 1508 ⁴*
1063 1494 1176 1538 atque
1194 1493 1403 1538 particula.
1421 1522 1427 1528 .
1444 1522 1450 1527 .
1466 1493 1498 1528 si
1512 1492 1662 1539 gemina
1681 1492 1757 1535 fiat,
1773 1493 1887 1538 auget

322 1547 564 1592 incenditque
588 1557 676 1589 rem,
698 1547 744 1581 de
770 1557 845 1591 qua
871 1546 1005 1592 agitur,
1029 1547 1071 1581 ut
1094 1547 1424 1582 animadvertimus
1443 1547 1484 1581 in
1504 1545 1544 1589 Q.
1559 1546 1656 1581 Enni
1676 1545 1885 1588 annalibus,

323 1600 397 1635 nisi
422 1600 602 1635 memoria
626 1600 667 1634 in
687 1600 758 1634 hoc
782 1611 889 1634 versu
914 1599 1021 1635 labor
1040 1603 1176 1644 «atque
1195 1600 1489 1645 (laboratque
1515 1600 1601 1647 duo)
1622 1604 1728 1644 atque
1752 1600 1889 1635 accedit

325 1682 331 1688 .
349 1682 355 1688 .
371 1653 598 1689 iuventus».³
610 1653 671 1688 cui
685 1652 951 1698 significationi
971 1653 1197 1688 contrarium
1217 1654 1274 1688 est
1292 1653 1392 1698 quod
1411 1653 1544 1688 itidem
1563 1664 1586 1688 a
1603 1652 1789 1688 veteribus
1810 1653 1886 1688 dic-

324 1708 404 1741 tum
424 1708 480 1741 est
494 1707 640 1751 deque.'
762 1705 906 1741 Nonius
925 1718 960 1751 p.
977 1709 1056 1749 530,
1072 1709 1092 1740 3
1109 1706 1243 1751 ‘atque
1262 1706 1460 1752 particula,
1481 1707 1513 1740 si
1533 1705 1754 1752 diligentius
1776 1705 1887 1741 intel-

322 1760 470 1806 legitur,
491 1759 649 1795 multam
667 1759 783 1795 habet
809 1759 1110 1805 significantiam,
1130 1761 1173 1794 ut
1191 1759 1250 1794 vel
1268 1759 1364 1794 illud
1384 1761 1440 1794 est
1458 1759 1555 1794 Enni
1575 1763 1705 1804 «atque
1724 1753 1887 1795 accendit

324 1843 330 1848 .
348 1842 353 1848 .
374 1814 581 1855 iuventus»,
603 1813 703 1858 quod
723 1814 780 1848 est
798 1812 934 1848 festine
954 1814 992 1847 et
1011 1813 1285 1858 intrepidanter
1305 1813 1503 1848 aecendit.’
1628 1812 1680 1847 Cf.
1696 1812 1885 1859 Vergilius

323 1867 413 1902 Aen.
427 1880 466 1901 XI
480 1870 546 1901 597
564 1867 575 1883 ‘
586 1868 626 1901 at
637 1877 770 1901 manus
783 1867 927 1901 interea
941 1866 1057 1900 muris
1071 1866 1233 1901 Troiana
1244 1867 1473 1912 propinquat
1483 1867 1512 1911 '3
1531 1866 1673 1901 ibidem
1689 1869 1756 1901 608
1773 1867 1783 1883 ‘
1792 1867 1885 1901 iam-

323 1931 395 1965 que
420 1920 520 1955 intra
545 1920 687 1955 iactum
711 1919 779 1954 teli
803 1931 1020 1965 progressus
1039 1921 1195 1965 uterque
1216 1920 1473 1963 constiterat'3
1492 1919 1559 1954 ubi
1577 1919 1670 1955 haec
1692 1921 1750 1954 est
1769 1919 1886 1954 Servii

323 1973 517 2008 adnotatio
540 1973 660 2008 ‘intra
683 1973 825 2008 iactum
849 1973 932 2008 teli:
958 1973 1058 2008 unde
1082 1973 1203 2018 possit
1225 1973 1336 2008 hasta
1361 1973 1497 2008 emissa
1521 1973 1561 2008 in
1585 1973 1730 2008 hostem
1749 1973 1883 2008 venire.

322 2027 410 2062 hinc
434 2027 550 2061 traxit
570 2026 712 2062 Statius
737 2028 780 2061 ut
806 2026 947 2062 diceret
966 2026 1142 2072 (Thebw
1163 2028 1244 2072 354)
1266 2026 1412 2072 «(finem
1437 2027 1536 2062 iacet
1556 2026 1655 2061 inter
1672 2027 1884 2072 utrumque)

323 2080 433 2125 quale
447 2082 579 2125 quater
591 2080 713 2115 iaculo
729 2080 903 2125 spatium,
917 2081 974 2114 ter
988 2080 1169 2115 arundine
1182 2080 1342 2115 vincas».
1355 2082 1393 2115 et
1406 2080 1578 2115 Enniana
1591 2082 1648 2114 est
1660 2080 1779 2115 omnis
1792 2080 1885 2115 haec

324 2133 523 2168 ambitiosa
548 2134 776 2179 descriptio?
798 2133 900 2168 Haec
927 2133 1127 2179 descriptio
1147 2133 1235 2168 inde
1256 2144 1278 2168 a
1297 2145 1328 2167 v.
1344 2136 1412 2168 597
1433 2133 1593 2169 exordiri
1612 2133 1767 2176 videtur,
1789 2134 1828 2168 et
1845 2133 1885 2168 in

323 2187 510 2232 superiore
535 2188 643 2232 parte
670 2187 717 2221 ad
741 2187 951 2222 Ennianam
971 2186 1219 2222 imitationem
1238 2187 1396 2222 redeunt
1415 2188 1453 2222 et
1471 2186 1532 2221 hic
1552 2197 1676 2221 versus
1695 2186 1776 2231 ipse
1796 2188 1834 2221 et
1852 2199 1883 2221 v.

324 2244 402 2283 601,
423 2240 506 2275 vide
527 2241 575 2275 ad
596 2240 691 2286 Scip.
706 2240 750 2274 fr.
764 2253 829 2275 vm
849 2242 887 2275 et
906 2251 989 2275 ann.
1006 2244 1084 2275 393.

441 2293 590 2328 LXVIII
603 2295 698 2338 (538)
730 2293 873 2328 Nonius
889 2306 924 2339 p.
942 2297 1019 2337 134,
1032 2297 1076 2329 29
1093 2293 1328 2329 ‘latrocinari
1346 2293 1510 2328 militare
1529 2293 1707 2329 mercede.
1728 2292 1883 2328 Plautus

444 2442 526 2479 535
554 2441 651 2480 Cum
672 2441 792 2480 illud:
812 2443 962 2480 hiatum
984 2443 1096 2481 tollas
1115 2442 1313 2481 scribendo
1334 2443 1403 2480 aut
1429 2440 1507 2480 Gur
1531 2441 1630 2479 illud
1657 2443 1727 2480 aut
1746 2440 1882 2491 Cumq3

323 2499 445 2546 illud;
464 2501 510 2538 de
528 2512 601 2548 quo
620 2502 703 2539 dixi
721 2503 764 2540 in
775 2513 945 2550 prooem.
967 2499 1045 2550 189
1053 2511 1073 2537 2
1078 2497 1156 2553 s93
1171 2514 1214 2550 p.
1227 2509 1247 2549 7
1263 2513 1341 2549 sqq.
1355 2501 1496 2539 ibidem
1519 2502 1746 2539 sententiam
1766 2501 1882 2548 expli-

324 2561 387 2597 cui
406 2571 562 2607 eamque
581 2561 633 2599 ad
645 2560 787 2609 Reguli
804 2562 1015 2599 orationem
1040 2562 1279 2609 captivorum
1301 2560 1598 2608 redemptionem
1618 2560 1883 2598 dissuadentis

323 2619 470 2657 rettuli:
493 2619 537 2657 in
561 2631 639 2666 qua
665 2621 796 2658 eadem
814 2633 848 2658 v.
872 2628 954 2667 534
975 2620 1099 2658 locum
1122 2621 1261 2658 habere
1277 2620 1406 2667 potuit
1549 2619 1631 2657 536
1660 2618 1771 2656 Sicut
1796 2630 1882 2656 cum

316 2680 434 2725 parte
457 2678 686 2716 deteriorum
703 2678 986 2718 Lachmannus
1005 2680 1058 2717 ad
1075 2678 1194 2717 Luer.
1213 2691 1243 2716 11
1265 2676 1368 2726 536:
1387 2678 1504 2716 sicuti
1643 2678 1726 2715 537
1747 2677 1880 2726 Atque

325 2738 463 2786 atque:
481 2737 528 2784 ef.
546 2736 796 2784 Woelfflinus
814 2738 861 2776 de
876 2739 1015 2786 yemin.
1032 2750 1143 2776 serm.
1158 2738 1248 2776 Lat.
1269 2738 1375 2776 relat.
1390 2737 1499 2775 acad.
1514 2736 1663 2775 Βαϊαν.
1683 2749 1718 2774 a.
1737 2733 1843 2772 1882
1866 2748 1880 2773 1

315 2808 358 2843 p.
375 2804 427 2843 47
440 2806 471 2833 1.
497 2795 641 2834 Seneca
659 2797 706 2834 de
729 2798 794 2835 ira
815 2808 861 2834 111
882 2806 949 2844 42,
965 2807 991 2844 4
1012 2798 1093 2835 stat
1117 2809 1236 2846 supra
1262 2798 1381 2846 caput
1404 2795 1532 2833 fatum
1554 2826 1561 2832 .
1583 2825 1591 2832 .
1612 2825 1620 2832 .
1640 2796 1880 2845 propiusque

324 2867 369 2892 ac
386 2856 551 2904 propius
571 2855 742 2901 accedit,·
759 2867 828 2893 ‘nee
847 2856 1035 2894 absonum
1047 2854 1480 2908 προπροκυλινδόμενος
1495 2856 1529 2893 et
1545 2855 1692 2893 similia
1701 2854 1879 2892 Homeri-

323 2925 367 2951 ca
386 2916 604 2952 meminisse
724 2915 808 2953 538
829 2926 918 2953 suas
937 2915 1156 2954 Mercerus:
1175 2927 1275 2965 quas
