2004 3278
281 210 410 246 CXXX
834 208 861 244 Ι.
886 207 1115 244 HISTORIA
1138 207 1276 243 ENNH

280 323 321 361 et
343 323 386 360 in
411 320 606 360 Theoduli
630 319 771 371 egloga
794 333 833 360 v.
854 320 938 358 285
947 333 1032 370 sqq.

513 379 645 419 Silvae
662 382 786 428 prata
809 381 935 419 virent
957 379 1151 428 frondent,
1174 390 1280 418 mmo
1303 380 1437 418 onmia
1459 380 1608 428 rident,-

515 439 608 478 Huc
632 439 796 477 Helicon
821 440 976 484 Musas,
1000 439 1075 477 huc
1098 439 1240 477 Protea
1263 440 1368 478 mitte
1391 439 1580 488 Napaeas
1588 454 1603 487 ,·

513 497 661 537 Adsint
677 499 891 547 praecipue
916 499 983 547 qui
1008 501 1148 537 curant
1170 498 1314 545 florida
1342 498 1491 548 Tempe,

516 557 618 606 Quos
642 558 686 596 in
710 558 880 596 distichii
903 559 1001 596 serie
1025 557 1293 606 complecteris,
1318 557 1466 602 Enni,

283 617 393 655 euius
418 618 659 655 mentionem
683 617 760 655 feci
785 617 836 655 ad
862 629 950 655 ann.
972 617 1026 654 62
1036 629 1092 666 sq.
1117 618 1327 667 propterea
1347 616 1452 666 quod
1469 616 1641 655 Haasius
1661 617 1708 655 de
1724 617 1843 656 medii

279 678 365 715 aevi
388 676 529 714 studiis
547 676 791 725 philoloyicis
818 670 871 729 (a.
895 676 1005 714 1856
1026 689 1064 726 p.
1088 670 1206 728 1611.)
1226 676 1330 714 hunc
1348 676 1566 726 neglexisse
1585 677 1740 715 crimini
1760 688 1843 715 esse

279 735 495 774 editoribus
522 736 643 773 Ennii
667 736 814 784 voluit3
845 735 914 774 sed
943 737 977 774 is
1011 747 1113 784 quae
1145 735 1244 773 dicit
1274 748 1390 774 versu
1422 736 1563 784 quarto
1596 748 1618 773 a
1642 735 1842 774 Martiano

282 793 444 845 Capella
474 797 678 833 mutuatus
710 796 781 844 est,
813 795 987 833 Ennium
1017 807 1235 844 numquam
1265 794 1379 833 vidit.
1410 794 1481 832 Nil
1511 795 1591 833 nisi
1615 807 1759 834 nomen
1784 796 1844 833 est

277 856 417 903 poetae
450 855 571 892 etiam
601 855 643 892 in
668 853 978 892 Anticlaudiano
1003 854 1126 892 Alani
1158 853 1207 892 ab
1232 853 1376 893 Insulis
1410 848 1528 907 (saec.
1548 848 1639 904 xn),
1671 866 1759 892 cum
1784 854 1843 892 ita

281 912 418 951 scribit
443 907 530 966 (lib.
550 925 565 950 1
586 914 609 951 5
630 926 668 952 v.
691 907 794 965 169)

513 972 611 1011 Illic
627 983 809 1021 pannoso
827 973 1011 1021 plebescit
1035 973 1207 1011 carmine
1230 975 1358 1011 noster

514 1031 703 1070 Ennius
728 1034 762 1070 et
784 1032 939 1070 Priami
962 1033 1142 1080 fortumas
1166 1033 1337 1070 intonat:
1360 1032 1441 1070 illic
1474 1033 1480 1039 “

514 1091 692 1130 Naevius
717 1103 795 1140 eqs.

279 1149 473 1188 Haasium
486 1151 591 1188 enim
604 1151 674 1200 qui
683 1150 787 1188 hunc
796 1149 969 1188 Alanum
979 1150 1155 1201 integros
1166 1151 1327 1189 annales
1339 1150 1461 1188 Ennii
1471 1150 1649 1201 cognitos
1658 1149 1844 1189 habuisse

281 1210 434 1247 censuit
458 1210 543 1247 iure
569 1222 640 1248 suo
662 1210 866 1260 redarguit
894 1209 939 1247 R.
959 1209 1195 1248 Foersterus·
1215 1204 1332 1262 (mus.
1358 1209 1480 1247 Rhen.
1502 1221 1642 1248 xxxvn
1666 1222 1703 1258 p.
1725 1204 1843 1258 488).

398 1266 597 1307 Osbernus
623 1263 746 1321 (circa
769 1282 802 1306 a.
827 1263 959 1321 1150)
985 1269 1028 1306 in
1053 1269 1260 1318 panormia
1278 1269 1316 1306 h.
1338 1282 1368 1307 e.
1394 1268 1580 1307 thesauro
1606 1281 1709 1307 novo
1733 1267 1843 1306 Lati-

277 1327 418 1365 nitatis
448 1328 547 1365 Maii
578 1340 697 1377 opera
728 1329 901 1378 primum
932 1327 1051 1376 edito,
1082 1328 1129 1366 de
1162 1340 1240 1377 quo
1267 1327 1514 1377 G.Meyer11s
1540 1326 1736 1377 Spirensis
1763 1329 1845 1378 egit

280 1380 339 1439 (in
359 1398 456 1424 mus.
477 1386 600 1425 Rhen.
621 1399 718 1424 xxlx
737 1400 775 1436 p.
799 1387 883 1425 180
892 1399 991 1436 sqq.,
1011 1386 1100 1425 vide
1121 1386 1171 1425 ad
1191 1400 1280 1425 ann.
1302 1382 1419 1440 478),
1444 1387 1636 1425 nonnulla
1662 1387 1845 1425 Enniana

280 1445 417 1483 attulit
442 1445 510 1484 sed
533 1447 584 1484 iis
610 1445 786 1484 fontibus
812 1458 905 1484 usus
926 1458 1024 1495 quos
1050 1447 1250 1494 novimus3
1276 1460 1399 1484 unum
1423 1459 1580 1486 versum
1607 1442 1716 1500 (ann.
1739 1440 1844 1499 595)

276 1505 360 1554 ipse
385 1505 492 1543 solus
516 1505 735 1555 perhibuit:
762 1505 928 1543 eundem
952 1506 1092 1555 postea
1115 1505 1268 1557 Ugucio
1294 1500 1348 1559 (a.
1372 1500 1519 1559 1190).

397 1563 474 1602 Sed
503 1564 677 1602 medium
709 1577 849 1603 aevum
881 1578 929 1602 ne
955 1565 1055 1602 nihil
1080 1565 1275 1615 profuisse
1299 1565 1480 1614 reliquiis
1505 1565 1699 1603 Ennianis
1724 1564 1845 1612 dicas,

277 1624 356 1661 tres
382 1623 505 1661 Ennii
529 1636 664 1662 versus
691 1624 911 1675 singulares
937 1625 1086 1662 nemini
1112 1625 1204 1662 ante
1229 1625 1465 1662 memoratos
1490 1625 1534 1661 in
1554 1622 1686 1662 Orosii
1711 1623 1843 1662 codice

282 1681 532 1733 Sangallensi
563 1695 661 1721 saec.
682 1695 707 1720 x
727 1697 764 1721 n.
787 1684 867 1721 621
897 1684 978 1721 31113
1003 1683 1101 1721 10013
1139 1683 1350 1733 adscripsit
1381 1683 1632 1721 Ekkehartus
1650 1695 1693 1722 1v
1723 1682 1843 1721 abbas

278 1742 404 1780 sancti
425 1740 531 1780 Galli
551 1743 620 1792 qui
639 1743 743 1780 circa
765 1754 799 1780 a.
824 1743 933 1781 1061
957 1741 1067 1781 obiit.
1096 1741 1201 1787 Quos
1221 1754 1356 1780 versus
1375 1742 1599 1791 praeclaros
1619 1743 1658 1780 et
1677 1754 1844 1792 quorum

277 1800 409 1839 nullus
441 1814 520 1839 non
551 1802 688 1851 aliqua
726 1815 771 1839 ex
808 1803 922 1851 parte
959 1803 1135 1839 nostram
1171 1802 1302 1851 poesis
1335 1801 1540 1840 Ennianae
1578 1802 1844 1852 cognitionem

278 1859 444 1908 adiuvit,
471 1872 495 1899 a
518 1873 581 1899 me
606 1861 649 1898 in
674 1861 883 1899 annalibus
909 1861 1122 1899 collocatos
1143 1860 1258 1913 (170.
1283 1862 1377 1899 222.
1400 1855 1505 1914 274)
1531 1861 1683 1910 primus
1710 1873 1755 1899 ex
1775 1860 1843 1898 ob-

278 1919 427 1958 livione
465 1920 673 1958 suscitavit
706 1920 897 1958 Ernestus
928 1920 1222 1968 Duemmlerus,
1260 1921 1330 1969 qui
1368 1932 1433 1958 eos
1465 1933 1499 1958 a.
1529 1920 1640 1959 1869
1675 1932 1764 1958 011111
1795 1919 1843 1957 de

278 1977 506 2017 Ekkeharto
526 1991 569 2018 lv
594 1980 730 2030 ageret
761 1980 803 2016 in
828 1979 998 2028 Hauptii
1031 1979 1276 2029 ephemeride
1306 1980 1559 2029 antiquitatis
1586 1978 1842 2017 Germanicae

278 2051 313 2075 n.
329 2050 357 2076 s.
372 2050 402 2075 11
414 2051 452 2087 p.
469 2039 519 2076 11
542 2038 693 2088 publici
711 2039 810 2077 iuris
829 2039 924 2076 fecit
943 2040 982 2076 ct
1000 2051 1063 2076 me
1082 2039 1165 2076 eius
1185 2039 1244 2077 rei
1266 2051 1299 2077 a.
1317 2039 1429 2076 1877
1451 2039 1615 2077 comiter
1635 2038 1842 2076 certiorem

276 2097 380 2135 fecit.
409 2096 486 2135 Sed
510 2098 647 2136 multis
671 2098 753 2136 iam
778 2098 891 2136 annis
917 2098 1010 2136 ante
1036 2096 1200 2136 Carolus
1221 2097 1573 2149 Zangemeisterus,
1598 2109 1687 2135 cum
1711 2095 1842 2135 Orosii

278 2168 397 2194 causa
422 2169 539 2206 quem
563 2157 607 2195 in
633 2169 794 2207 corpore
815 2157 1053 2207 scriptorum
1072 2156 1427 2196 ecclesiasticorum
1445 2155 1741 2195 Vindobonensi
1761 2156 1840 2194 edi-

277 2217 390 2253 turus
416 2218 502 2254 erat
527 2216 693 2254 eundem
718 2216 893 2255 codicem
918 2217 1127 2264 excuteret,
1154 2216 1304 2267 glossas
1329 2217 1427 2255 istas
1452 2216 1654 2254 Ennianas
1675 2228 1699 2254 a
1717 2227 1758 2254 se
1778 2228 1840 2254 ex-

279 2276 432 2324 cerptas
464 2275 747 2315 officiosissime
780 2275 831 2314 ad
861 2288 923 2314 me
948 2276 1196 2326 perscripsit,
1233 2275 1303 2324 qui
1332 2288 1355 2313 a
1379 2275 1631 2313 Duemmlero
1656 2287 1736 2313 non
1762 2275 1839 2313 dis-

282 2335 404 2372 sensit
427 2334 506 2373 11131
531 2335 637 2384 quod
667 2335 830 2373 tertium
861 2347 1018 2373 versum
1048 2347 1128 2373 non
1160 2334 1208 2372 ab
1235 2334 1463 2373 Ekkeharto
1482 2347 1525 2373 1v
1556 2334 1624 2373 sed
1655 2346 1679 2372 a
1709 2335 1839 2372 nescio

279 2405 356 2442 quo
382 2394 573 2443 scriptore
598 2395 810 2444 superioris
837 2395 980 2432 aetatis
1005 2394 1209 2432 exaratum
1228 2393 1453 2431 affirmavit.
1479 2393 1553 2431 His
1572 2392 1700 2431 tribus
1720 2392 1841 2430 Ennii

279 2451 456 2491 versibus
481 2466 606 2502 nuper
631 2454 795 2492 accessit
820 2455 985 2503 quartus
1010 2466 1090 2491 non
1112 2465 1236 2491 novus
1255 2452 1325 2490 ifle
1344 2452 1503 2502 quidem
1523 2452 1591 2490 sed
1610 2465 1633 2490 a
1654 2451 1840 2490 Cicerone

278 2510 449 2550 traditus
477 2506 584 2565 (ann.
608 2507 724 2565 194),
759 2512 808 2551 ab
835 2513 970 2551 eodem
997 2514 1129 2550 autem
1154 2511 1382 2550 Ekkeharto
1402 2524 1444 2550 1v
1467 2511 1542 2549 hac
1565 2511 1694 2549 forma
1719 2510 1839 2549 adno-

278 2571 387 2609 tatus
411 2572 467 2609 mi
484 2583 562 2619 pro
586 2573 703 2610 michi
725 2583 813 2620 sepe
824 2574 1042 2620 posuerunt
1052 2573 1200 2620 poetae.
1226 2571 1329 2609 wnde
1340 2582 1491 2620 pyrrus
1509 2570 1700 2608 Romanis
1721 2566 1840 2608 ‘Non

278 2630 334 2668 mi
358 2641 502 2668 aurum
518 2642 636 2678 posco
660 2642 781 2679 neque
810 2632 866 2669 mi
888 2632 1068 2680 precium
1098 2626 1306 2675 dederitis’,
1338 2643 1456 2679 quam
1488 2629 1785 2667 adnotationem
1816 2641 1840 2667 a

280 2701 320 2726 se
352 2701 397 2726 ex
429 2689 561 2727 codice
587 2689 838 2741 Sangallensi
864 2690 947 2728 369
975 2702 1073 2728 saec.
1094 2702 1148 2729 xv
1173 2690 1397 2738 excerptam
1420 2688 1567 2727 Paulus
1593 2688 1640 2726 de
1666 2688 1838 2726 Winter-

278 2747 360 2785 feld
377 2760 531 2786 mecum
549 2761 619 2798 per
636 2749 805 2797 litteras,
830 2748 969 2787 deinde
989 2749 1031 2787 in
1051 2748 1195 2787 archiv.
1217 2761 1305 2787 nov.
1324 2748 1414 2785 hist.
1429 2759 1557 2786 xxvm
1575 2761 1613 2796 p.
1630 2748 1681 2785 71
1692 2760 1729 2784 n.
1749 2759 1838 2785 cum

279 2806 458 2856 pluribus
484 2808 799 2846 communicavit.

361 2858 370 2874 '⁴
398 2865 512 2910 Quod
526 2866 687 2904 initium
700 2879 835 2906 versus
846 2866 1021 2906 Enniani
1031 2880 1055 2906 a
1068 2865 1254 2906 Cicerone
1265 2868 1304 2905 01
1313 2865 1448 2905 Servio
1461 2864 1602 2904 t-radiffi
1613 2861 1722 2918 (ann.
1735 2867 1754 2903 1
1764 2867 1784 2903 1
1793 2866 1815 2903 5

279 2923 470 2967 Romulus
483 2927 526 2963 in
539 2925 641 2964 caelo
654 2926 696 2963 in
709 2927 861 2976 pariete
873 2925 1115 2975 Pompeiano
1129 2926 1331 2975 adpictum
1346 2927 1405 2964 est
1419 2920 1478 2979 (C.
1492 2924 1523 2962 1.
1537 2924 1580 2962 L.
1595 2937 1637 2964 rv
1650 2938 1686 2962 n.
1703 2925 1753 2963 31
1762 2925 1815 2962 35
