2004 3278
680 185 941 223 ANNALIUM
966 186 1090 222 L1B.1
1613 185 1667 227 13

824 305 941 341 XLIV

106 369 161 410 73
789 382 887 422 pars
918 366 1079 409 ludicre
1111 382 1212 409 saxa

195 437 373 493 lactant,
405 438 517 481 inter
548 453 592 481 se
622 438 843 481 licitantur

835 530 934 565 XLV

105 591 160 633 75
194 590 466 634 Occiduntur.
497 591 572 633 ubi
603 590 768 645 potitur
797 593 915 632 ratus
946 589 1157 632 Romulus
1188 591 1389 645 praedam

827 688 942 723 XLVI

105 751 160 792 76
192 750 297 793 «Ast
327 751 395 793 hic
427 765 552 804 quem
583 764 697 792 nunc
727 752 775 792 tu
806 752 895 791 tam
925 750 1103 791 torviter
1133 750 1383 804 increpuisti

814 842 948 877 XLVII

106 905 159 946 77
195 904 399 947 Curantes
432 918 588 960 magna
619 918 716 946 cum
748 917 849 945 cura
879 905 973 944 tum
1004 903 1223 958 cupientes

191 975 331 1032 Regni
363 976 465 1018 dant
496 990 669 1030 operam
701 974 829 1017 simul
860 974 1050 1029 auspicio
1082 974 1359 1031 augurioque.

220 1104 336 1139 XLIV
363 1105 434 1149 (73)
489 1103 632 1138 Nonius
666 1116 701 1148 p.
732 1106 809 1146 134,
833 1106 876 1137 13
910 1102 1069 1138 ‘licitari
1101 1103 1278 1148 congredi
1309 1114 1487 1148 pugnare.
1527 1104 1667 1138 Ennius

104 1169 212 1203 «pars
309 1157 553 1193 Imitantur»)
673 1156 726 1192 Cf.
747 1156 885 1192 Paulus
911 1156 1013 1191 Festi
1036 1168 1072 1201 p.
1095 1159 1150 1199 83,
1166 1160 1209 1190 21
1231 1156 1297 1191 Th.
1328 1157 1484 1192 ‘licitati
1509 1157 1548 1192 in
1573 1169 1667 1192 mer-

105 1211 223 1246 cando
245 1211 321 1245 sive
340 1210 546 1256 pugnando
566 1210 859 1245 contendentes.'
884 1209 919 1245 C.
936 1209 991 1245 Grl.
1007 1210 1045 1244 L.
1060 1222 1097 1244 v1
1119 1213 1136 1243 1
1158 1221 1193 1254 p.
1210 1214 1287 1244 644.

222 1263 319 1298 XLV
339 1265 372 1309 (7
377 1265 410 1309 5)
448 1264 579 1298 Festus
599 1276 634 1308 p.
651 1266 729 1305 378,
746 1267 765 1297 2
781 1263 846 1297 Th.
871 1264 957 1308 ‘pro
971 1263 1074 1298 firmo
1089 1264 1188 1298 certo
1202 1263 1354 1308 ponitur
1366 1264 1469 1298 ratus
1483 1265 1521 1298 et
1533 1265 1664 1299 ratum.

105 1317 247 1352 Ennius
267 1316 511 1353 «occiduntur
532 1345 537 1351 .
556 1345 561 1350 .
580 1345 585 1351 .
606 1317 836 1361 p1·aedam».'

220 1370 336 1405 XLVI
356 1371 428 1416 (76)
465 1369 609 1404 Nonius
629 1382 664 1415 p.
681 1373 760 1413 516y
772 1373 814 1404 15
838 1370 1014 1405 ‘torbiter
1029 1399 1035 1405 .
1053 1399 1058 1405 .
1077 1399 1082 1405 .
1098 1370 1240 1405 Ennius
1260 1370 1432 1414 lupiastie
1451 1370 1522 1416 (vel
1547 1370 1667 1416 lupi-

104 1425 175 1458 ast
198 1423 252 1468 ic)
267 1434 377 1467 quem
396 1435 431 1457 n.
447 1424 472 1457 t.
487 1424 512 1457 t.
530 1423 677 1458 torbiter
695 1423 964 1468 increpuisti»)
987 1423 1029 1457 In
1048 1423 1146 1469 lupi
1166 1435 1240 1458 non
1260 1436 1350 1458 Lon
1377 1423 1441 1458 sed
1461 1424 1561 1467 quod
1582 1423 1667 1458 Sca-

102 1477 198 1522 liger
223 1476 372 1520 scripsit
395 1476 500 1510 lib.1
521 1475 639 1510 latere
664 1476 704 1510 in
729 1476 822 1511 actis
849 1477 1013 1511 academ.
1035 1488 1067 1511 a.
1085 1480 1175 1511 1886
1197 1468 1311 1511 ‘Uber
1331 1477 1392 1511 die
1411 1476 1582 1511 Annalen
1602 1477 1667 1512 des

103 1530 258 1565 Ennius’
280 1543 315 1575 p.
333 1534 374 1564 11
395 1530 560 1575 probavi.
647 1529 858 1564 Priscianus
878 1543 925 1565 xv
941 1542 976 1575 p.
994 1533 1047 1572 71,
1063 1534 1084 1564 4
1100 1530 1144 1564 H.
1160 1530 1199 1564 in
1219 1530 1390 1575 catalogo
1410 1529 1668 1565 adverbiorum

105 1595 149 1618 ex
168 1583 289 1618 Nonio
311 1583 504 1618 ‘torviten’

220 1636 352 1671 XLVII
366 1637 437 1682 (77)
464 1635 590 1671 Cicero
605 1637 650 1671 de
665 1637 736 1671 div.
752 1650 765 1671 1
779 1640 834 1679 48,
852 1640 918 1671 107
940 1648 992 1680 sq.
1010 1637 1160 1680 ‘itaque
1173 1636 1352 1671 Romulus
1367 1647 1495 1682 augur,
1510 1639 1553 1672 ut
1566 1638 1667 1683 apud

102 1690 264 1724 Ennium
283 1690 349 1732 est,
371 1700 454 1724 cum
473 1688 588 1724 fratre
608 1689 698 1724 item
718 1701 859 1735 augure
880 1690 942 1736 (cf.
959 1691 1005 1724 de
1025 1690 1097 1725 div.
1119 1703 1146 1724 11
1166 1692 1221 1732 38,
1237 1691 1295 1735 80)
1317 1691 1533 1726 «curantes.
1551 1719 1557 1725 .
1576 1719 1581 1724 .
1604 1701 1666 1725 au-

103 1743 293 1789 gurioque.
326 1743 368 1778 in
392 1747 510 1778 monte
534 1743 672 1777 Remus
698 1743 864 1788 auspicio
886 1745 957 1789 (79)
980 1772 986 1777 .
1010 1771 1015 1777 .
1040 1771 1045 1777 .
1066 1743 1307 1788 praepetibus
1334 1754 1413 1778 sese
1434 1745 1669 1788 pulchrisque

102 1797 193 1831 locis
214 1797 306 1831 dant
325 1797 396 1842 (94)
419 1824 425 1830 .
443 1824 448 1830 .
467 1824 472 1830 .
495 1806 646 1831 scamna
666 1796 858 1841 solumque
878 1797 1001 1842 (96)».⁷
1097 1796 1238 1831 Gellius
1258 1809 1309 1831 v11
1330 1800 1361 1840 6,
1377 1800 1396 1830 9
1420 1796 1539 1832 ‘locos
1559 1809 1667 1842 porro

102 1851 298 1895 praepetes
330 1851 369 1884 et
400 1860 558 1895 augures
591 1850 785 1895 appellant
816 1851 854 1885 et
878 1850 1019 1885 Ennius
1045 1849 1085 1884 in
1111 1849 1304 1884 annalium
1328 1849 1448 1895 primo
1475 1850 1570 1885 dixit
1596 1852 1667 1897 (94)

101 1985 273 2012 marmus
298 1974 351 2012 ad
375 1973 494 2014 Lucr.
514 1986 529 2011 1
562 1984 575 2009 1
591 1971 684 2019 106,
710 1975 778 2013 sed
802 1974 900 2022 conf.
920 1974 1051 2012 Plaut.
1072 1971 1212 2021 Amph.
1234 1983 1248 2009 1
1264 1982 1344 2009 110
1371 1986 1517 2023 angues
1545 1974 1667 2012 oculis

104 2033 230 2071 omnis
258 2033 530 2072 circumvisere
678 2035 728 2071 71
763 2033 855 2071 hinc
881 2046 1064 2082 campum
1093 2031 1301 2071 Oolwmna:
1325 2033 1367 2069 in
1394 2044 1531 2082 campo

103 2105 310 2141 permensa
334 2092 525 2140 Scaliyer:
549 2104 756 2142 praemens
891 2093 957 2129 73.
974 2093 1028 2130 74
1060 2091 1125 2130 Sic
1148 2103 1284 2130 versus
1309 2092 1471 2130 distinxi
1502 2088 1666 2145 (quaest.

104 2151 280 2189 Ennian.
308 2163 343 2190 a.
376 2148 482 2198 1852
505 2163 548 2199 p.
582 2145 651 2203 12)
677 2151 826 2188 ludicre
857 2154 1038 2189 neutrum
1064 2161 1143 2188 esse
1169 2151 1347 2188 adiectivi
1371 2153 1542 2189 statuens
1567 2152 1668 2199 quod

102 2211 248 2248 notavit
272 2210 503 2248 Priscianus
534 2222 549 2247 1
573 2222 615 2257 p.
644 2219 740 2258 350,
762 2218 783 2256 5
806 2209 859 2247 Η.
887 2210 1080 2260 excipitur
1112 2221 1136 2246 a
1159 2211 1292 2248 vetere
1317 2210 1381 2248 vel
1406 2210 1531 2248 veteri
1564 2210 1667 2259 quod

104 2271 237 2307 vetera
257 2281 335 2307 non
354 2270 505 2307 veteria
524 2270 633 2318 facit,
658 2281 729 2307 nec
754 2281 832 2307 non
859 2269 907 2306 ab
932 2269 1006 2307 hoc
1031 2268 1209 2307 ludicri
1235 2269 1339 2318 quod
1358 2268 1511 2306 ludicra
1531 2271 1571 2307 et
1589 2282 1667 2307 non

103 2328 270 2366 ludicria
289 2327 454 2366 dicimus
549 2329 601 2367 75
628 2328 760 2366 Incidi
778 2339 954 2374 versum,-
978 2328 1120 2376 duplex
1141 2329 1242 2366 enim
1260 2329 1448 2367 sententia
1468 2331 1542 2366 est:
1568 2329 1666 2367 occi-

103 2387 251 2425 duntur
275 2389 355 2426 sive
380 2388 547 2426 latrones
564 2388 720 2435 pracda
750 2388 878 2426 onusti
905 2381 1035 2439 (Plut.
1061 2387 1171 2425 Rom.
1200 2385 1240 2439 6,
1267 2384 1311 2436 83
1342 2387 1484 2426 Livius
1514 2400 1529 2424 1
1561 2398 1599 2436 4,
1620 2383 1665 2440 9)

103 2448 183 2485 sive
205 2449 385 2494 pastores
416 2447 534 2485 alieni
560 2441 742 2499 (Dionys.
762 2447 813 2485 H.
841 2459 855 2483 1
883 2455 950 2495 79,
975 2441 1068 2499 12),·
1100 2449 1134 2484 et
1158 2447 1302 2486 altera:
1334 2447 1400 2485 ubi
1423 2449 1553 2485 ratam
1581 2448 1617 2485 h.
1638 2459 1665 2484 c.

105 2508 247 2544 certam
270 2506 383 2544 habet
405 2505 455 2544 R.
473 2507 757 2554 possessionem
781 2506 968 2553 praedae,
994 2506 1094 2544 redu
1117 2506 1170 2544 ad
1194 2517 1285 2544 suos
1431 2507 1483 2544 76
1517 2508 1580 2544 ast
1604 2506 1668 2543 hic

106 2564 296 2612 Scaliyer:
321 2565 422 2603 astic
534 2566 701 2604 torviter
727 2565 828 2603 edd:
854 2565 1021 2603 torbiter
1136 2566 1188 2602 77
1222 2566 1309 2602 tum
1334 2565 1534 2615 cupientes
1561 2565 1665 2603 Voss.

104 2625 180 2661 cluo
200 2635 286 2661 cum
302 2624 413 2663 Vind.
432 2626 467 2662 ct
483 2625 539 2662 sic
557 2625 648 2662 olim
669 2625 792 2670 edidi‚·
811 2624 1044 2672 vulqabatur
1062 2625 1145 2662 sine
1162 2625 1240 2673 side
1259 2624 1546 2674 concupientes,
1567 2625 1667 2671 quod

104 2682 334 2730 Madviyius
367 2683 452 2721 adv.
480 2685 560 2721 crit.
581 2695 611 2721 11
638 2680 716 2729 641
748 2683 912 2730 fortasse
937 2683 1094 2721 tolerari
1111 2695 1228 2732 posse
1255 2684 1322 2722 sed
1345 2686 1551 2731 praestare
1580 2684 1665 2720 tum

106 2742 305 2791 cupientes
330 2742 463 2780 scribit
561 2743 613 2780 78
653 2743 694 2779 in
726 2743 858 2779 monte
885 2743 985 2790 quod
1012 2743 1151 2780 habent
1181 2743 1431 2780 libri10mnes
1471 2741 1666 2780 Ciceronis

104 2801 221 2838 verba
241 2812 320 2839 esse
338 2801 464 2839 Ennii
483 2802 693 2839 orationem
713 2802 922 2839 breviantis
940 2802 1080 2850 scripsi
1106 2802 1161 2840 ibi
1186 2803 1254 2840 ubi
1277 2802 1377 2839 lianc
1402 2811 1551 2838 omnem
1572 2812 1664 2838 nar-

103 2861 291 2898 rationem
323 2862 543 2898 accuratius
566 2863 792 2908 persecutus
823 2872 910 2898 sum
945 2862 989 2899 in
1019 2861 1272 2899 relationibus
1297 2860 1464 2899 academ.
1492 2871 1526 2896 a.
1556 2857 1663 2906 1894

106 2914 117 2932 ‘
130 2910 230 2956 Uber
260 2919 332 2957 das
356 2918 907 2967 Stadtyrundunysauyurium
932 2921 990 2958 bei
1014 2916 1192 2958 Ennius'
1215 2932 1239 2957 a
1258 2932 1299 2967 p.
1327 2929 1339 2954 1
1358 2927 1433 2964 143
