2020 3334
808 213 855 247 M.
878 212 1046 248 CICERO
1597 215 1704 249 XLIX

154 324 292 362 rudem
330 335 409 362 esse
445 324 600 361 ommino
636 324 680 361 in
715 326 858 362 nostris
887 327 1012 372 poetis
1049 328 1118 363 aut
1152 327 1408 364 inertissimae
1443 329 1626 375 seqnitiae
1661 330 1713 365 est

156 386 226 421 aut
261 382 415 431 fastidii
451 382 736 420 delicatissimi:
771 384 867 421 mihi
904 384 1056 431 quidem
1091 385 1193 422 nulli
1225 387 1320 423 satis
1353 386 1493 424 eruditi
1523 386 1712 434 videntur,

153 442 291 490 quibus
327 443 461 479 nostra
490 442 622 489 iynota
657 444 758 478 siml.
794 440 862 479 An
895 439 1060 480 ‘utinam
1084 455 1132 481 ne
1161 445 1204 481 in
1234 441 1399 482 nemore'
1432 445 1552 483 nihilo
1583 446 1713 482 minus

154 502 335 550 leyimus,
379 512 496 548 quam
533 500 602 537 hoc
637 500 739 538 idem
779 499 998 538 Graecum?
1048 501 1103 538 Of.
1142 501 1235 539 ibid.
1262 515 1276 539 1
1302 503 1344 551 3,
1373 505 1414 551 7,
1453 517 1552 552 quae
1596 516 1712 552 supra

157 560 280 598 allata
311 561 403 597 sunt
433 573 470 608 p.
498 571 620 597 xnvn.
655 558 702 595 In
734 559 903 596 similem
934 560 1169 597 sententiam
1200 560 1385 598 disseruit
1409 562 1528 599 Acad.
1556 575 1568 599 1
1595 563 1637 610 3,
1661 563 1714 599 10

155 619 249 668 quid
285 628 427 657 causae
464 621 518 656 est
553 630 623 656 cur
652 620 788 665 poetas
825 618 991 655 Latinos
1032 619 1191 656 Graecis
1229 620 1364 657 litteris
1401 621 1540 658 eruditi
1577 622 1715 669 leyant,

150 678 400 726 philosophos
430 688 508 715 non
539 677 693 725 leyant?
736 689 789 714 an
820 678 913 724 quia
945 678 1101 715 delectat
1125 678 1294 722 Ennius,
1325 679 1532 723 Pacuvius,
1562 679 1716 723 Accius,

155 737 267 775 multi
293 737 375 781 alii,
406 738 472 784 qui
496 746 575 774 non
602 736 719 775 verba
743 735 810 774 sed
833 737 913 773 vim
941 735 1179 774 Graecorum
1205 741 1469 784 expresserunt
1486 739 1716 785 poetarum?

156 799 298 844 quanto
323 797 448 844 mayis
466 795 687 842 philosophi
712 795 960 839 delectabunt,
985 797 1031 840 si,
1063 798 1106 833 ut
1129 796 1190 834 illi
1214 795 1456 844 Aeschylum,
1487 796 1717 844 Sophoclem,

156 855 408 902 Euripidem,
445 856 501 892 sic
531 855 571 892 hi
601 854 802 892 Platonem
832 855 1047 899 imitentur,
1084 853 1344 900 Aristotelem,
1386 856 1718 903 Theophrastum?

159 913 339 962 Denique
372 926 417 951 ex
449 913 585 951 eodem
617 925 731 951 sensu
762 915 974 951 manarunt
1006 926 1106 962 quae
1138 914 1275 951 scribit
1312 914 1358 952 de
1394 916 1542 963 optimo
1581 927 1718 965 genere

159 974 360 1010 oratorum
392 967 450 1025 (6,
473 967 546 1025 18)
579 973 668 1010 huic
699 973 824 1010 labori
853 975 983 1010 nostro
1016 968 1116 1025 (scil.
1144 972 1248 1022 quod
1275 975 1467 1011 convertit
1491 973 1720 1012 Demosthe-

158 1032 219 1070 nis
253 1034 292 1069 et
325 1030 531 1070 Aeschinis
563 1026 780 1084 orationes)
807 1032 884 1069 duo
911 1043 1055 1080 yenera
1091 1033 1428 1079 reprehensionum
1465 1035 1721 1080 opponuntur,

159 1103 282 1129 unum
306 1092 374 1129 hoc
399 1087 548 1128 ‘verum
572 1091 710 1129 melius
733 1087 888 1129 Graect’
911 1121 919 1128 .
941 1121 948 1128 .
971 1121 977 1127 .
1005 1092 1169 1129 alterum
1195 1087 1304 1139 equid
1328 1093 1423 1129 istas
1441 1093 1573 1139 potius
1599 1093 1722 1140 leyam

160 1162 277 1198 quam
305 1149 476 1188 Graecas
485 1146 518 1187 ξ’
551 1150 679 1188 Iidem
703 1149 903 1188 Andriam
934 1153 968 1188 et
990 1150 1231 1198 Synephebos
1255 1162 1323 1188 nec
1353 1152 1484 1188 minus
1506 1151 1722 1188 Terentium

161 1212 194 1247 et
222 1208 433 1247 Caecilium
457 1221 575 1256 quam
600 1209 869 1247 Menandrum
895 1210 1034 1257 leyunt,
1059 1221 1127 1247 nec
1151 1208 1470 1247 Andromacham
1495 1212 1563 1248 aut
1586 1209 1722 1247 Antio-

153 1280 252 1316 pam
283 1270 352 1306 aut
382 1268 582 1316 Epiyonos
613 1268 784 1306 Latinas
814 1269 1026 1316 recipiunt,·
1062 1269 1129 1306 sed
1163 1271 1290 1306 tamen
1322 1269 1500 1306 Ennium
1537 1271 1571 1307 et
1599 1269 1723 1306 Pacu-

160 1329 269 1365 vium
300 1330 334 1365 et
363 1326 528 1365 Accium
551 1329 685 1374 potius
717 1339 834 1375 quam
865 1327 1100 1374 Euripidem
1131 1331 1165 1366 et
1193 1327 1414 1375 Sophoclem
1448 1329 1586 1376 leyunt.
1625 1327 1724 1375 quod

161 1388 281 1435 iyitur
312 1389 365 1424 est
396 1397 527 1424 eorum
556 1388 599 1423 in
631 1387 869 1424 orat-ionibus
895 1398 913 1424 e
941 1386 1088 1424 Graeco
1113 1389 1304 1425 conversis
1328 1387 1543 1435 fastidium,
1573 1387 1725 1424 nullum

165 1458 253 1483 cum
283 1447 334 1483 sit
357 1447 400 1483 in
424 1446 626 1483 versibus?
658 1444 764 1489 Quae
790 1445 889 1482 mihi
913 1446 1049 1483 luxata
1075 1445 1258 1483 videntur
1283 1446 1447 1483 necdum
1472 1458 1605 1483 rursus
1637 1458 1724 1483 con-

164 1505 334 1552 cinnata,
360 1504 427 1542 sed
448 1505 613 1553 apparet
631 1505 710 1542 tres
730 1505 852 1541 trium
871 1506 1077 1553 poetarum
1096 1504 1320 1554 tragoedias
1342 1505 1533 1554 componi,
1560 1517 1726 1553 quarum

166 1564 368 1613 Epigonos
394 1562 507 1601 Accii
532 1575 614 1601 esse
641 1565 806 1611 constat,
838 1563 1014 1612 Antiopa
1040 1565 1171 1601 autem
1198 1563 1361 1601 Pacuvii
1387 1566 1426 1601 et
1451 1563 1727 1601 Andromacha

165 1623 286 1659 Ennii
323 1623 590 1660 memorantur
626 1622 675 1660 iis
712 1622 809 1660 locis
847 1635 944 1671 quos
982 1634 1101 1672 supra
1138 1622 1312 1661 indicavi
1344 1622 1390 1660 de
1421 1622 1484 1660 fin.
1511 1636 1525 1659 1
1553 1625 1589 1671 2,
1611 1624 1649 1670 4,
1681 1622 1727 1659 de

166 1681 243 1719 div.
270 1694 283 1718 1
312 1683 377 1729 13,
400 1682 466 1729 23,
499 1681 731 1730 easdemque
769 1683 974 1730 tamquam
1011 1681 1282 1719 celeberrimas
1320 1681 1485 1719 duorum
1522 1684 1727 1730 poetarum

165 1740 391 1790 tragoedias
429 1741 656 1778 coniunctas
693 1741 862 1789 exempli
897 1753 1014 1779 causa
1049 1741 1162 1790 ponit
1198 1740 1349 1778 Lucull.
1384 1743 1426 1788 7,
1455 1742 1508 1779 20
1546 1753 1632 1778 cum
1671 1741 1729 1777 ita

166 1799 303 1838 scribit
328 1812 445 1847 quam
469 1800 603 1844 multa,
636 1811 733 1847 quae
763 1811 833 1837 nos
864 1801 1022 1849 fuyiunt
1051 1802 1094 1838 in
1119 1803 1247 1844 cantu,
1283 1800 1495 1838 exaudiunt
1524 1802 1567 1838 in
1599 1811 1638 1837 eo
1667 1811 1729 1847 ye-

166 1870 256 1897 nere
288 1860 499 1903 exercitati,
537 1860 603 1906 qui
633 1861 765 1906 primo
796 1860 937 1906 inflatu
968 1860 1137 1897 tibicinis
1167 1858 1380 1907 Antiopam
1412 1871 1489 1897 esse
1521 1861 1633 1896 aiunt
1663 1861 1731 1896 aut

167 1917 495 1962 Andromacham,
533 1930 620 1956 cum
656 1918 698 1955 id
735 1929 805 1956 nos
842 1930 890 1956 ne
926 1920 1167 1965 suspicemur
1198 1919 1361 1966 quidem.
1405 1918 1536 1966 Atque
1568 1919 1613 1955 ut
1643 1918 1729 1954 uni-

168 1989 280 2015 versa
311 1977 460 2014 iudicia
492 1976 690 2015 Ciceronis
724 1990 824 2026 quae
857 1979 948 2015 sunt
980 1978 1026 2015 de
1063 1978 1269 2027 tragoedia
1301 1978 1478 2015 Romana
1510 1979 1549 2014 et
1580 1977 1626 2013 de
1652 1976 1730 2013 En-

168 2037 288 2073 niana
320 2037 569 2085 complectar,
601 2037 696 2074 haec
728 2036 829 2074 addo
856 2049 956 2085 quae
982 2037 1167 2086 leguntur
1196 2036 1242 2074 de
1268 2037 1329 2074 off.
1353 2049 1368 2073 1
1389 2037 1456 2084 31,
1479 2037 1560 2073 114
1592 2036 1730 2073 scenici

168 2106 247 2132 non
284 2097 448 2142 optimas
485 2095 551 2133 sed
587 2096 662 2133 sibi
694 2096 1110 2133 accommodatissimas
1147 2096 1304 2143 fabulas
1345 2096 1506 2143 eliqunt:
1542 2095 1608 2141 qui
1644 2105 1731 2131 voce

169 2156 258 2202 freti
282 2157 384 2198 sunt,
410 2154 608 2202 Epiyonos
634 2154 880 2201 Medumque,
906 2156 972 2201 qui
988 2158 1107 2202 yestu,
1127 2155 1412 2201 Melanippam,
1435 2154 1731 2201 Clytemestram,

169 2225 317 2260 semper
342 2213 529 2259 Rupilius
548 2212 773 2259 Antiopam,
798 2224 877 2250 non
901 2225 1014 2260 saepe
1037 2212 1214 2259 Aesopus
1239 2212 1410 2251 Aiacem.
1437 2212 1585 2250 Rursus
1610 2212 1731 2249 trium

170 2273 377 2321 poetarum
409 2272 587 2320 exempla
618 2273 742 2320 ponit,
774 2273 815 2308 in
847 2271 988 2320 quibus
1015 2284 1093 2309 non
1119 2271 1256 2309 dubito
1281 2272 1548 2320 Melanippam
1574 2273 1613 2308 et
1638 2271 1730 2307 Aia-

172 2343 255 2369 cem
287 2331 407 2367 Ennii
439 2330 529 2379 (1101,
567 2343 664 2379 quas
696 2331 787 2368 hino
817 2331 1077 2381 intelligimus
1111 2329 1308 2368 Ciceronis
1344 2332 1473 2369 aetate
1504 2343 1581 2368 non
1613 2330 1732 2367 semel

173 2390 240 2428 sed
272 2391 428 2438 saepius
460 2390 502 2426 in
534 2401 649 2427 308113
681 2390 793 2427 datas
826 2402 918 2427 esse.

292 2447 449 2497 Scripta
480 2449 727 2498 philosopha,
761 2461 1000 2497 quamquam
1032 2450 1199 2487 fortasse
1230 2449 1381 2487 nullum
1415 2451 1485 2497 est,
1517 2448 1620 2497 quod
1650 2448 1735 2497 qui-

174 2507 262 2545 dem
299 2509 491 2557 potuerit,
536 2508 641 2557 quod
679 2521 755 2546 non
794 2508 945 2556 aliquid
984 2508 1033 2545 ad
1070 2509 1171 2545 hanc
1206 2521 1289 2545 rem
1329 2509 1559 2556 contulerit,
1602 2510 1733 2544 tamen

178 2567 365 2604 differunt
395 2568 437 2604 in
468 2568 541 2605 hoc
573 2575 730 2617 genere,
763 2569 802 2604 ct
832 2568 877 2604 ut
908 2580 986 2604 non
1016 2568 1144 2605 multa
1176 2569 1267 2605 sunt
1297 2569 1339 2604 in
1371 2568 1482 2605 libris
1515 2567 1560 2604 de
1592 2566 1732 2603 finibus

177 2627 216 2663 et
247 2626 293 2663 de
326 2626 483 2675 officiis,
522 2627 641 2675 paulo
679 2627 795 2674 plura
836 2628 994 2664 exstant
1031 2627 1072 2663 in
1106 2628 1156 2664 iis
1195 2628 1264 2674 qui
1296 2628 1388 2664 sunt
1419 2626 1465 2664 de
1496 2627 1638 2663 natura
1669 2624 1733 2660 de-

175 2698 287 2723 orum
331 2687 370 2722 et
413 2685 459 2723 de
508 2686 768 2734 divinatione,
810 2686 868 2722 ita
907 2686 1023 2735 longe
1061 2686 1199 2723 ceteris
1242 2687 1447 2734 praestant
1490 2684 1733 2721 Tusculanae

176 2744 477 2793 disputationes,
515 2746 555 2781 in
595 2744 737 2793 quibus
775 2745 847 2781 hoc
885 2756 1006 2794 genus
1045 2746 1176 2793 ipsum
1214 2745 1370 2794 dialogo
1408 2741 1632 2780 huiusmodi
1670 2740 1733 2777 (18-

176 2803 388 2840 fensitatur
419 2798 468 2855 (11
503 2805 567 2852 11,
591 2798 664 2855 26)
691 2805 750 2840 M.
776 2804 907 2841 Fuisti
942 2815 1066 2851 saepe,
1098 2804 1219 2848 credo,
1251 2815 1336 2841 oum
1366 2802 1527 2839 Athenis
1559 2811 1666 2843 esses,
1693 2801 1733 2836 in

175 2863 314 2900 scholis
343 2863 671 2910 philosophorum.
709 2861 759 2899 A.
794 2862 889 2900 Vero
928 2875 973 2901 ac
1003 2863 1162 2901 libenter
1192 2862 1354 2910 quidem.
1393 2862 1451 2897 M.
1476 2858 1733 2896 Animadver-

178 2921 282 2958 tebas
318 2923 448 2969 iyitur,
487 2923 555 2959 etsi-
586 2924 667 2959 tum
702 2932 811 2959 nemo
851 2924 934 2959 erat
970 2922 1179 2959 admodum
1217 2922 1401 2967 copiosus,
1439 2930 1571 2956 verum
1608 2920 1733 2955 tamen

250 2993 403 3018 ENN1ns
424 2994 469 3017 ed.
490 2994 617 3019 Vahlen.
1499 2983 1523 3015 d

1740 3032 1745 3059 1
