2054 3282
722 147 983 184 ANNALIUM
1007 146 1093 182 LIB.
1115 147 1199 182 ΧΠῙ
1682 147 1738 189 69

177 328 264 371 380
443 326 579 370 «satin
609 329 728 369 vates
759 328 907 370 verant
932 265 1076 370 {tam
1108 326 1155 369 in
1185 326 1385 383 agunda‘?

933 431 985 466 IV

176 493 259 536 381
295 492 535 535 «Hannibal
566 493 715 535 audaci
747 507 843 534 cum
873 494 1046 547 pectore
1078 492 1128 534 de
1159 507 1228 534 me
1257 492 1467 548 hortatur,

293 563 360 607 Ne
389 564 552 606 bellum
583 564 748 619 faciam,
781 577 907 619 quem
939 563 1117 606 credidit
1150 578 1241 606 esse
1272 577 1414 605 meum
1447 578 1519 606 cor

176 635 262 678 383
295 634 522 678 Suasorem
549 650 762 678 summum
794 636 836 676 et
869 634 1108 677 studiosum
1140 635 1293 677 robore
1323 635 1438 677 belli.

662 857 978 903 ANNALIUM
1008 858 1115 902 LIB.
1147 859 1251 902 XIV

948 976 965 1010 I

174 1039 261 1081 384
292 1038 482 1081 Verrunt
514 1037 728 1093 extemplo
760 1037 925 1093 placide
956 1052 1089 1080 mare:
1121 1052 1332 1079 marmore
1362 1037 1473 1080 flavo
1727 1029 2020 1097 ΑΝξΙξῙὸῙῇῙΙᾟΠΜ

294 1109 545 1152 Caeruleum
577 1111 748 1165 spumat
780 1109 867 1151 sale
899 1109 1090 1151 conferta
1121 1111 1210 1151 rate
1243 1109 1416 1164 pulsum
1838 1118 1923 1137 1-11

289 1238 340 1273 ΠΙ
360 1240 455 1284 (380)
488 1238 630 1274 Gellius
650 1251 740 1273 xvn1
757 1243 789 1283 2,
806 1242 848 1273 12
866 1238 956 1274 ‘hoc
980 1237 1192 1282 quaesitum
1212 1239 1278 1280 est,
1301 1238 1454 1273 verbum
1473 1239 1614 1281 verant,
1636 1239 1736 1283 quod

173 1291 360 1338 significat
379 1302 465 1327 vera
486 1292 625 1337 dicunt,
639 1292 812 1336 quisnam
830 1294 1026 1337 poetarum
1045 1292 1211 1327 veterum
1231 1291 1387 1327 dixerit.
1405 1320 1411 1326 .
1429 1320 1435 1325 .
1456 1291 1485 1311 ¹⁶
1503 1302 1611 1327 nemo
1637 1291 1736 1327 enim

172 1347 252 1381 tum
273 1346 586 1389 commeminerat,
607 1345 749 1380 dictum
769 1356 848 1380 esse
862 1355 884 1379 a
899 1345 938 1388 Q.
954 1344 1074 1380 Ennio
1094 1344 1134 1380 id
1150 1344 1302 1380 verbum
1321 1345 1360 1380 in
1380 1345 1491 1380 tertio
1513 1345 1656 1380 decimo
1671 1355 1736 1379 an-

172 1399 315 1434 nalium
334 1399 373 1434 in
393 1399 465 1435 isto
485 1410 592 1434 versu
612 1398 735 1435 «satin
757 1427 762 1433 .
781 1428 786 1433 .
804 1427 809 1433 .
833 1398 1034 1444 agunda».’

290 1452 341 1487 IV
360 1453 457 1498 (381)
496 1451 636 1487 Gellius
656 1465 693 1487 v1
713 1455 745 1496 2,
760 1456 780 1486 3
803 1451 972 1497 ‘scripsit
992 1453 1118 1486 autem
1138 1451 1351 1494 Caesellius,
1374 1451 1414 1494 Q.
1430 1451 1592 1486 Ennium
1611 1452 1651 1486 in
1670 1465 1737 1488 x111

173 1507 255 1551 (xu
274 1517 321 1540 m.
336 1517 390 1551 pr.
403 1505 502 1551 Vat.)
517 1505 645 1540 annali
665 1516 727 1540 cor
747 1505 883 1540 dixisse
904 1515 1039 1551 genere
1058 1505 1274 1539 masculino.
1294 1505 1306 1524 ‘¹
1324 1505 1438 1539 verba
1458 1505 1631 1540 Caesellii
1651 1505 1736 1540 sub-

171 1559 270 1594 iecta
290 1560 391 1594 sunt:
413 1559 620 1594 masculino
640 1569 786 1605 genere,
799 1560 843 1594 ut
860 1558 979 1593 multa
999 1558 1086 1603 alia,
1107 1558 1316 1593 enuntiavit
1328 1557 1487 1602 Ennius3
1507 1569 1595 1593 nam
1614 1558 1654 1594 in
1670 1572 1737 1593 xm

173 1612 300 1647 annali
314 1623 425 1656 quem
439 1623 501 1647 601·
515 1612 619 1647 dixit.
632 1612 646 1633 ⁵
659 1612 833 1657 ascripsit
846 1612 981 1647 deinde
995 1623 1120 1647 versus
1140 1611 1253 1646 Ennii
1273 1612 1345 1646 duo
1367 1611 1581 1648 «Hannibal
1601 1612 1737 1648 audaci

171 1677 253 1701 cum
270 1678 306 1710 p.
322 1665 533 1701 dehortatur
551 1676 619 1700 ne.
637 1694 643 1700 .
661 1694 667 1700 .
684 1675 777 1701 cor».
792 1665 807 1685 θ
826 1665 1031 1700 Antiochus
1059 1666 1115 1700 est
1140 1665 1204 1709 qui
1226 1665 1298 1700 hoc
1317 1664 1412 1700 dixit
1431 1665 1544 1700 Asiae
1566 1676 1648 1700 rex.
1663 1694 1668 1700 .
1683 1694 1689 1700 .
1704 1694 1710 1700 .
1723 1665 1737 1686 ⁸

170 1719 242 1754 hoc
262 1718 463 1754 CaeseHius
485 1719 647 1764 quidem,
669 1719 734 1754 sed
754 1718 859 1753 aliud
876 1719 988 1764 longe
1007 1719 1159 1753 Ennius.
1177 1719 1192 1739 ⁹
1204 1729 1291 1753 nam
1310 1720 1386 1754 tres
1399 1729 1524 1754 versus
1545 1720 1641 1762 sunt,
1661 1730 1736 1754 non

173 1773 256 1815 duo,
272 1772 321 1806 ad
334 1772 431 1807 hanc
441 1772 553 1807 Ennii
567 1772 793 1807 sententiam
805 1772 1046 1817 pertinentes,
1059 1783 1103 1807 ex
1117 1772 1252 1817 quibus
1266 1772 1419 1807 tertium
1432 1783 1578 1807 versum
1592 1772 1736 1808 Caesel-

171 1826 243 1861 lius
270 1836 344 1860 non
370 1826 533 1870 respexit
558 1826 773 1862 «Hannibal
798 1826 934 1861 audaci
959 1826 1047 1862 dum
1065 1839 1100 1871 p.
1123 1826 1166 1861 de
1191 1837 1245 1862 me
1269 1827 1437 1862 hortatur
1461 1837 1508 1861 ne
1604 1826 1736 1861 robore

171 1879 312 1915 belli».’
405 1879 549 1914 Nonius
566 1892 601 1925 p.
620 1883 697 1923 195,
710 1882 755 1914 20
772 1880 782 1896 ‘
793 1891 854 1914 cor
866 1880 1013 1925 generis
1027 1881 1084 1915 est
1096 1879 1230 1922 neutri,
1244 1880 1288 1914 ut
1301 1879 1457 1914 dubium
1470 1890 1544 1914 non
1559 1881 1624 1915 est.
1639 1891 1736 1914 mas-

172 1932 286 1968 culini
305 1932 446 1967 Ennius
465 1932 529 1967 lib.
544 1946 611 1968 x111
632 1934 713 1979 (x11
732 1945 779 1968 m.
794 1945 848 1978 pr.
870 1933 987 1978 Harl.)
1008 1932 1195 1970 «Annibal
1221 1933 1434 1968 laudacium
1458 1945 1493 1978 p.
1516 1933 1558 1969 de
1583 1945 1636 1968 me
1654 1934 1735 1969 hor-

172 1990 273 2022 tatur
291 1997 338 2021 ne
360 2014 366 2020 .
386 2014 414 2020 ..
437 1987 549 2023 cor».'

289 2068 376 2103 LIB.
398 2067 483 2102 XIV
530 2068 547 2102 I
566 2069 663 2114 (384)
696 2068 838 2104 Gellius
851 2082 879 2103 11
894 2073 949 2112 26,
962 2072 1004 2102 21
1023 2068 1034 2085 ‘
1045 2068 1110 2102 sed
1125 2079 1208 2102 cum
1222 2068 1351 2103 omnia
1360 2067 1481 2103 libens
1497 2068 1624 2103 audivi
1638 2079 1734 2113 quae

171 2121 397 2166 peritissime
431 2120 574 2164 dixisti,
601 2123 681 2156 tum
711 2121 872 2156 maxime
899 2121 999 2166 quod
1025 2121 1243 2157 varietatem
1270 2121 1356 2156 flavi
1388 2121 1520 2157 coloris
1553 2121 1735 2157 enarrasti

292 2294 378 2332 380
392 2293 454 2331 De
467 2294 655 2331 sententia
668 2293 714 2341 cf.
723 2292 890 2331 Diodori
905 2304 978 2331 eoec.
988 2305 1062 2331 v111
1074 2290 1105 2329 6
1110 2292 1317 2346 παρεκάλει
1333 2291 1378 2332 τὰ
1394 2292 1532 2344 πλήθη
1546 2292 1600 2344 μὴ
1614 2305 1732 2346 προσ-

172 2350 273 2404 έχειν
293 2355 374 2399 τοῖς
401 2351 561 2403 μάντεσι
588 2351 845 2403 σχεδιάζουσι·
866 2350 931 2390 καὶ
956 2350 1029 2404 γὰρ
1054 2350 1120 2391 καὶ
1144 2350 1208 2391 ἐπὶ
1233 2357 1311 2391 τῶν
1339 2352 1452 2392 ἰδίων
1471 2352 1569 2404 βίων
1590 2351 1734 2400 αὐτοὺς

173 2411 366 2458 πλείστοις
397 2409 647 2463 ἁμαρτήμασι
677 2410 939 2463 περιπίπτειν,
973 2408 1026 2457 ὡς
1058 2409 1112 2462 μὴ
1145 2409 1393 2463 δυναμένους
1426 2409 1661 2464 προιδέσθαι
1689 2411 1732 2452 τὸ

172 2468 309 2521 μέλλον
328 2473 405 2509 κτλ.
426 2471 619 2509 Enniana
629 2471 872 2509 Harmibalis
891 2482 970 2509 esse
979 2468 1212 2510 Antiochum
1230 2472 1444 2510 dedoceutis
1461 2472 1627 2520 fortasse
1641 2473 1734 2511 haec

171 2530 376 2569 Plutarchi
400 2531 447 2569 de
475 2530 585 2568 exilio
612 2528 660 2566 16
674 2542 716 2578 p.
740 2527 823 2566 606
840 2541 859 2568 c
876 2531 1051 2568 iudicare
1062 2533 1231 2578 possunt
1254 2530 1293 2569 τί
1310 2528 1351 2569 δὲ
1367 2526 1552 2582 Ἀννίβας
1578 2528 1599 2569 ὁ
1626 2533 1732 2583 Καρ-

171 2588 355 2640 χηδόνιος
381 2588 454 2628 οὐκ
478 2587 614 2641 ἐχρῆτο
639 2588 837 2643 παρ’ρησία
862 2587 961 2641 πρὸς
982 2583 1181 2641 Ἀντίοχον
1200 2587 1360 2642 βασιλέα
1385 2588 1480 2630 ὄντα
1504 2588 1635 2642 φυγὰς
1656 2588 1730 2637 ὥν;

173 2646 344 2699 ὁπηνίκα
369 2654 508 2701 καιροῦ
535 2647 713 2695 διδόντος
739 2645 910 2687 ἐκέλευεν
936 2646 1057 2687 αὐτὸν
1082 2646 1287 2702 ἐπιχειρεῖν
1311 2652 1394 2696 τοῖς
1418 2648 1634 2700 πολεμίοις·
1661 2654 1731 2688 τοῦ

173 2705 213 2746 δὲ
245 2705 477 2759 θυσαμένου
507 2705 572 2746 καὶ
597 2706 645 2748 τὰ
670 2706 870 2759 σπλάγχνα
893 2706 1057 2746 κωλύειν
1083 2707 1326 2760 φάσκοντος,
1353 2707 1580 2759 ἐπετίμησεν
1610 2706 1731 2746 εἰπών

173 2763 245 2805 ’σὺ
270 2766 309 2805 τί
331 2764 446 2818 κρέας
471 2764 570 2819 λέγει
596 2769 767 2817 σκοπεῖς,
788 2765 835 2805 οὗ
861 2766 899 2805 τί
914 2771 1014 2805 νοῦν
1034 2765 1130 2819 ἔχων
1155 2764 1392 2820 ἄνθρωπος’
1523 2767 1604 2805 381
1626 2767 1730 2806 hori-

171 2827 281 2863 tatur
293 2826 487 2874 Berykius
608 2826 691 2865 383
713 2826 932 2865 studiosum
950 2826 1089 2866 robore
1107 2827 1141 2866 h.
1158 2838 1185 2866 e.
1201 2824 1408 2878 ἐφιέμενον
1427 2823 1654 2878 ἐρρωμένως

175 2885 260 2922 384
278 2885 477 2936 placidum
492 2886 731 2925 Parrhasius
826 2885 928 2925 flavo
944 2884 1192 2925 Caeruleum:
1213 2888 1372 2937 spumat
1384 2885 1614 2925 Ribbeckius
1633 2897 1729 2924 mus.

1745 2978 1748 3004 1
