2004 3278
730 177 989 213 ANNALIUM
1014 178 1102 213 LIB.
1123 178 1191 213 VH
1554 180 1729 215 CLXXXI

168 305 230 338 τες
255 293 335 341 κτλ,
361 290 452 329 dein
478 291 525 329 de
551 291 705 330 Rhodio
730 292 818 341 ipso
845 292 913 341 47,
935 293 957 330 9
985 288 1134 343 ἐγένετο
1160 294 1240 338 τοῖς
1273 289 1430 364 ἐχθροῖς
1460 290 1705 344 ὑποχείριος.

173 350 215 389 οἱ
237 347 278 389 δὲ
299 346 478 423 Ῥωμαῖοι
502 350 776 402 κυριεύσαντες
802 349 867 389 καὶ
897 350 1041 401 ταύτης
1072 356 1140 402 τῆς
1173 348 1269 397 νεὼς
1301 365 1343 389 ευ
1375 349 1731 403 κατεσκευασμένης

169 407 234 448 καὶ
258 409 555 461 καταρτίσαντες
581 408 705 460 αὐτὴν
730 412 811 460 κτλ,
842 410 889 448 de
916 422 996 459 qua
1020 423 1121 449 nave
1148 411 1268 448 etiam
1294 412 1432 460 postea
1461 411 1527 460 59,
1549 412 1573 449 8
1601 411 1729 461 loqui-

169 471 244 507 tur.
273 469 349 507 Sed
373 469 471 507 haec
490 471 581 507 utut
600 482 639 508 se
659 469 817 520 habent,
843 469 885 506 hi
904 481 1039 507 versus
1060 483 1105 507 ex
1123 469 1197 507 hoc
1216 470 1318 507 libro
1339 471 1464 519 citati,
1486 483 1730 520 quamquam

170 541 304 567 eorum
330 529 482 567 occasio
509 531 614 567 certo
642 529 904 567 demonstrari
929 541 1007 566 non
1033 530 1174 578 potest,
1200 529 1242 566 in
1269 528 1414 578 quibus
1440 532 1499 567 est
1530 530 1650 568 etiam
1676 544 1730 570 xv

167 589 263 626 alter
287 600 383 627 nare
408 590 524 637 cupit,
550 589 646 627 alter
657 600 841 637 pugnare
852 591 1049 635 paratust,
1077 600 1194 637 quem
1217 588 1398 626 nonnulli
1425 601 1515 626 cum
1540 590 1620 628 illis
1640 603 1729 628 con-

165 647 390 696 iunxerunt,
409 648 482 687 hoc
503 648 663 697 quidem
682 648 931 696 patefaciunt
950 659 989 685 se
1010 647 1060 685 ad
1079 647 1228 685 bellum
1241 647 1437 685 Punicum
1457 649 1628 697 primum
1642 663 1729 699 per-

166 707 342 745 tinuisse.

284 766 392 804 Haec
411 767 539 816 igitur
558 765 706 804 indicia
726 779 813 804 cum
828 765 1003 803 Ennium
1022 765 1095 804 hoc
1114 765 1263 804 bellum
1283 779 1361 804 non
1382 767 1541 805 omnino
1556 769 1727 817 praeter-

165 826 317 864 misisse
349 825 630 875 persuadeant,
663 826 813 874 tamen,
846 839 894 863 ne
921 823 1056 863 Cicero
1088 826 1190 863 nihil
1222 825 1364 864 dixisse
1396 826 1595 876 videatur,
1628 828 1728 865 illud

164 884 377 923 tenendum
403 886 462 923 est
486 885 603 923 huius
629 885 725 922 belli
750 884 1019 923 narrationem
1045 897 1133 923 cum
1160 885 1208 923 ab
1235 885 1325 923 aliis
1351 885 1467 924 rebus
1500 887 1585 924 tum
1616 900 1726 936 prae-

165 945 277 994 cipue
309 957 332 982 a
364 944 532 983 secundo
564 944 667 983 bello
701 943 849 982 Punico
876 945 1046 982 multum
1077 944 1271 982 brevitate
1305 944 1556 994 discrepasse.
1589 946 1727 996 Neque

163 1005 236 1042 hoc
254 1004 313 1042 ita
331 1003 591 1054 improbabile
612 1005 681 1042 est.
702 1004 861 1041 Etenim
881 1004 1057 1053 aliquam
1077 1003 1168 1041 libri
1187 1005 1342 1054 partem
1360 1004 1502 1042 tribuit
1516 1007 1728 1055 prooemio,

163 1065 205 1101 in
238 1076 315 1113 quo
347 1076 425 1101 non
456 1076 572 1114 parce
605 1063 730 1114 egisse
762 1063 887 1113 ipsius
918 1064 1057 1112 poetae
1090 1076 1210 1112 quam
1242 1063 1339 1102 alibi
1370 1064 1507 1102 notavi
1543 1064 1728 1114 φιλαυτία

164 1123 306 1173 arguit.
334 1123 531 1160 Nimirum
557 1123 630 1161 hoc
656 1123 751 1173 agit,
776 1124 821 1160 ut
847 1122 1070 1161 obtrectans
1095 1122 1240 1161 Naevii
1266 1123 1386 1173 poesi,
1420 1136 1538 1172 quam
1565 1123 1612 1162 ab
1638 1124 1727 1162 rudi

163 1182 388 1220 Faunorum
414 1184 532 1220 cantu
557 1183 637 1220 fere
664 1194 743 1220 non
769 1182 915 1220 distare
941 1182 1155 1232 praedicat,
1182 1194 1252 1220 sua
1278 1184 1420 1221 merita
1446 1182 1628 1221 laudibus
1664 1197 1727 1221 ex-

162 1241 290 1280 tollat.
318 1240 374 1280 Cf.
397 1242 642 1291 213—217‚
670 1254 766 1291 quos
792 1253 926 1280 versus
952 1243 997 1279 ut
1022 1253 1125 1280 nunc
1145 1242 1325 1280 ordinavi
1345 1242 1394 1279 ad
1418 1243 1596 1280 codicum
1615 1244 1726 1281 testi—

162 1303 305 1350 monia,
330 1303 415 1339 tam
443 1300 638 1340 Ciceronis
666 1314 785 1351 quam
811 1301 931 1338 Ennii
957 1313 1112 1340 sensum
1139 1302 1258 1351 paulo
1285 1313 1377 1339 sane
1398 1302 1617 1351 planiorem
1638 1303 1726 1340 effe-

162 1362 259 1399 cisse
278 1361 424 1399 videor.
452 1359 655 1398 Gloriatur
675 1362 809 1399 autem
829 1361 994 1410 Ennius,
1021 1360 1126 1409 quod
1146 1361 1295 1410 primus
1315 1361 1453 1399 heroos
1473 1373 1607 1399 versus
1629 1374 1725 1410 quos

161 1421 291 1469 lonyos
305 1415 457 1473 (utrum
469 1421 542 1458 hoc
556 1433 656 1458 nexu
672 1433 722 1458 011
737 1419 833 1458 alibi
846 1433 924 1458 non
936 1420 1172 1469 dirimo,inc.
1181 1415 1253 1472 xx)
1262 1420 1430 1458 vocabat
1441 1421 1518 1459 arti
1530 1420 1723 1459 adhibuit.

161 1479 222 1517 Ab
243 1480 323 1518 illis
345 1482 477 1517 autem
496 1479 683 1528 versibus,
702 1480 807 1518 inter
828 1491 924 1528 quos
942 1478 1166 1517 Ciceronem
1185 1492 1263 1517 non
1277 1479 1393 1518 nimis
1407 1480 1534 1518 multa
1548 1481 1725 1519 omisisse

162 1538 356 1587 existimo,
376 1551 454 1576 non
475 1552 618 1590 magno
638 1539 850 1577 intervallo
871 1538 1088 1588 dispestum
1108 1539 1228 1577 fuisse
1242 1539 1287 1576 fr.
1304 1552 1333 1576 11
1352 1539 1520 1588 videtur,
1542 1552 1617 1588 quo
1638 1553 1725 1577 eam

162 1594 290 1636 ‘dicti’
316 1599 501 1648 peritiam
527 1598 602 1637 sibi
628 1611 706 1636 non
727 1611 797 1648 per
816 1599 1011 1637 somnium
1032 1598 1099 1636 sed
1124 1598 1258 1636 labore
1285 1611 1329 1636 ac
1356 1598 1486 1636 studio
1514 1598 1725 1649 contigisse

160 1652 420 1710 profitetur.*)
446 1657 482 1694 A
510 1658 650 1707 quibus
677 1658 796 1708 paulo
822 1658 980 1707 longius
1006 1657 1178 1695 abfuisse
1204 1657 1395 1707 putabam
1414 1658 1576 1695 tertium
1597 1671 1616 1696 0
1636 1671 1725 1708 pro-

160 1718 285 1756 oemio
305 1719 500 1767 superstes
521 1717 798 1767 fragmentum,
820 1730 896 1766 quo
914 1717 1065 1755 Ennius
1086 1729 1124 1755 50
1146 1717 1194 1755 010
1215 1717 1462 1755 obtrectandi
1482 1717 1646 1755 libidine
1667 1718 1723 1755 vi-

160 1777 325 1815 debatur
341 1789 541 1825 revocare,
563 1777 667 1826 quod
685 1778 818 1815 tamen
838 1790 941 1814 nunc
961 1777 1084 1814 malui
1105 1777 1154 1814 ad
1174 1777 1326 1815 incerta
1347 1771 1531 1830 (Lxxxnr)
1552 1778 1723 1815 reiicere.

161 1836 236 1874 Sed
255 1836 325 1874 hos
352 1836 399 1874 de
425 1849 496 1874 sua
514 1837 737 1885 Naeviique
763 1837 874 1886 poesi
899 1848 1032 1874 sensus
1054 1835 1246 1874 Columna
1266 1849 1311 1874 ac
1331 1836 1485 1874 Merula
1504 1837 1663 1886 poetam
1682 1837 1724 1874 in

159 1897 245 1946 ipso
265 1896 401 1934 limine
422 1896 606 1934 carminis
627 1895 915 1946 deprompsisse
937 1896 1162 1943 voluerunt,
1189 1895 1255 1934 sed
1275 1895 1442 1944 videtur,
1464 1896 1570 1945 quod
1590 1894 1723 1934 Cicero

159 1954 401 2003 subindicat,
438 1968 484 1994 ea
516 1955 573 1992 ibi
605 1956 828 2005 exposuisse
859 1955 928 1992 ubi
959 1956 1155 1993 rationem
1184 1955 1376 1993 reddebat
1411 1967 1479 1992 cur
1514 1955 1556 1992 in
1594 1956 1722 2004 primo

158 2014 261 2053 bello
281 2013 428 2053 Punico
455 2015 705 2064 aliquantum
726 2027 749 2052 a
768 2027 875 2052 more
895 2027 964 2053 suo
984 2014 1173 2052 narrandi
1192 2014 1421 2052 deflexisset.
1450 2012 1642 2052 Credibile
1664 2015 1724 2052 est

159 2074 264 2111 enim
289 2074 461 2111 Ennium
488 2087 511 2112 a
537 2074 794 2124 significanda
819 2086 860 2111 re
887 2087 1007 2123 quam
1031 2073 1105 2111 hoc
1130 2073 1230 2111 libro
1256 2074 1499 2111 tractaturus
1527 2074 1629 2111 esset
1647 2074 1721 2110 ini-

158 2134 259 2170 tium
290 2133 365 2172 sibi
390 2133 537 2171 fecisse.
571 2132 908 2177 Quemadmodum
939 2133 1091 2170 sextum
1117 2132 1271 2170 orditur
1302 2145 1326 2170 a
1356 2144 1471 2170 versu
1499 2132 1593 2180 Quis
1616 2134 1722 2180 potis

159 2194 324 2241 inqentis
350 2203 440 2230 oras
467 2192 634 2230 evolvere
660 2191 758 2236 belli,
784 2192 934 2230 scilicet
960 2192 1041 2230 eius
1069 2191 1173 2240 quod
1199 2204 1286 2229 cum
1305 2191 1458 2241 Pyrrho
1478 2204 1568 2242 rege
1595 2204 1721 2242 gesse-

158 2253 251 2289 runt
276 2252 456 2300 Romani,
482 2253 521 2290 et
546 2251 740 2289 decimum
766 2251 899 2289 Insece
924 2251 1048 2289 Musa
1072 2263 1194 2289 manu
1218 2251 1487 2289 Romanorum
1511 2251 1721 2299 indupera-

276 2387 305 2433 *)
333 2387 393 2422 Sic
417 2389 517 2423 reete
544 2387 633 2423 olim
658 2388 790 2422 horum
815 2398 986 2422 versuum
1012 2387 1235 2422 sententiam
1261 2387 1440 2432 expressi:
1468 2387 1515 2423 de
1541 2398 1615 2431 qua
1644 2387 1722 2422 dixi

160 2434 199 2470 in
226 2436 295 2470 act.
324 2436 428 2470 acad.
450 2447 481 2470 a.
505 2438 595 2471 1886
616 2448 650 2480 p.
674 2439 728 2479 13,
755 2435 819 2470 ubi
846 2434 1021 2478 concessi,
1052 2436 1151 2479 quod
1177 2434 1318 2470 Ennius
1350 2436 1465 2480 negat
1496 2445 1721 2480 quemquam

158 2485 199 2518 in
222 2484 357 2518 somnis
382 2482 506 2518 videre
534 2483 774 2538 sapientiam
807 2482 1025 2528 priusquam
1051 2493 1133 2517 eam
1159 2483 1300 2517 discere
1331 2482 1512 2528 coeperit,
1545 2482 1624 2517 fieri
1655 2494 1719 2528 po-

157 2530 284 2574 tuisse,
305 2530 405 2574 quod
425 2532 511 2565 sunt
531 2530 595 2575 qui
615 2531 793 2572 statuant,
813 2531 856 2564 ut
874 2530 1136 2574 responderit
1126 2530 1173 2565 iis
1194 2531 1224 2565 si
1245 2530 1310 2585 qui
1323 2530 1399 2565 iam
1412 2531 1492 2564 tum
1506 2531 1562 2575 (ut
1574 2531 1719 2575 postea)

160 2589 244 2612 cum
262 2577 340 2612 risu
360 2578 573 2623 exceperint
591 2580 771 2614 somnium
784 2577 1091 2622 Pythagoreum
1081 2589 1120 2612 m
1140 2577 1322 2623 principio
1345 2577 1537 2613 annalium
1556 2577 1719 2631 positum

159 2636 231 2668 quo
258 2636 297 2659 se
322 2625 522 2660 Homerum
548 2637 592 2660 ex
616 2625 736 2661 Ennio
763 2625 905 2660 factum
930 2624 1185 2669 praedicabat,
1212 2625 1258 2660 ob
1286 2636 1442 2670 eamque
1467 2635 1545 2659 rem
1569 2624 1614 2658 iis
1640 2635 1719 2658 ver-

159 2672 261 2706 sibus
286 2671 446 2707 indicari
472 2684 535 2708 sex
559 2672 673 2708 libros
698 2671 838 2718 primos
868 2683 1031 2706 seorsum
1057 2672 1104 2707 ab
1129 2672 1250 2708 Ennio
1276 2672 1395 2708 editos
1422 2672 1639 2717 priusquam
1670 2671 1718 2704 ad

159 2719 357 2764 septimum
372 2730 446 2766 agg
424 2720 654 2763 rederetur3
674 2730 794 2764 neque
808 2721 934 2754 tamen
953 2719 1023 2754 hoc
1043 2731 1190 2766 quoque
1211 2720 1298 2755 dedi
1312 2719 1519 2755 sententiae
1535 2718 1718 2753 rationem

157 2778 231 2801 non
258 2768 427 2802 constare
458 2768 531 2802 nisi
556 2768 627 2802 1100
653 2779 696 2802 ex
723 2778 766 2802 ea
793 2766 1047 2812 colligeretur,
1081 2768 1306 2803 sententiam
1338 2767 1436 2802 enim
1468 2776 1547 2800 esse
1572 2764 1717 2799 univer-

159 2824 247 2856 sam,
275 2814 314 2848 in
339 2825 415 2858 qua
439 2814 492 2848 vis
519 2817 617 2850 esset
642 2815 680 2849 in
707 2815 869 2850 discendi
892 2814 1054 2857 notione,
1080 2817 1123 2850 ut
1147 2826 1221 2849 non
1246 2815 1372 2859 inepte
1399 2813 1627 2848 conferretur
1646 2811 1716 2846 De-

159 2860 304 2896 mocriti
325 2861 424 2905 quod
444 2862 581 2897 dicitur
601 2862 743 2896 dictum
763 2861 878 2906 (apud
899 2861 1100 2898 stobaeum
1119 2862 1185 2898 001
1206 2875 1234 2897 11
1255 2866 1309 2906 31,
1326 2863 1383 2906 71)
1405 2859 1487 2895 οὔτε
1506 2857 1613 2905 τέχνη
1631 2858 1715 2894 οὔτε

157 2906 268 2953 σοφίη
296 2907 496 2953 ἐφικτόν,
484 2908 532 2954 ἠν
558 2909 606 2955 μὴ
633 2908 739 2956 μάθῃ
763 2922 827 2949 τις.
