2020 3334
357 193 458 228 XXX
907 194 933 229 I.
960 193 1188 229 HISTORIA
1212 194 1350 229 ENNH

355 306 514 343 Ennius
553 305 636 342 und
672 300 915 352 Lucretius’)
953 306 994 342 et
1035 305 1181 344 selecta
1224 305 1419 354 quaedam
1460 307 1639 356 exempla
1676 307 1914 345 imitationis

356 364 562 402 Ennianae
594 363 699 412 apud
730 363 959 401 Lucretium
988 365 1207 403 monstravi
1242 359 1338 417 (vid.
1364 377 1455 402 ann.
1481 366 1565 404 323
1597 367 1638 403 et
1669 360 1792 419 606):
1823 378 1916 403 nam

354 424 480 460 multa
523 424 616 460 sunt
659 421 801 471 quibus
844 434 971 461 sermo
1010 422 1271 461 Lucretianus
1314 424 1462 462 colores
1504 424 1660 463 duxisse
1703 425 1752 462 ab
1796 425 1917 463 Ennii

356 482 511 531 eloquio
542 480 743 530 videatur,
774 482 885 520 cuius
916 483 1071 532 generis
1102 483 1294 522 nonnulla
1324 483 1366 520 in
1398 482 1654 522 adnotatione
1680 485 1916 523 memoravi:

356 541 403 579 cf.
437 553 526 578 ann.
562 542 655 579 149.
678 541 774 578 312.
797 541 894 589 353,
926 541 1018 579 alia.

473 598 652 638 Caesaris
689 601 847 638 nomine
883 599 1181 639 memorandum
1212 602 1272 639 est
1303 601 1407 650 quod
1438 602 1543 639 inter
1573 602 1656 640 eius
1686 602 1807 640 libros
1839 613 1917 640 ser-

354 661 491 697 vatum
523 661 652 697 exstat
681 658 830 697 bellum
853 659 1127 709 Hispaniense,
1158 661 1269 698 cuius
1295 662 1433 699 auctor
1456 660 1517 699 bis
1541 661 1671 699 verbis
1697 662 1767 698 aut
1797 662 1917 699 versi-

355 718 428 756 bus
454 718 647 757 Ennianis
678 730 772 756 usus
804 721 875 767 est,
907 732 995 757 ann.
1023 719 1106 757 572
1139 719 1202 757 hic
1230 722 1274 757 ut
1303 721 1361 758 ait
1384 720 1543 758 Ennius
1560 732 1634 768 pes
1651 720 1751 767 pede
1771 721 1918 767 premi-

355 780 430 822 tur,
461 779 584 816 armis
614 781 792 816 teruntur
822 790 948 822 arma,
979 791 1081 827 quae
1112 791 1161 816 ne
1192 779 1320 817 voluit
1354 779 1524 828 quidem,
1556 781 1707 828 opinor,
1739 780 1811 817 aut
1839 791 1918 817 non

353 837 487 886 potuit
528 837 609 875 suis
645 838 818 875 numeris
856 837 1012 885 afferre,
1050 838 1090 875 et
1120 850 1210 875 ann.
1238 838 1321 876 587
1354 839 1415 877 hic
1445 841 1544 883 tum,
1580 842 1624 876 ut
1654 840 1711 876 ait
1746 838 1918 883 Ennius,

353 897 476 934 nostri
506 907 647 934 cessere
671 908 911 944 parumper;
942 898 982 934 et
1011 896 1071 935 his
1103 896 1254 934 duabus
1285 897 1465 946 reliquiis
1496 910 1609 936 nemo
1634 899 1791 947 praeter
1815 897 1917 935 hunc

354 956 467 993 testis
499 955 662 1003 exstitit,
694 967 765 993 nec
795 958 929 994 tamen
961 955 1147 993 credibile
1178 958 1237 994 est
1261 957 1382 994 istum
1407 957 1639 1006 scriptorem
1666 957 1763 994 haec
1787 957 1918 1005 ipsum

355 1027 401 1052 ex
427 1014 547 1052 Ennii
589 1014 856 1052 voluminibus
900 1016 1142 1064 expiscatum
1186 1027 1287 1063 esse,
1330 1016 1398 1053 sed
1433 1018 1645 1065 utrumque
1683 1011 1919 1068 (parumper

354 1085 496 1112 cessere
534 1074 656 1111 etiam
686 1073 824 1112 Livius
862 1068 1040 1126 scripsit)
1065 1075 1124 1112 ita
1156 1076 1428 1124 comparatum
1460 1076 1520 1113 est
1551 1077 1691 1124 suapte
1721 1075 1918 1113 sententia

354 1135 401 1171 ut
431 1133 548 1170 facile
573 1145 654 1170 una
679 1145 767 1171 cum
793 1134 954 1171 auctore
977 1133 1182 1172 hominum
1206 1134 1404 1172 mentibus
1429 1134 1619 1172 haereret.
1668 1134 1741 1172 His
1766 1133 1918 1172 duobus

355 1192 542 1241 exemplis
569 1192 731 1230 tertium
755 1192 908 1229 addidit
935 1192 1005 1230 Ed.
1026 1192 1276 1230 Woelfflinus
1302 1188 1427 1245 (arch.
1447 1194 1631 1244 lexicogr.
1650 1205 1724 1231 vm
1742 1206 1779 1242 p.
1801 1187 1920 1245 597),

355 1252 424 1300 qui
442 1251 538 1289 haec
558 1250 679 1289 verba
701 1246 759 1303 (5,
775 1246 820 1304 6)
838 1252 900 1290 hic
919 1252 1079 1290 alternis
1097 1263 1176 1290 non
1194 1253 1320 1290 solum
1338 1254 1453 1290 morti
1464 1255 1623 1291 mortem
1636 1252 1921 1301 eoeayyerabant

353 1311 420 1348 sed
445 1311 612 1348 tumulos
638 1311 798 1348 tumulis
822 1312 1088 1359 exaequabant
1115 1311 1171 1349 sic
1202 1311 1282 1348 fere
1313 1312 1355 1348 in
1386 1324 1521 1350 versus
1547 1311 1722 1349 Enniani
1750 1311 1919 1349 formam

353 1370 481 1419 redigi
511 1381 625 1419 posse
657 1370 810 1407 censuit
841 1370 1076 1418 Exaequant
1100 1371 1259 1408 tumulis
1290 1371 1456 1408 tumulos
1487 1383 1534 1409 ac
1563 1371 1750 1409 mortibus
1780 1372 1919 1408 mortes

354 1427 626 1473 Accumulant,
644 1429 687 1466 in
706 1429 867 1467 alternis
886 1428 1085 1477 (alterius)
1104 1429 1331 1467 delitescere
1356 1432 1399 1467 ut
1423 1431 1480 1468 ait
1504 1430 1663 1468 Ennius
1687 1430 1920 1478 suspicatus,

357 1487 434 1525 Sed
459 1488 554 1526 licet
578 1488 781 1537 plausores
807 1489 987 1537 opinioni
1012 1488 1228 1527 audaculae
1253 1501 1332 1526 non
1358 1488 1567 1537 defuerint,
1585 1488 1695 1535 mihi,
1720 1490 1766 1526 ut
1783 1501 1920 1527 verum

355 1547 501 1595 fatear,
540 1548 603 1584 vir
634 1547 772 1585 doctus
810 1548 929 1585 nimis
959 1549 1112 1586 incerta
1148 1548 1209 1585 uti
1240 1548 1465 1586 coniectura
1494 1548 1663 1595 videtur,
1694 1559 1773 1597 qua
1805 1547 1920 1586 valde

355 1618 493 1644 vereor
530 1619 579 1643 ne
617 1607 814 1645 sententia
845 1606 1099 1655 depravetur,
1137 1608 1179 1644 in
1211 1620 1290 1656 qua
1322 1608 1454 1656 ipsum
1483 1607 1585 1644 illud
1615 1607 1776 1645 alternis
1807 1618 1919 1644 suam

357 1667 440 1703 vim
482 1665 624 1703 habuit
661 1660 815 1718 (confer
849 1666 884 1704 si
920 1666 1026 1704 tanti
1063 1667 1124 1704 est
1162 1665 1251 1703 Silii
1281 1677 1340 1702 ΧΠ
1365 1661 1482 1718 386).
1532 1665 1637 1702 IHud
1673 1665 1779 1703 idem
1815 1666 1920 1703 recte

355 1724 581 1762 observavit
610 1719 734 1777 (arch.
760 1737 819 1762 ΧΠ
849 1738 886 1773 p.
916 1720 1040 1777 162),
1076 1725 1180 1763 hunc
1214 1725 1444 1774 scriptorem
1482 1726 1572 1763 bene
1608 1736 1792 1773 maanus,
1830 1725 1920 1763 bene

354 1784 530 1828 multum,
562 1783 708 1821 similia
738 1784 1002 1832 frequentare,
1033 1784 1102 1822 sed
1130 1784 1204 1822 hoc
1237 1797 1282 1821 ex
1314 1784 1443 1822 Ennio
1474 1785 1662 1833 repetere,
1701 1783 1795 1832 quia
1826 1783 1919 1822 Por-

354 1842 496 1892 phyrio
522 1842 624 1880 dixit
648 1837 756 1894 (ann.
779 1837 853 1895 32)
881 1856 967 1880 eum
994 1845 1213 1891 frequenter
1243 1844 1333 1881 bene
1350 1854 1428 1890 pro
1453 1843 1565 1881 valde
1589 1855 1745 1892 ponere,
1771 1842 1919 1891 dubito,

357 1901 545 1950 quoniam
583 1902 617 1939 is
647 1913 740 1939 usus
772 1902 836 1940 vel
866 1901 1035 1941 Horatio
1066 1903 1228 1951 placuit,
1260 1904 1306 1939 ut
1336 1902 1410 1940 hoc
1440 1903 1482 1940 in
1514 1902 1711 1940 communi
1742 1913 1919 1940 sermone

356 1961 497 1998 tritum
528 1961 648 1998 fuisse
680 1960 866 1998 credibile
898 1963 960 1999 sit.

478 2019 648 2058 Cornelii
680 2019 846 2069 Nepotis
877 2021 951 2058 hoc
981 2021 1068 2059 loco
1098 2021 1248 2058 mentio
1278 2019 1342 2068 fit,
1373 2020 1480 2069 quod
1510 2020 1682 2058 Ennium
1716 2032 1739 2057 a
1772 2017 1919 2057 Catone

357 2079 524 2116 Romam
554 2078 781 2116 traductum
813 2080 1065 2128 memoravit,
1095 2081 1146 2118 iis
1177 2079 1337 2128 quidem
1367 2079 1515 2127 verbis,
1547 2079 1689 2128 quibus
1720 2078 1920 2127 patefecit,

356 2138 497 2187 quanti
528 2139 613 2175 tum
645 2138 797 2175 Ennius
825 2138 974 2176 Romae
1003 2139 1162 2177 habitus
1194 2138 1323 2176 fuerit.
1385 2138 1486 2176 Vide
1517 2150 1636 2187 supra
1666 2151 1703 2187 p.
1730 2150 1782 2174 ix.

474 2197 708 2235 Accedimus
747 2197 797 2235 ad
835 2209 899 2235 eos
937 2199 1007 2246 qui
1044 2197 1093 2235 ab
1130 2197 1270 2235 iisdem
1308 2197 1388 2235 fere
1424 2197 1667 2246 temporibus
1705 2196 1920 2246 plurimum

357 2256 406 2294 ad
433 2256 720 2294 conservandos
745 2257 1005 2294 vetustissimi
1029 2259 1170 2306 poetae
1189 2268 1324 2295 versus
1345 2256 1607 2300 contulerunt,
1631 2256 1684 2294 M.
1702 2256 1921 2294 Varronem

357 2316 396 2353 et
426 2315 478 2352 M.
505 2314 741 2353 Ciceronem.
792 2313 967 2360 Quorum
996 2316 1078 2364 ille,
1108 2318 1154 2354 ut
1183 2316 1275 2354 hinc
1305 2316 1465 2353 initium
1490 2317 1656 2364 capiam,
1687 2316 1730 2352 in
1755 2314 1920 2352 eundem

358 2387 445 2412 cum
465 2373 618 2412 Lucilio
638 2386 795 2412 sensum
814 2374 981 2413 Iliadem
1000 2374 1164 2413 Homeri
1183 2376 1223 2412 et
1241 2374 1362 2412 Ennii
1388 2374 1548 2412 annales
1574 2374 1805 2423 composuit,
1831 2385 1919 2410 cum

358 2434 415 2471 ita
453 2434 611 2482 scripsit
646 2434 690 2471 in
727 2433 905 2471 Parmen.
932 2445 1002 2473 nv
1040 2428 1230 2486 (Menipp.
1259 2434 1342 2472 398
1357 2427 1520 2485 Buech.)
1554 2444 1697 2480 poema
1730 2434 1783 2470 est
1825 2432 1920 2469 lexis

358 2493 586 2540 eno-ythmos,
616 2493 659 2530 id
689 2495 744 2530 est
772 2493 890 2531 verba
914 2493 1039 2540 plura
1068 2494 1213 2531 modice
1243 2494 1287 2531 in
1316 2492 1515 2540 quandam
1549 2493 1716 2530 coniecta
1739 2492 1919 2538 formam,

358 2553 486 2599 itaque
518 2552 633 2590 etiam
664 2551 853 2589 distichon
884 2553 1206 2600 epiyrammation
1235 2554 1373 2590 vocant
1394 2561 1546 2598 poema.
1584 2551 1715 2598 poesis
1753 2551 1805 2587 esi
1828 2560 1919 2596 per-

353 2613 515 2658 petuum
553 2613 823 2658 armamentum
854 2622 873 2648 e
903 2612 1090 2659 rhythmis
1120 2614 1165 2648 ut
1194 2611 1302 2648 Ilias
1332 2610 1495 2648 Homeri
1532 2612 1566 2647 et
1603 2609 1766 2647 annales
1797 2608 1919 2646 Enni.

353 2671 498 2716 poetice
535 2672 589 2707 est
626 2680 693 2707 ars
730 2681 866 2708 earum
903 2681 1046 2708 rerum.
1090 2670 1235 2718 Varro,
1276 2670 1345 2718 qui
1389 2669 1509 2706 etiam
1552 2668 1747 2716 principio
1789 2680 1919 2705 rerum

359 2729 597 2766 rusticarum
622 2727 838 2766 Homerum
869 2730 910 2766 et
934 2729 1107 2766 Ennium
1139 2729 1300 2778 copulat
1325 2722 1434 2780 (ann.
1463 2722 1520 2780 1),
1551 2727 1622 2764 illa
1653 2727 1811 2775 scripsit
1840 2737 1920 2763 non

359 2788 565 2825 immemor
593 2788 638 2824 ut
662 2787 819 2825 videtur
843 2787 1051 2825 verborum
1075 2787 1231 2835 Lucilii,
1262 2788 1340 2825 nisi
1365 2786 1471 2835 quod
1495 2786 1567 2823 illa
1591 2786 1764 2835 intelligi
1787 2785 1920 2833 potuit

361 2847 403 2883 in
442 2859 557 2894 quem
595 2858 710 2884 usum
748 2846 896 2896 scripta
934 2848 1080 2894 essent,
1122 2846 1228 2896 apud
1264 2846 1483 2884 Varronem
1519 2845 1594 2883 hoc
1631 2856 1709 2881 non
1747 2844 1922 2892 apparet.

363 2904 439 2942 Sed
465 2907 510 2942 ut
534 2905 630 2943 haec
656 2905 775 2943 verba
800 2905 842 2942 in
868 2907 1004 2943 satura
1030 2906 1161 2955 posita
1185 2907 1289 2953 sunt,
1313 2906 1372 2943 ita
1397 2903 1581 2942 credibile
1608 2906 1667 2941 est
1691 2903 1919 2951 Menippeas
