2054 3282
720 173 980 208 ANNALIUM
1009 173 1095 208 Lis.
1116 173 1150 207 11
1659 174 1713 214 21

155 354 239 396 122
271 352 567 396 Volturnalem
598 352 863 395 Palatualem
893 292 1140 395 Ifflrinalem

270 423 564 479 Floralemque
594 424 811 467 Falacrem
843 427 885 466 et
914 423 1193 466 Pomonalem
1224 425 1327 467 fecit

269 495 353 538 Hic
384 495 496 538 idem

905 563 957 599 IV

154 626 236 669 125
270 625 339 669 «Si
371 626 474 682 quid
506 642 572 669 1110
603 626 734 668 fuerit
763 625 1024 681 humanitus,
1054 629 1102 668 ut
1130 626 1311 669 teneatis

913 729 947 764 V

154 793 235 835 126
717 791 904 834 Metioeo
935 790 1158 833 Fufetioeo

265 921 315 955 HI
335 922 430 967 (122)
459 921 576 956 Varro
597 921 643 955 de
662 920 685 954 l.
701 921 739 954 L.
754 933 806 955 vn
820 923 865 955 45
887 920 1067 955 ‘eundem
1080 919 1306 966 Pompilium
1320 920 1374 955 ait
1388 920 1519 956 fecisse
1533 921 1712 965 flamines,

147 975 211 1019 qui
237 986 320 1010 cum
346 985 472 1010 omnes
498 975 584 1009 sunt
604 985 626 1009 a
646 974 803 1020 singulis
825 974 903 1008 deis
930 974 1194 1020 cognominati,
1221 974 1261 1008 in
1286 974 1511 1018 quibusdam
1531 977 1715 1020 apparent

147 1028 270 1073 ἔτυμα,
297 1029 340 1064 ut
365 1039 430 1063 cur
455 1028 504 1063 sit
528 1027 713 1062 Martialis
739 1029 778 1062 et
803 1027 1022 1071 Quirinalis3
1050 1029 1136 1062 sunt
1154 1027 1194 1062 in
1213 1027 1347 1071 quibus
1367 1027 1559 1062 flaminum
1579 1039 1714 1074 cogno-

146 1081 309 1116 minibus
334 1081 455 1117 latent
480 1081 653 1127 origines,
680 1082 723 1116 ut
741 1081 781 1115 in
799 1081 858 1115 his
879 1081 943 1125 qui
964 1082 1050 1116 sunt
1069 1081 1234 1116 versibus
1254 1081 1423 1126 plerique
1444 1081 1714 1118 «volturnalem

147 1164 153 1170 .
171 1164 176 1170 .
195 1164 200 1170 .
215 1136 369 1180 floraleigz
388 1163 393 1169 .
412 1164 417 1170 .
435 1164 440 1169 .
462 1135 584 1171 idem»
606 1145 702 1179 quae
727 1134 885 1170 obscura
911 1136 1005 1169 sunt.
1027 1145 1154 1170 eorum
1173 1134 1277 1180 origo
1298 1133 1511 1178 Volturnus,
1539 1135 1625 1170 diva
1643 1135 1713 1170 Pa-

144 1189 258 1231 latua,
274 1188 440 1232 Furrina,
456 1188 575 1231 Flora,
591 1188 746 1224 Falacer
758 1189 876 1233 pater,
891 1188 1081 1223 Pomona.’
1111 1187 1162 1223 Cf.
1184 1188 1284 1223 idem
1304 1188 1394 1222 ibid.
1415 1201 1438 1223 v
1457 1191 1502 1222 84
1524 1188 1712 1224 ‘flamines

145 1243 244 1286 quod
270 1242 309 1277 in
329 1242 435 1277 Latio
463 1242 586 1288 capite
612 1242 733 1277 velato
761 1243 868 1277 erant
893 1252 1037 1287 semper
1063 1252 1106 1276 ac
1126 1243 1239 1286 caput
1259 1241 1421 1276 cinctum
1440 1241 1632 1277 habebant
1650 1242 1711 1277 fflo

144 1295 311 1331 flamines
332 1296 433 1331 dicti.
454 1296 586 1331 horum
601 1295 739 1342 singuli
760 1296 982 1342 cognomina
994 1295 1136 1330 habent
1155 1295 1203 1330 ab
1223 1305 1265 1330 00
1281 1296 1350 1330 deo
1365 1295 1424 1330 cui
1438 1306 1543 1330 sacra
1556 1295 1710 1338 faciunt,

144 1350 208 1384 sed
228 1349 367 1395 partim
386 1351 472 1384 sunt
487 1351 627 1395 aperta,
641 1349 780 1394 partim
800 1349 965 1384 obscura.
988 1350 1119 1394 aperta
1137 1350 1180 1383 ut
1195 1348 1380 1383 Martialis
1394 1348 1626 1392 Volcanalis;
1647 1349 1711 1384 ob-

143 1414 251 1438 scura
271 1403 390 1437 Dialis
417 1404 455 1437 et
476 1402 672 1445 Furinalis,
695 1413 778 1437 cum
798 1402 917 1437 Dialis
944 1402 991 1437 ab
1016 1402 1100 1437 Iove
1121 1402 1178 1445 sit,
1201 1402 1326 1437 Diovis
1347 1402 1455 1445 enim,
1483 1402 1668 1437 Furinalis
1689 1414 1711 1437 a

143 1456 310 1499 Furrina,
332 1456 436 1491 cuius
457 1456 571 1491 etiam
590 1456 630 1490 in
648 1455 756 1491 fastis
776 1455 892 1490 feriae
905 1455 1098 1490 Furinales
1113 1456 1199 1490 sunt
1219 1454 1276 1500 (cf.
1291 1468 1328 1490 vi
1344 1457 1411 1500 19).
1427 1455 1480 1490 sic
1493 1455 1628 1490 flamen
1641 1455 1710 1490 Fa-

142 1509 242 1544 lacer
262 1520 284 1544 a
304 1509 388 1544 divo
407 1511 514 1554 patre
534 1509 714 1544 Falacre.'
810 1509 947 1544 Versus
967 1509 1032 1552 qui
1052 1509 1138 1543 sunt
1157 1508 1347 1553 superiore
1366 1508 1446 1543 loco
1467 1508 1579 1543 Ennii
1598 1509 1710 1544 hexa-

142 1564 278 1597 metros
301 1573 380 1597 esse
401 1562 440 1597 O.
462 1562 662 1598 Muellerus
683 1562 825 1605 statuit,
847 1572 957 1606 quem
978 1563 1125 1597 secutus
1145 1574 1243 1605 sum3
1269 1563 1307 1596 et
1325 1561 1392 1596 hos
1414 1561 1607 1596 Saturnios
1630 1572 1709 1597 esse

143 1617 180 1650 et
200 1615 247 1650 ad
267 1615 449 1650 Naevium
468 1615 600 1658 redire,
622 1616 721 1659 quod
741 1627 839 1650 nunc
859 1616 1025 1658 credunt,
1051 1615 1144 1650 mihi
1169 1615 1298 1650 multis
1318 1614 1530 1650 nominibus
1550 1615 1709 1650 incredi-

142 1668 217 1703 bile
236 1668 355 1703 visum
374 1670 439 1704 est.
462 1680 534 1713 quo
555 1668 654 1703 enim
672 1668 866 1704 referimus
886 1669 1001 1704 fecit
1019 1669 1093 1703 hic
1112 1668 1253 1703 idem?
1273 1668 1449 1703 nimirum
1469 1669 1517 1703 ad
1536 1668 1707 1711 Numam,

142 1722 311 1765 eundem,
332 1722 397 1766 qui
417 1722 464 1757 ab
485 1722 604 1757 Ennio
623 1723 734 1757 modo
755 1722 950 1758 dicebatur
974 1733 1150 1757 mensas
1177 1722 1480 1757 constituisse
1499 1722 1709 1766 idemque

142 1775 314 1810 ancilia
333 1776 520 1820 libaque
540 1776 600 1822 (de
619 1776 737 1811 idem
758 1776 802 1811 cf.
818 1788 848 1811 v.
867 1777 957 1822 144).
984 1776 1125 1811 Idcirco
1140 1775 1257 1811 Varro
1277 1775 1358 1820 ipse
1372 1775 1502 1810 scribit
1520 1776 1709 1811 eundem

141 1829 412 1874 Pompilium
431 1829 497 1864 ait
515 1829 682 1864 fecisse
701 1829 745 1864 fl.
756 1830 897 1864 Ennius
910 1829 1085 1865 videlicet
1099 1829 1174 1872 ait,
1184 1830 1230 1865 de
1241 1840 1313 1873 quo
1325 1829 1456 1864 eodem
1466 1829 1607 1864 Ennius
1622 1831 1708 1864 ante

141 1882 279 1917 similia
291 1883 518 1918 memoravit.
540 1883 611 1917 Vix
630 1884 805 1928 poterant
816 1883 910 1918 haec
930 1883 1046 1918 artius
1066 1883 1165 1918 inter
1184 1893 1222 1918 se
1242 1883 1447 1917 cohaerere.
1470 1882 1524 1917 De
1537 1893 1708 1918 versuum

141 1935 260 1970 forma
272 1935 361 1971 licet
375 1936 576 1982 ambigere,
591 1938 629 1972 et
641 1937 921 1972 Lachmannum
940 1937 1047 1972 video
1069 1936 1178 1972 aliter
1198 1936 1430 1979 distribuere,
1452 1936 1505 1970 sic
1524 1935 1708 1970 Voltur-

140 1988 267 2024 nales
291 1992 294 2032 Ι
317 1989 583 2025 Palatuales
609 1990 850 2025 Furinales
882 1990 1181 2033 Floralesque
1205 1992 1208 2033 Ι
1231 1989 1446 2024 Falacres
1479 1990 1523 2023 et
1552 1988 1707 2023 Pomo-

140 2041 267 2077 nales
287 2042 402 2078 fecit
426 2042 500 2077 hic
525 2042 673 2089 ideml.
703 2043 741 2077 Si
768 2043 933 2078 duriores
961 2044 1047 2078 sunt
1064 2042 1280 2085 hexametri,
1302 2052 1348 2076 ne
1371 2041 1535 2076 Saturnii
1555 2041 1706 2086 quidem

140 2095 203 2130 isti
221 2106 312 2139 quos
326 2095 455 2131 volunt
473 2095 677 2141 insigniore
690 2097 885 2131 venustate
903 2096 1064 2141 placent,
1080 2097 1118 2130 et
1130 2095 1222 2130 haec
1235 2094 1375 2130 invicta
1389 2094 1705 2140 sesquipedalium

141 2148 331 2183 nominum
350 2149 552 2183 necessitas
571 2149 629 2184 vel
649 2148 781 2194 optimi
800 2150 934 2194 poetae
953 2149 1129 2183 virtutem
1147 2148 1330 2194 fregisset.

258 2201 310 2236 IV
329 2202 425 2248 (125)
474 2202 605 2236 Festus
625 2214 660 2247 p.
684 2205 762 2244 156,
779 2205 797 2235 7
819 2202 884 2236 Th.
909 2202 988 2237 ‘me
1007 2213 1074 2247 pro
1094 2201 1187 2236 mihi
1207 2201 1384 2236 dicebant
1403 2201 1550 2246 antiqui
1570 2202 1613 2236 ut
1631 2201 1704 2236 En-

140 2255 223 2290 nius
238 2266 320 2290 cum
335 2255 389 2290 ait
401 2255 424 2289 1.
437 2268 464 2289 11
479 2255 532 2291 «si
547 2255 637 2300 quid
651 2265 710 2290 me
723 2255 837 2290 fuerit
850 2255 916 2301 (sic
931 2266 1013 2290 cum
1023 2255 1202 2290 Muellero
1214 2254 1487 2289 Thewrewkius
1502 2265 1546 2289 ex
1559 2254 1704 2300 codice3

140 2308 253 2343 Keilii
285 2309 466 2343 indicium
497 2308 708 2344 mutierit
735 2309 909 2344 testantis
941 2308 1089 2354 falsum)
1115 2308 1149 2342 h.
1177 2309 1234 2343 uti
1261 2308 1445 2343 teneatis»
1471 2309 1509 2342 et
1539 2307 1703 2343 Lucilius

141 2364 246 2407 (1092
266 2362 320 2407 L.)
347 2373 467 2398 «1111110
493 2363 540 2397 ad
566 2363 604 2397 te
628 2363 750 2405 redeo,
777 2363 820 2397 ut
844 2372 940 2406 quae
964 2372 1022 2396 res
1047 2372 1106 2396 me
1131 2361 1324 2406 impendet
1348 2361 1532 2407 agatur».’
1566 2361 1703 2396 Paulus

140 2415 239 2450 idem
260 2415 339 2450 sine
358 2415 547 2461 exemplis.
580 2415 748 2461 Apparet
767 2416 990 2450 structuram
1010 2415 1084 2460 agi,
1103 2425 1178 2449 non
1196 2414 1354 2450 formam
1372 2414 1611 2460 pronominis.

258 2468 292 2502 V
312 2469 407 2514 (126)
447 2468 698 2511 Quintilianus
712 2483 725 2503 1
740 2472 770 2511 5,
789 2472 831 2503 12
848 2469 859 2485 ‘
869 2469 961 2503 duos
974 2468 1013 2502 in
1026 2479 1099 2503 uno
1114 2468 1263 2503 nomine
1276 2467 1441 2503 faciebat
1453 2467 1702 2503 barbarismos

141 2521 261 2567 Tinga
280 2521 518 2557 Placentinus
540 2551 545 2557 .
563 2551 569 2557 .
587 2551 592 2557 .
614 2522 804 2568 preculam
823 2533 889 2566 pro
910 2521 1067 2566 pergula
1086 2521 1213 2556 dicens
1238 2522 1277 2556 et
1294 2521 1555 2557 immutatione
1580 2533 1663 2556 cum
1683 2533 1702 2556 0

261 2676 343 2713 122
376 2687 429 2723 sq.
449 2675 622 2714 Nomina
646 2676 737 2713 olim
755 2675 1015 2723 vulyabamur
1032 2687 1192 2714 nmnero
1204 2676 1359 2723 plurali
1381 2690 1385 2692 ·
1454 2675 1700 2713 Fur-riualem

140 2734 413 2784 Floralemque
443 2735 484 2773 O.
505 2735 721 2773 Muellerus
838 2734 920 2772 125
957 2733 1015 2781 Οἵ.
1034 2735 1162 2773 Plaut.
1182 2735 1296 2772 Poen.
1324 2732 1429 2780 1085
1459 2734 1491 2772 si
1518 2733 1612 2782 quid
1636 2746 1699 2771 me

139 2794 247 2839 fuat,·
273 2795 361 2831 trin.
382 2802 457 2842 157
482 2794 515 2832 si
535 2793 630 2843 quid
650 2807 694 2832 eo
714 2793 855 2839 fuerit,·
881 2796 915 2830 et
939 2793 972 2831 si
998 2793 1094 2842 quid
1117 2794 1215 2832 mihi
1240 2793 1466 2831 humanitus
1493 2792 1699 2830 accidisset

144 2851 274 2890 Cicero
298 2853 399 2890 Phil.
418 2865 434 2890 1
454 2863 492 2902 4,
519 2863 568 2889 10
677 2854 722 2890 ut
746 2853 837 2890 olim
862 2863 974 2890 coron:
994 2852 1054 2890 uti
1183 2854 1264 2891 126
1298 2852 1467 2890 Metioeo
1493 2851 1696 2889 Fufetioeo

143 2910 190 2950 G.
210 2911 476 2957 Hermammm,
503 2924 601 2960 quae
627 2915 681 2951 est
698 2923 826 2960 paene
851 2913 939 2960 ipsa
963 2912 1151 2951 librorum
1175 2913 1380 2959 scriptura,
1413 2922 1576 2958 quorum
1600 2922 1699 2958 quae

1774 789 1932 816 TULLUS

1739 832 1957 859 HOSTILIUS

1776 880 1920 899 v—xvn1
