2020 3334
315 163 397 198 LVI
873 163 899 197 I.
925 162 1154 198 HISTORIA
1177 162 1244 197 EN
1245 162 1316 198 ΝΠ

313 277 445 313 tamen
484 287 562 312 non
600 273 791 312 oblivioni
828 273 997 320 dabatur
1033 274 1101 312 sed
1139 286 1218 312 non
1249 274 1498 314 obstantibus
1528 275 1686 314 iudiciis
1718 275 1878 325 quibus-

315 334 409 372 dam
438 332 705 382 iniquioribus
735 333 1019 370 lectitabantur
1050 345 1151 382 quae
1180 333 1349 383 legenda
1374 335 1498 383 erant,
1528 347 1629 384 quae
1653 347 1746 373 vero
1772 347 1878 385 spec·

314 393 438 431 tanda
469 404 749 442 saepenumero
782 391 1072 440 spectabantur.
1103 390 1309 442 Augustus
1339 393 1436 442 ipse,
1468 406 1584 442 quem
1609 393 1794 432 credibile
1819 395 1880 432 est

315 452 517 490 Ennianas
554 450 778 501 tragoedias
817 450 972 500 saepius
1010 450 1052 488 in
1088 451 1246 489 theatro
1283 453 1496 501 spectasse,
1538 453 1581 490 in
1623 453 1792 503 epistola
1829 453 1880 491 ad

316 511 520 548 Tiberium
559 522 679 559 quam
717 509 928 548 Suetonius
966 511 1009 547 in
1046 511 1131 548 vita
1169 510 1318 548 Tiberii
1349 523 1380 548 c.
1408 512 1459 548 21
1494 512 1684 561 servavit,
1722 513 1878 550 notissi—

315 582 425 607 mum
455 581 613 607 versum
638 569 759 606 Ennii
790 568 954 618 paulum
984 570 1183 607 mutatum
1209 570 1364 608 Tiberio
1397 570 1615 620 applicavit
1643 582 1747 609 unus
1771 572 1881 609 homo

315 630 425 667 nobis
461 629 660 677 viqilando
697 630 864 666 restituit
898 640 991 667 rem.
1054 628 1130 667 Sed
1166 628 1348 678 inprimis
1381 629 1601 678 quaeritur,
1641 631 1780 679 poetae
1812 630 1882 679 qui

316 689 498 737 deinceps
529 687 713 738 Augusto
750 688 929 737 principe
966 700 1070 726 nova
1107 689 1323 738 specimina
1352 689 1480 737 poesis
1511 688 1713 727 Romanae
1743 689 1881 738 prode-

316 749 424 795 bant,
457 746 553 796 quid
585 746 632 785 de
662 746 783 796 prisci
812 747 953 796 poetae
985 747 1224 784 carminibus
1258 747 1530 786 iudicaverint.
1591 746 1651 785 Ac
1681 746 1882 798 Vergilius

318 807 478 856 quidem
504 800 558 857 (a.
581 801 833 859 713-735)
855 818 944 844 cum
963 819 1110 844 novum
1129 818 1285 844 carmen
1305 807 1460 855 epicum
1485 807 1668 844 conderet
1693 809 1883 856 quantam

318 878 479 915 operam
510 865 691 905 Enniano
724 866 892 903 carmini
923 866 1033 915 epico
1065 865 1229 913 dederit,
1261 878 1381 915 quam
1411 866 1538 903 multa
1569 878 1647 903 non
1678 866 1808 904 solum
1842 866 1883 903 in

318 924 494 963 Aeneide
538 937 584 962 ex
627 923 835 962 annalibus
882 925 950 962 sed
986 925 1029 962 in
1067 925 1248 963 omnibus
1286 926 1366 962 suis
1405 924 1643 963 carminibus
1681 938 1728 963 ex
1763 926 1883 963 variis

323 984 445 1022 Ennii
475 983 588 1021 libris
619 982 812 1021 imitando
845 983 1091 1033 expresserit,
1122 984 1200 1021 duo
1232 986 1388 1022 exstant
1418 985 1537 1022 testes
1572 984 1884 1033 locupletissimi,

320 1043 480 1082 Servius
510 1043 703 1092 interpres
734 1042 904 1093 Vergilii
935 1045 975 1080 et
999 1043 1222 1081 Macrobius
1255 1043 1526 1081 Saturnalium
1557 1042 1748 1091 conditor,
1790 1056 1884 1092 quo-

318 1116 406 1140 rum
437 1104 603 1151 uterque
634 1102 831 1151 permulta
870 1115 970 1151 quae
1007 1102 1056 1140 ab
1089 1103 1217 1140 Ennio
1256 1103 1467 1152 sumpsisse
1498 1102 1700 1153 Vergilius
1737 1101 1887 1139 videre-

319 1164 386 1200 tur
422 1163 613 1199 notarunt
650 1174 774 1210 eoque
812 1162 975 1199 consilio
1008 1161 1192 1199 Enniana
1229 1161 1356 1199 multa
1388 1162 1437 1199 ab
1468 1161 1633 1199 interitu
1663 1160 1886 1199 vindicave-

320 1222 424 1259 runt.
458 1219 708 1269 Quamquam
739 1234 787 1258 ne
818 1220 860 1257 hi
893 1219 1063 1269 quidem,
1096 1233 1184 1258 cum
1210 1221 1337 1258 multa
1361 1221 1612 1270 protulerint,
1643 1221 1776 1258 omnia
1800 1221 1887 1257 imi-

321 1281 487 1318 tationis
513 1279 717 1317 Ennia-nae
745 1279 921 1328 exempla
949 1281 1189 1318 suscitarunt
1214 1281 1253 1318 et
1283 1281 1324 1317 in
1351 1293 1422 1318 sua
1446 1280 1532 1317 luce
1557 1281 1783 1329 posuerunt.
1812 1278 1887 1316 Sed

322 1340 369 1377 de
400 1340 461 1377 his
492 1339 608 1377 rebus
639 1340 725 1376 tum
758 1339 965 1376 dicendum
998 1340 1074 1376 erit
1109 1340 1330 1377 accuratius
1369 1351 1457 1377 cum
1495 1339 1713 1388 disputatio
1750 1340 1887 1376 nostra

322 1399 371 1437 ad
403 1399 474 1436 hos
506 1399 784 1448 grammaticos
817 1398 1027 1435 devenerit.

441 1457 631 1496 Horatius
658 1458 790 1494 autem
817 1452 869 1509 (a.
894 1451 1158 1510 712—746),
1184 1458 1294 1495 cuius
1319 1458 1432 1494 varia
1457 1458 1550 1494 sunt
1574 1456 1620 1494 de
1639 1456 1768 1494 Ennio
1787 1456 1888 1494 iudi-

325 1518 403 1565 cia,
446 1517 628 1554 universe
665 1517 826 1554 minime
865 1516 1148 1555 existimandus
1187 1518 1246 1554 est
1281 1516 1453 1565 priscum
1490 1517 1650 1565 poetam
1690 1516 1888 1565 contemp-

325 1577 429 1615 sisse.
463 1575 539 1620 Qui
571 1576 618 1613 de
649 1575 822 1614 moribus
856 1576 939 1613 eius
971 1588 1059 1613 cum
1090 1576 1149 1613 ita
1180 1575 1328 1613 scribat
1358 1588 1415 1624 ep.
1437 1588 1451 1612 1
1474 1576 1540 1622 19,
1562 1575 1584 1612 6

537 1635 745 1673 Laudibus
778 1636 959 1683 arquitur
988 1636 1072 1673 vini
1102 1636 1260 1672 <vinosus
1292 1635 1499 1678 Homerus,

538 1695 696 1732 Ennius
727 1695 809 1741 ipse
833 1697 950 1742 pater
979 1706 1193 1742 numquam
1223 1695 1302 1731 nisi
1326 1696 1444 1741 potus
1476 1693 1528 1730 ad
1563 1705 1677 1731 arma

537 1753 726 1791 Prosiluit
756 1753 930 1797 dicenda,

328 1814 370 1851 in
413 1812 498 1850 vini
542 1811 657 1850 laude
702 1813 741 1849 et
783 1824 858 1850 usu
900 1811 1072 1849 Homero
1118 1812 1290 1849 Ennium
1334 1811 1568 1861 adiungens,
1617 1811 1803 1848 nimirum
1846 1812 1892 1848 ut

326 1874 535 1922 poetarum
566 1871 792 1920 principum
825 1872 1003 1920 exemplo
1035 1870 1120 1909 vini
1150 1872 1232 1909 vim
1263 1872 1304 1908 et
1335 1870 1550 1908 efficaciam
1578 1870 1620 1907 in
1645 1867 1888 1919 poetando*)

328 1944 417 1968 cum
447 1931 530 1968 risu
560 1930 773 1979 praedicet,
804 1931 934 1968 nescio
967 1930 1063 1979 quid
1094 1930 1241 1968 favoris
1273 1930 1436 1978 prodere
1468 1929 1636 1977 videtur,
1666 1941 1745 1966 non
1775 1929 1818 1966 in
1847 1941 1891 1966 eo

329 1990 455 2028 solum
494 1989 596 2038 quod
635 2002 723 2027 cum
760 1989 932 2027 Homero
965 1989 1156 2037 Ennium,
1194 2002 1281 2026 cum
1317 1987 1465 2026 Graeco
1502 1990 1621 2038 poeta
1658 1988 1892 2036 Romanum,

330 2050 550 2099 comparat,
593 2050 640 2086 ut
676 2048 875 2086 Lucilium
919 2050 957 2086 et
994 2048 1228 2097 Varronem,
1273 2046 1499 2085 Ciceronem
1538 2059 1711 2097 quoque,
1754 2047 1892 2084 fecisse

329 2109 518 2156 vidimus,
556 2108 623 2145 sed
661 2107 765 2157 quod
797 2107 990 2157 quidquid
1023 2108 1070 2145 de
1101 2107 1185 2145 vini
1215 2120 1288 2145 usu
1320 2107 1435 2156 dicit,
1475 2107 1585 2144 cuius
1616 2107 1674 2144 rei
1704 2106 1893 2143 memoria

330 2169 498 2206 sortasse
542 2167 591 2205 ab
634 2167 755 2204 Ennii
798 2179 922 2216 usque
967 2167 1204 2205 carminibus
1247 2168 1470 2217 propagata
1513 2167 1572 2204 est
1616 2160 1681 2218 (cf.
1719 2179 1756 2215 p.
1792 2159 1893 2217 XVI),

332 2228 436 2265 certe
473 2239 551 2264 non
588 2226 802 2264 infeliciter
836 2239 925 2264 eum
956 2226 1098 2265 dixisse
1137 2239 1246 2264 arma
1282 2226 1442 2263 iudicat.
1482 2223 1555 2263 Oui
1592 2225 1727 2276 generi
1763 2225 1892 2273 poesis

333 2286 539 2323 Ennianae
571 2287 763 2334 quantum
802 2285 987 2323 tribuerit
1023 2285 1232 2335 profitetur
1268 2286 1351 2334 ipse
1384 2297 1413 2322 c.
1447 2297 1487 2323 lv
1515 2285 1538 2321 8
1571 2283 1759 2332 versibus,
1796 2295 1894 2332 quos

333 2358 451 2394 supra
482 2359 518 2394 p.
546 2357 603 2382 xn
618 2357 674 2393 sq.
701 2345 905 2394 adscripsi,
936 2345 1078 2394 quibus
1105 2344 1296 2382 Calabrae
1321 2342 1493 2380 Pierides
1520 2342 1615 2392 quid
1640 2342 1788 2381 fuerint
1813 2342 1894 2380 Sci-

332 2405 443 2454 pioni
479 2403 715 2442 Hannibalis
754 2404 895 2442 victori
932 2405 1090 2454 egregia
1127 2403 1243 2441 laude
1280 2402 1430 2440 extulit.
1501 2401 1608 2446 Quae
1650 2414 1712 2439 me
1749 2401 1894 2439 referre

334 2463 384 2501 ad
408 2463 626 2511 Scipionem
652 2463 772 2500 Ennii
802 2476 882 2501 non
911 2462 969 2500 ita
1000 2463 1116 2513 longe
1146 2464 1237 2512 post
1267 2461 1438 2499 reditum
1464 2460 1659 2510 Scipionis
1687 2473 1733 2498 ex
1758 2459 1895 2498 Africa

338 2522 489 2560 editum
527 2535 644 2572 supra
681 2522 773 2559 dixi.
840 2521 1015 2560 Annales
1053 2524 1185 2560 autem
1222 2521 1343 2559 Ennii
1380 2520 1520 2570 quanti
1563 2520 1701 2557 fecerit
1742 2518 1805 2557 vel
1849 2530 1895 2556 ea

335 2582 537 2620 declarant
567 2594 668 2630 quae
700 2581 837 2619 scribit
867 2582 939 2619 sat.
972 2594 987 2618 1
1007 2582 1046 2629 4,
1067 2582 1122 2619 60

902 2641 973 2684 his,
1005 2651 1069 2689 eqo
1101 2652 1199 2688 quae
1228 2651 1343 2683 nunc,

553 2698 654 2737 Olim
684 2711 782 2747 quae
812 2700 968 2747 scripsit
997 2699 1190 2743 Lucili-us,
1222 2700 1367 2746 eripias
1400 2698 1436 2735 si

456 2800 487 2845 ¹⁸)
513 2799 566 2834 Cf.
589 2799 733 2835 Servius
753 2799 846 2834 Dan.
874 2799 913 2834 in
939 2799 1020 2834 buc.
1048 2803 1079 2843 8,
1097 2802 1140 2833 12
1160 2811 1194 2844 p.
1217 2802 1271 2840 94,
1287 2797 1385 2832 4Th.
1412 2798 1543 2832 hedera
1562 2800 1681 2831 autem
1701 2797 1779 2831 ideo
1798 2807 1896 2831 eoro-

337 2852 477 2882 nantur
492 2852 628 2892 poetae,
655 2848 827 2893 quoniam
843 2851 968 2891 poetas
985 2858 1089 2891 saepe
1109 2847 1193 2881 vino
1210 2845 1371 2890 plurimo
1390 2845 1693 2888 manifestum-est
1710 2844 1778 2886 uti,
1803 2843 1897 2878 sieut

338 2899 370 2931 et
389 2895 431 2930 de
456 2895 585 2930 Ennio
610 2895 665 2930 ait
690 2895 872 2931 Horatius
896 2899 929 2929 et
954 2895 1061 2941 lyrici
1085 2905 1206 2929 omnes
1230 2894 1272 2928 in
1295 2893 1373 2929 suis
1397 2892 1620 2928 carminibus
1640 2891 1847 2936 loquuntur.
