2054 3282
664 176 924 211 ANNALIUM
949 176 1037 211 LIB.
1058 176 1159 212 XVII
1639 177 1692 218 79

612 373 928 417 ANNALIUM
959 373 1066 416 LIB.
1093 373 1219 416 XVII

904 491 921 525 I

127 551 214 593 439
246 550 287 594 It
311 565 440 606 eques
472 555 515 594 et
545 553 698 607 plausu
731 566 833 594 cava
865 551 1058 594 concutit
1088 553 1250 607 ungula
1282 555 1447 594 terram.

894 668 928 702 H

126 727 214 771 440
245 727 354 771 Tum
386 742 488 772 cava
519 730 597 772 sub
629 732 774 772 monte
806 730 892 772 late
925 744 1074 785 specus
1107 730 1221 771 intus
1248 730 1424 784 patebat

884 846 934 880 HI

127 906 211 948 441
644 908 728 949 dux
760 908 851 962 ipse
883 908 973 949 vias

886 1024 937 1059 IV

125 1083 211 1125 442
244 1083 430 1126 Tollitur
462 1085 507 1127 in
539 1086 702 1127 caelum
734 1086 895 1128 clamor
926 1089 1097 1128 exortus
1130 1086 1322 1140 utrisque

123 1260 157 1291 x,
177 1249 220 1283 ut
238 1248 352 1284 fuerit
370 1250 415 1283 in
435 1250 457 1284 1.
479 1251 571 1296 XVI)
593 1250 741 1287 «lumen
763 1251 767 1296 Ι
791 1271 834 1276 —
850 1271 893 1277 -
909 1251 1023 1286 scitus
1044 1251 1209 1296 agaso».’
1233 1249 1284 1284 Cf.
1300 1249 1438 1284 Paulus
1458 1250 1560 1284 Festi
1579 1262 1614 1295 p.
1633 1253 1687 1294 19,

125 1305 145 1336 9
159 1301 226 1336 Th.
244 1303 446 1348 ‘agasones
467 1314 580 1348 equos
601 1305 765 1349 agentes,
786 1303 826 1338 id
846 1305 902 1339 est
920 1304 1106 1339 minantes
1127 1303 1185 1349 (cf.
1201 1303 1300 1338 idem
1320 1315 1354 1348 p.
1375 1306 1428 1347 17,
1443 1306 1485 1337 17
1501 1302 1608 1348 Th.).'

243 1386 329 1420 LIB.
345 1386 446 1421 XVH
482 1386 607 1432 14439)
634 1387 845 1422 Macrobius
860 1387 934 1421 Sat.
949 1400 986 1421 v1
1002 1390 1032 1430 1,
1048 1391 1092 1421 22
1110 1386 1440 1431 ‘quadrupedante
1460 1387 1608 1431 putrem
1629 1397 1686 1421 so-

123 1438 205 1472 nitu
231 1439 355 1482 quatit
373 1440 515 1485 ungula
535 1451 708 1485 campum
722 1440 824 1486 (Aen.
840 1453 905 1475 v111
926 1441 1017 1485 596).
1039 1439 1180 1474 Ennius
1200 1440 1239 1474 in
1259 1453 1295 1475 v1
1311 1440 1422 1486 [224].
1444 1440 1545 1474 idem
1564 1440 1603 1474 in
1619 1453 1685 1475 V111

124 1492 203 1538 [v1].
224 1492 325 1526 idem
344 1493 382 1526 in
403 1506 478 1528 xv11
499 1494 590 1539 (xv1
610 1493 667 1528 vel
688 1495 815 1528 sexto
836 1493 1008 1528 decimo
1028 1493 1125 1527 Med.
1141 1494 1228 1538 duo>
1250 1493 1303 1529 «it
1321 1521 1327 1527 .
1345 1522 1351 1527 .
1369 1522 1374 1527 .
1394 1493 1582 1529 terram».'

241 1545 274 1578 Π
295 1547 389 1591 (440)
434 1545 577 1580 Nonius
601 1559 635 1591 p.
659 1550 739 1590 222,
754 1550 798 1580 33
821 1547 972 1591 ‘specus
999 1557 1134 1591 genere
1160 1546 1366 1581 masculino
1390 1575 1395 1580 .
1419 1575 1425 1580 .
1449 1575 1454 1580 .
1479 1575 1485 1580 .
1507 1546 1686 1581 feminino

123 1597 264 1632 Ennius
279 1599 471 1633 annalium
485 1599 548 1633 lib.
562 1612 636 1634 xvn
651 1611 831 1635 «concava
845 1599 912 1634 sub
926 1601 1059 1635 montis
1075 1600 1161 1635 latet
1181 1600 1294 1645 (late
1314 1600 1416 1634 Harl.
1433 1611 1452 1635 e
1467 1602 1571 1645 corr.)
1587 1612 1613 1633 s.
1629 1600 1686 1634 iu-

123 1655 181 1686 tus
193 1652 350 1696 patebat
364 1654 407 1697 (p
417 1652 519 1687 eteb
529 1654 574 1687 at
588 1652 689 1687 Leid.
702 1653 797 1687 Flor.
810 1665 856 1687 m.
869 1665 922 1698 pr.
936 1653 1036 1688 Harl.
1051 1664 1069 1688 e
1085 1655 1223 1699 corr.)».
1241 1653 1373 1687 Accius
1388 1653 1523 1698 niptris
1538 1653 1684 1698 (Pacuv.

123 1708 190 1739 252
204 1704 262 1750 R.)
277 1705 387 1741 «inde
409 1705 565 1740 advenio
585 1707 749 1741 montem
770 1708 894 1741 aetam
914 1716 1129 1751 scruposam
1149 1707 1351 1751 specum».’
1474 1706 1686 1740 Priscianus

122 1771 159 1792 V1
178 1770 212 1802 p.
230 1761 308 1800 260,
325 1762 344 1793 2
359 1758 403 1792 H.
425 1759 514 1793 ‘hoc
540 1770 671 1804 specus
697 1759 829 1794 melius
852 1788 857 1793 .
875 1788 880 1794 .
899 1787 904 1793 .
926 1759 1104 1794 feminino
1131 1761 1258 1795 tamen
1283 1760 1353 1794 hoc
1379 1770 1512 1794 nomen
1539 1770 1686 1804 quoque

121 1821 255 1856 genere
276 1811 483 1846 invenitur.
501 1840 507 1845 .
525 1841 531 1846 .
549 1841 554 1846 .
571 1812 712 1846 Ennius
734 1813 774 1846 in
793 1825 869 1848 xv11
889 1813 1081 1848 annalium
1102 1817 1201 1849 «tum
1226 1824 1317 1849 cava
1343 1813 1411 1847 sub
1432 1817 1548 1849 monte
1568 1813 1638 1848 late
1658 1824 1684 1846 s.

121 1866 222 1899 intus
231 1865 421 1910 patebat».
431 1865 612 1900 Pacuvius
624 1866 662 1900 in
673 1866 808 1910 niptris
821 1866 1002 1902 «advenio
1013 1866 1053 1900 in
1064 1867 1320 1911 scrupulosam
1331 1867 1532 1911 specum».’
1546 1866 1686 1900 Eadem

122 1929 181 1953 ars
190 1918 297 1953 Bern.
313 1918 455 1964 Hagen.
469 1919 597 1954 anecd.
610 1919 712 1954 Helv.
725 1931 760 1964 p.
773 1923 904 1963 102,27
918 1919 991 1954 nisi
1006 1920 1105 1964 quod
1122 1920 1283 1954 ‘Ennius
1298 1921 1401 1956 «tum
1420 1930 1506 1955 cavo
1522 1948 1527 1953 .
1547 1948 1552 1953 .
1570 1948 1575 1953 .
1592 1920 1687 1954 iuter

120 1972 326 2017 patebat».’
425 1973 556 2007 Festus
575 1985 611 2017 p.
628 1976 707 2016 510,
720 1976 764 2007 30
779 1972 845 2006 Th.
863 1973 1015 2017 ‘specus
1035 1972 1214 2007 feminino
1235 1983 1369 2018 genere
1389 1972 1686 2017 pronuntiabant

123 2025 269 2070 antiqui
282 2027 324 2060 ut
336 2028 458 2061 metus
478 2027 516 2061 et
534 2037 661 2071 nepos,
675 2027 754 2060 tam
773 2025 941 2061 hercules
961 2036 1074 2071 quam
1093 2025 1300 2060 masculino
1321 2026 1433 2070 stirps
1454 2027 1491 2060 et
1511 2025 1622 2066 from,
1643 2026 1686 2059 ut

121 2078 262 2112 Ennius
283 2083 382 2115 «tum
406 2090 520 2114 eausa
545 2079 613 2113 sub
634 2083 750 2114 monte
770 2080 840 2114 alte
860 2091 886 2112 S.
907 2080 1009 2114 iuius
1027 2079 1218 2124 patebat».
1240 2080 1278 2113 et
1291 2078 1473 2113 Pacuvius
1494 2078 1532 2112 in
1548 2078 1684 2122 Chryse

125 2133 183 2176 (99
203 2131 260 2176 R.)
281 2133 361 2168 «est
380 2131 434 2165 ibi
454 2131 521 2166 sub
542 2143 584 2166 eo
605 2142 691 2166 saxo
717 2132 867 2176 penitus
893 2133 1010 2166 strata
1035 2133 1175 2167 harena
1200 2132 1332 2177 ingens
1359 2133 1539 2176 specus»)

124 2184 269 2219 Servius
289 2184 328 2218 in
347 2185 437 2219 Aen.
452 2198 503 2219 v11
524 2188 591 2219 568
614 2185 694 2219 ‘hic
721 2195 851 2229 specus
876 2184 1117 2220 horrendum:
1143 2185 1214 2220 hoc
1238 2195 1372 2220 nomen
1399 2185 1499 2230 apud
1525 2185 1683 2219 maiores

120 2238 233 2272 trium
253 2248 430 2282 generum
450 2238 532 2272 fuit.
553 2237 694 2272 Ennius
715 2238 894 2272 feminino
913 2238 1066 2283 posuit.’

238 2291 288 2325 111
308 2293 403 2337 (441)
441 2291 653 2326 Priscianus
668 2305 703 2326 v1
723 2303 758 2336 p.
776 2295 852 2334 199,
868 2296 890 2325 4
904 2291 947 2325 H.
966 2292 1128 2336 ‘primae
1143 2291 1407 2326 declinationis
1421 2291 1683 2326 femininorum

121 2345 334 2390 genetivum
355 2345 471 2380 etiam
490 2345 529 2379 in
550 2356 589 2379 as
610 2356 711 2379 more
732 2344 872 2380 Graeco
893 2345 1065 2379 solebant
1091 2345 1343 2389 antiquissimi
1364 2345 1565 2380 terminare
1581 2374 1681 2379 .....

119 2398 260 2432 Ennius
280 2399 319 2433 in
332 2411 408 2433 xvn
426 2398 554 2433 annali
569 2399 667 2434 «dux
679 2399 761 2443 ipse
775 2399 875 2434 vias»
890 2410 957 2443 pro
971 2398 1079 2433 viae.'
1095 2398 1184 2433 Inde
1199 2409 1258 2433 ars
1272 2398 1378 2433 Bern.
1394 2398 1536 2444 Hagen.
1553 2399 1680 2434 anecd.

122 2451 224 2486 Helv.
240 2464 275 2496 p.
291 2455 347 2495 94,
364 2455 407 2486 10
425 2451 586 2486 ‘Ennius
609 2452 704 2486 dixit
718 2453 816 2488 «dux
835 2452 915 2496 ipse
935 2452 1064 2487 vias».'

238 2504 288 2539 IV
308 2506 403 2551 (442)
441 2505 653 2540 Macrobius
675 2505 749 2539 Sat.
764 2518 800 2540 v1
816 2509 846 2548 1,
862 2509 904 2539 21
923 2504 1089 2539 ‘tollitur
1107 2505 1147 2540 in
1166 2505 1311 2540 caelum
1331 2506 1470 2541 clamor
1484 2506 1682 2550 cunctique

120 2558 245 2592 Latini
253 2558 355 2604 (Aen.
365 2571 402 2592 x1
418 2560 508 2604 745).
521 2558 661 2593 Ennius
673 2558 711 2593 in
722 2571 797 2594 xvn
809 2560 863 2604 (VI
872 2572 884 2593 1
899 2557 1045 2604 Salisb.)
1055 2558 1223 2595 «tollitur
1235 2588 1240 2593 .
1253 2588 1259 2593 .
1272 2559 1411 2594 clamor
1422 2570 1451 2595 e.
1460 2559 1679 2604 utrisque».'

240 2731 325 2768 440
351 2730 497 2769 Malim
526 2729 624 2768 Cum
650 2742 747 2768 cava
896 2732 1045 2768 montei
1072 2730 1113 2769 0.
1138 2731 1356 2770 Muellerus
1383 2732 1528 2768 montis
1557 2730 1679 2767 latere

119 2788 348 2836 Fruterius,·
362 2792 458 2837 puto
478 2790 550 2828 sub
570 2791 744 2827 montem
897 2801 994 2827 cava
1012 2802 1150 2840 specus
1169 2792 1193 2829 i.
1218 2803 1245 2829 e.
1266 2793 1403 2829 κοῖλον
1423 2787 1538 2835 σπέος
1560 2788 1680 2837 Odys-

121 2859 209 2886 seae
352 2850 436 2887 442
470 2850 616 2888 clamos
644 2849 926 2887 Laehmawnus
954 2850 1006 2887 ad
1029 2849 1148 2888 Luer.
1170 2862 1212 2889 V1
1239 2848 1356 2893 1260,
1386 2849 1431 2896 cf.
1455 2857 1536 2895 422

122 2908 319 2957 utrimque
338 2908 500 2947 Merula
