2054 3282
779 140 1061 178 EUMENIDES
1623 142 1706 183 143

841 323 986 348 APOLLO

149 370 232 411 148
266 369 315 411 Id
342 384 420 426 ego
446 370 513 412 ius
537 373 658 424 atque
682 384 822 413 aecum
847 370 997 412 fecisse
1024 369 1231 424 expedibo
1258 372 1385 424 atque
1412 370 1588 425 eloquar

908 462 942 497 V

836 523 961 549 MINER
970 523 1014 549 VA

148 571 231 613 149
383 571 478 613 dico
503 571 655 613 vicisse
682 569 891 614 Orestem:
917 585 993 613 vos
1019 570 1072 612 ab
1098 570 1181 613 hoc
1205 571 1398 613 facessite

148 723 232 767 150
263 723 549 782 Areopagitae
581 725 684 781 quid
715 725 866 768 dedere
900 663 1027 780 {dam
1053 724 1210 779 pudam

895 817 963 852 VH

147 878 229 921 151
264 878 438 921 Caelum
463 879 682 934 nitescere,
708 879 880 922 arbores
905 878 1187 933 frondescere,

261 950 384 993 Vites
415 949 623 993 laetificae
654 951 870 1006 pampinis
901 950 1146 1006 pubescere,

261 1073 313 1108 IV
333 1075 429 1120 (148)
466 1073 609 1109 Nonius
628 1086 663 1119 p.
681 1077 760 1116 505,
777 1077 818 1108 18
837 1074 1040 1119 ‘expedibo
1060 1085 1127 1120 pro
1149 1074 1355 1119 expediam.
1377 1073 1559 1109 Pacuvius
1580 1075 1638 1119 (66
1652 1075 1708 1119 R.)

145 1139 188 1164 «.
205 1156 211 1162 .
237 1127 454 1173 expedibo»
470 1127 626 1162 Accius
642 1129 747 1173 .(490
761 1127 818 1172 R.)
834 1128 992 1163 «cuncta
1011 1127 1194 1173 expedibo
1211 1156 1216 1161 .
1234 1156 1240 1162 .
1258 1138 1288 1163 .»
1306 1156 1311 1162 .
1329 1157 1334 1162 .
1353 1156 1358 1161 .
1374 1127 1515 1194 Ennius
1535 1127 1709 1163 Eumeni-

146 1180 254 1216 dibus
276 1181 338 1218 «id
359 1191 427 1227 ego
449 1192 571 1216 aecum
590 1182 712 1216 accius
731 1180 884 1215 fecisse.
903 1181 1128 1226 ..eloquar»'

263 1234 296 1269 V
316 1235 412 1280 (149)
451 1234 594 1269 Nonius
613 1246 649 1279 p.
666 1237 744 1278 306,
760 1237 804 1268 28
828 1234 1030 1269 ‘facessere
1056 1235 1244 1280 significat
1267 1234 1447 1269 recedere.
1470 1235 1611 1270 Ennius
1637 1235 1709 1269 Eu-

145 1287 356 1322 menidibus
372 1287 478 1324 «dico
498 1299 529 1322 v.
548 1288 694 1324 Oresten
709 1288 962 1334 (orestenn)
977 1300 1007 1323 v.
1024 1288 1070 1323 ab
1090 1288 1160 1323 hoc
1178 1289 1363 1332 facessit».
1379 1288 1540 1323 Titinius
1556 1317 1561 1323 .
1580 1289 1608 1323 .'

145 1340 196 1376 Cf.
214 1341 249 1377 C.
266 1340 321 1376 Gl.
337 1341 375 1376 L.
390 1354 414 1376 v
432 1353 467 1386 p.
482 1354 544 1376 XVI
564 1342 602 1376 et
620 1354 657 1376 VI
675 1353 711 1386 p.
726 1345 806 1376 429.

262 1394 313 1429 VI
333 1396 428 1441 (150)
455 1394 572 1430 Varro
593 1395 639 1429 de
658 1395 681 1429 1.
698 1395 735 1429 L.
754 1408 805 1430 vn
827 1399 869 1429 19
887 1395 1018 1430 ‘Ennii
1033 1395 1306 1441 «Areopagitae
1328 1424 1333 1430 .
1351 1425 1357 1430 ,
1375 1424 1380 1429 .
1402 1396 1576 1441 pudam».
1597 1396 1710 1431 Areo-

143 1448 298 1494 pagitae
318 1448 366 1483 ab
379 1448 592 1494 Areopag03
613 1448 645 1483 is
658 1448 761 1484 locus
776 1449 925 1495 (Laetus
944 1449 1014 1483 his
1034 1448 1149 1484 locis
1170 1448 1279 1494 Flor.)
1294 1449 1478 1484 Athenis.’
1577 1449 1710 1484 Eume-

143 1501 295 1537 nidibus
322 1501 496 1547 ascripsit
516 1501 692 1547 Scaliger,
720 1513 947 1548 quamquam
973 1512 1018 1537 ex
1036 1514 1067 1536 V.
1089 1505 1158 1536 680
1179 1502 1372 1547 ἐπώνυμος
1396 1501 1512 1547 πέτρα
1535 1502 1655 1548 πάγος
1672 1501 1706 1538 τ’

140 1552 274 1600 Ἄρειος
293 1566 406 1599 quam
426 1555 533 1589 duxit
552 1555 775 1600 scripturam
795 1557 893 1590 stare
913 1566 986 1591 non
1005 1557 1139 1601 potest.

263 1608 331 1642 VH
350 1609 446 1654 (151)
479 1607 604 1643 Cicero
619 1609 724 1644 Tusc.
741 1609 834 1654 disp.
850 1623 862 1643 1
877 1612 932 1652 28,
949 1612 992 1644 68
1010 1610 1113 1644 ‘cum
1126 1609 1293 1644 videmus
1310 1637 1315 1644 .
1334 1638 1339 1643 .
1357 1638 1362 1644 .
1378 1611 1458 1644 tum
1471 1610 1625 1655 globum
1637 1611 1710 1645 ter-

144 1672 207 1696 rae
227 1662 451 1696 eminentem
471 1672 491 1697 e
509 1662 605 1696 mari
623 1690 629 1696 .
648 1690 654 1696 .
671 1691 676 1696 .
700 1662 844 1697 duabus
871 1663 943 1697 oris
970 1662 1197 1697 distantibus
1222 1663 1469 1698 habitabilem
1495 1665 1533 1698 et
1558 1663 1709 1706 cultum,

144 1725 301 1759 quarum
322 1715 451 1758 altera,
473 1726 585 1760 quam
604 1726 670 1751 nos
690 1715 897 1759 incolimus,
918 1715 1010 1752 «sub
1025 1726 1093 1750 axe
1105 1716 1250 1761 posita.
1269 1745 1274 1750 .
1292 1727 1341 1760 .»,
1357 1716 1475 1751 altera
1489 1716 1663 1751 australis
1679 1745 1685 1751 .
1703 1745 1709 1751 .

144 1779 257 1813 quam
276 1770 411 1804 vocant
429 1768 562 1803 Graeci
582 1768 806 1816 ἀντίχθονα,
821 1769 853 1790 ⁸⁹
874 1771 1014 1805 ceteras
1034 1771 1160 1815 partes
1180 1769 1340 1805 incultas
1361 1770 1460 1814 quod
1482 1772 1548 1805 aut
1571 1769 1710 1816 frigore

143 1822 292 1868 rigeant
318 1823 384 1857 aut
407 1823 564 1857 urantur
583 1822 722 1858 calore:
742 1823 805 1858 hic
825 1825 961 1867 autem,
980 1823 1047 1858 ubi
1065 1823 1292 1867 habitamus,
1312 1834 1387 1858 non
1406 1823 1623 1859 intermittit
1642 1823 1710 1869 (in-

143 1876 338 1922 termitti‘?)
359 1887 423 1911 suo
444 1877 611 1922 tempore
630 1876 799 1913 «caelum
814 1905 821 1911 .
836 1905 841 1911 .
857 1906 862 1911 .
876 1877 1062 1912 laetificae
1077 1876 1363 1923 (laetificare
1376 1877 1472 1923 Par.)
1485 1905 1491 1912 .
1506 1906 1512 1911 .
1527 1906 1533 1912 .
1550 1878 1711 1913 ubertate

143 1929 407 1966 incurvescere.
424 1957 432 1965 .
448 1957 455 1964 .
471 1930 731 1966 convestirier»
747 1931 870 1976 (155).’
996 1930 1099 1965 Idem
1119 1931 1166 1965 de
1186 1932 1277 1966 orat.
1293 1944 1334 1965 111
1355 1934 1411 1974 38,
1425 1934 1493 1965 154
1509 1931 1712 1966 ‘novantur

269 2055 351 2091 148
380 2066 424 2092 ac
442 2054 505 2092 ius
525 2055 615 2092 olim
635 2056 841 2092 correctum
849 2068 862 2101 ,·
881 2055 982 2102 quod
1000 2056 1056 2093 ila
1076 2056 1180 2093 tenui
1198 2058 1242 2093 ut
1260 2057 1549 2103 transponerem
1569 2055 1610 2093 id
1637 2067 1708 2105 ego

144 2113 205 2151 ius
226 2114 345 2163 atque
359 2125 496 2152 aecum
508 2113 666 2160 fecisse,·
680 2114 726 2161 ef.
742 2122 756 2149 1
767 2111 820 2162 89
838 2115 871 2151 et
881 2124 1052 2161 prooem.
1068 2123 1082 2149 1
1093 2111 1175 2149 888
1184 2109 1261 2163 l89
1275 2122 1351 2162 117
1369 2125 1422 2162 sq.
1437 2113 1558 2152 Hunc
1569 2115 1708 2162 imper-

143 2172 284 2221 fectum
309 2184 463 2211 versum
481 2173 630 2212 mavult
646 2172 896 2221 Plasberyius
917 2203 924 2210 .
946 2203 954 2210 .
974 2169 1016 2210 1'd
1041 2185 1113 2223 ego
1140 2185 1276 2212 aecum
1297 2185 1342 2212 ac
1360 2174 1422 2211 ius
1442 2173 1578 2212 fecisse

144 2231 271 2271 Ennii
288 2232 415 2271 verbis
433 2230 574 2280 Apollo
593 2232 745 2271 videtur
766 2231 896 2270 Oreste
907 2234 1059 2281 petente
1080 2241 1162 2281 599
1185 2230 1324 2285 ἐξηγοῦ
1353 2230 1395 2271 δέ
1419 2247 1485 2284 μοι
1499 2229 1710 2284 Ἄπολλον,

145 2290 186 2330 εἴ
198 2301 272 2342 σφε
292 2290 366 2331 σὺν
387 2290 476 2347 δίκῃ
493 2289 729 2331 κατέκτανον
742 2293 897 2330 initium
908 2292 1037 2340 faeere
1050 2292 1285 2339 defensionis
1298 2304 1324 2331 a
1337 2305 1370 2331 v.
1381 2289 1466 2340 604
1481 2293 1711 2341 explanatae

266 2352 347 2390 149
372 2350 471 2389 Dico
499 2364 569 2403 ego
589 2351 762 2400 Scaliyer
780 2351 866 2401 Ego
887 2351 974 2389 dico
994 2349 1174 2390 Auratus
1193 2351 1315 2390 Edico
1336 2352 1384 2390 L.
1399 2352 1626 2390 Muellerus.
1650 2351 1709 2400 Cf.

147 2410 348 2449 Terentius
374 2422 457 2448 eun.
477 2409 558 2459 962
582 2410 669 2449 dico
696 2410 804 2449 edico
825 2410 948 2458 vobis,
973 2412 1152 2449 nostrum
1178 2423 1258 2450 esse
1284 2412 1398 2449 illum
1532 2409 1709 2450 Orestem

147 2469 201 2507 ecl.
215 2471 343 2517 princ.
465 2470 647 2509 facessite
666 2470 757 2508 olim
776 2481 871 2508 corr.
996 2471 1079 2508 150
1104 2470 1370 2521 Areopagitae
1399 2472 1492 2520 quia
1513 2465 1602 2523 (qui
1625 2482 1709 2509 omn

154 2528 265 2567 Vo'snd.
280 2526 330 2566 A.
350 2524 593 2582 Spenyelius)
614 2529 753 2567 dedere
780 2541 946 2578 aequam
971 2529 1095 2578 pilam
1115 2530 1357 2575 Ribbeekius,
1384 2531 1450 2578 qui
1467 2530 1556 2568 huic
1574 2543 1607 2568 v.
1630 2539 1707 2577 149

145 2587 303 2626 subiecit
322 2590 355 2625 et
374 2588 505 2627 ambos
528 2589 648 2636 refert
666 2590 718 2627 acl
738 2586 919 2638 Aeschyli
937 2601 970 2626 ν.
988 2598 1069 2637 742
1086 2590 1238 2636 39.ΑΘ.
1258 2588 1360 2641 ἀνὴρ
1387 2585 1448 2628 ὅδ’
1471 2586 1710 2641 ἐκπέφευγεν

146 2645 308 2697 αἵματος
335 2646 466 2698 δίκην·
488 2646 574 2686 ἴσον
600 2647 672 2700 γάρ
698 2645 777 2686 ἐστι
801 2645 1030 2699 τάρίθμημα
1054 2653 1132 2687 τῶν
1151 2648 1297 2688 πάλων.
1317 2649 1594 2700 Areopagitae,
1615 2648 1710 2697 quid

147 2705 301 2745 dedere!
328 2719 447 2756 quam
472 2707 606 2757 palam
627 2701 823 2760 (parum)!
843 2707 1124 2746 Lachmansnus
1147 2709 1240 2747 haee
1263 2710 1508 2747 illudentium
1528 2719 1607 2746 esse
1625 2708 1709 2745 Eu-

146 2766 341 2804 menidum
355 2769 467 2804 ratus
474 2780 488 2812 ,·
507 2778 605 2814 quae
621 2768 656 2805 si
668 2769 760 2805 sunt
770 2767 1046 2812 Eumenidum,
1058 2770 1103 2806 ut
1114 2769 1275 2813 videtur,
1288 2769 1420 2817 possis
1431 2767 1709 2817 Areopagitae,

147 2824 243 2873 quid
261 2825 411 2874 dedere,
432 2838 551 2875 quam
569 2824 736 2864 tubam?
757 2820 808 2879 (h.
831 2837 858 2864 e.
877 2828 1030 2875 siqnum
1050 2828 1173 2872 tubae,
1195 2828 1242 2875 ef.
1258 2826 1392 2865 Aescle.
1413 2835 1434 2873 5
1441 2835 1491 2874 57
1509 2838 1586 2873 sqq.
1607 2826 1706 2863 Eur.

148 2883 289 2923 Troad.
306 2893 319 2920 1
332 2882 413 2921 266
428 2879 502 2937 sq.)
