2054 3282
335 184 417 229 148
1007 174 1206 214 801:ch

1078 296 1130 331 IX

332 364 382 405 17
389 365 411 405 7
444 351 503 403 At
535 375 626 417 ego,
659 361 938 415 omnipotenS‚
969 362 1012 400 te
1044 371 1227 413 exposco
1258 360 1307 399 ut
1340 357 1422 399 hoc
1453 357 1680 399 consilium
1705 355 1883 399 Achivis

1387 427 1544 470 auxilio
1569 429 1663 470 fuat

1087 522 1120 556 X

1008 594 1199 620 AGHILLES

329 655 410 697 178
443 654 558 705 Quae
583 669 677 696 mea
702 654 939 696 comminus
965 652 1188 695 machaera
1213 655 1341 708 atque
1365 652 1490 695 hasta
1508 652 1718 695 hostibitis
1738 667 1866 694 manu

1078 757 1129 792 XI

1007 830 1199 856 ACHILLES

326 891 408 932 179
441 890 522 941 Qui
549 891 723 946 cupiant
750 891 848 932 dare
874 905 990 932 arma
1016 889 1189 946 Achilli,
1215 892 1263 932 ut
1290 890 1374 945 ipsi
1400 889 1632 932 cunctent‘?

1070 994 1138 1029 XII

326 1056 409 1098 180
441 1055 631 1098 Saeviter
655 1057 829 1098 fortuna
854 1056 966 1098 ferro
994 1059 1172 1098 cernunt
1197 1056 1248 1098 de
1273 1056 1454 1098 victoria

321 1185 474 1220 tilianus
494 1198 507 1219 1
526 1189 558 1228 4,
579 1188 621 1219 15
640 1185 683 1219 ‘b
705 1195 852 1229 quoque
872 1185 911 1219 in
930 1184 1054 1220 locum
1074 1185 1233 1220 aliarum
1253 1185 1422 1220 dedimus
1443 1184 1656 1229 aliquando,
1675 1184 1774 1219 unde
1793 1183 1885 1218 Bur—

320 1250 382 1273 rus
402 1240 439 1273 et
457 1238 597 1283 Bruges
618 1239 656 1273 et
676 1238 841 1273 Belena.'
864 1237 916 1273 Cf.
939 1239 987 1273 ad
1007 1250 1090 1273 ann.
1109 1242 1186 1273 178.
1326 1238 1457 1273 Portas
1476 1237 1686 1283 patefactas
1705 1237 1885 1283 intelligit

320 1290 547 1326 Ribbeckius
569 1292 677 1337 (trag.
692 1291 796 1326 Rom.
815 1304 850 1336 p.
870 1293 951 1337 121)
972 1292 1053 1327 coll.
1068 1292 1109 1326 Il.
1125 1305 1176 1326 XII
1189 1296 1258 1327 453
1279 1289 1328 1333 ὧς
1339 1289 1483 1336 ”Έκτωρ
1504 1291 1592 1332 ἰθὺς
1612 1289 1774 1327 σανίδων
1795 1290 1884 1336 φέρε

320 1346 414 1380 λᾶαν
434 1343 562 1389 ἀείρας
581 1343 627 1379 αἴ
640 1342 687 1389 ῥὀι
707 1344 825 1386 πύλας
845 1344 990 1389 εἴρυντο
1011 1347 1083 1380 κτλ.

437 1397 487 1431 ΙΧ
507 1399 604 1443 (177)
641 1397 785 1432 Nonius
804 1411 839 1444 p.
857 1402 936 1442 111,
950 1402 993 1434 14
1013 1398 1136 1433 ‘fuam
1156 1399 1226 1433 sim
1245 1398 1303 1433 vel
1322 1398 1409 1433 fiam
1424 1426 1524 1433 .....
1540 1397 1680 1432 Ennius
1699 1398 1884 1432 haectoris

319 1451 426 1496 lytris
441 1450 585 1496 (litris
599 1451 657 1486 vel
670 1450 836 1497 listris)
851 1453 915 1488 «at
928 1462 997 1497 ego
1012 1454 1054 1498 (a
1071 1463 1151 1498 ego
1166 1452 1260 1486 Flor.
1275 1464 1323 1487 m.
1337 1464 1391 1497 pr.
1407 1451 1524 1497 Leid.)
1537 1480 1543 1486 .
1558 1479 1564 1486 .
1579 1480 1585 1486 .
1601 1451 1738 1487 auoeilii
1749 1450 1882 1487 fuat».'

436 1503 469 1537 X
483 1505 580 1549 (178)
599 1503 729 1538 Festus
743 1516 778 1548 p.
789 1507 867 1547 370,
879 1508 922 1539 29
931 1505 997 1540 Th.
1013 1505 1232 1540 ‘redhostire
1246 1505 1382 1540 referre
1395 1505 1567 1551 gratiam.
1578 1504 1741 1539 Naevius
1751 1505 1882 1551 [praet.

321 1560 341 1591 5
360 1557 419 1603 R]
441 1558 478 1591 et
500 1557 634 1591 Accius
653 1557 712 1603 [92
730 1557 801 1603 R.].
817 1569 904 1592 nam
925 1560 963 1593 et
981 1558 1103 1606 hostie
1124 1559 1318 1604 (hostire
1338 1558 1490 1603 Paulus)
1509 1569 1576 1604 pro
1597 1569 1756 1602 aequare
1775 1568 1885 1603 posu-

321 1611 437 1645 erunt.
458 1610 599 1645 Ennius
618 1610 658 1645 in
678 1609 905 1656 Cresphonte
927 1612 980 1658 [v]
1002 1613 1039 1647 et
1057 1613 1254 1648 irmectoris
1276 1613 1400 1658 lyrisq³
1421 1612 1486 1657 (in
1510 1611 1722 1646 Hectoris
1748 1611 1883 1656 lytris

322 1675 462 1708 «quae
482 1663 651 1709 Ursinus)
671 1675 755 1699 mea
770 1693 776 1698 .
791 1693 796 1698 .
812 1693 818 1699 .
837 1665 986 1709 hospius
1004 1676 1141 1702 manu»
1162 1667 1200 1701 et
1218 1665 1378 1700 Pacuius
1394 1666 1477 1711 [346
1491 1665 1582 1711 R.].’

437 1717 487 1751 XI
501 1718 597 1763 (179)
617 1717 760 1752 Nonius
773 1730 809 1763 p.
822 1722 902 1762 469,
912 1722 955 1753 26
973 1719 983 1736 ‘
994 1720 1172 1754 cunctant
1184 1729 1251 1764 pro
1267 1720 1498 1753 cunctantur.
1513 1718 1647 1753 Accius
1663 1718 1722 1764 [72
1736 1718 1796 1764 R]
1811 1718 1882 1752 En-

320 1771 403 1805 nius
423 1771 621 1805 Ambracia
640 1772 709 1817 (111)
730 1771 852 1808 «bene
874 1783 1018 1807 mones:
1041 1773 1122 1807 tute
1147 1772 1227 1817 ipse
1254 1772 1439 1814 annotato,
1460 1771 1543 1806 vide
1569 1770 1703 1805 fortem
1722 1771 1881 1807 virum».

320 1824 419 1858 idem
438 1823 597 1858 hectoris
618 1824 831 1870 (haectoris)
850 1824 958 1869 lytris
979 1825 1089 1870 «qui.
1107 1854 1112 1860 .
1131 1827 1195 1860 .ut
1214 1827 1290 1870 ipse
1310 1825 1534 1860 cunctent».’

437 1877 504 1911 XII
517 1878 613 1923 (180)
645 1877 788 1913 Nonius
802 1890 837 1924 p.
853 1882 932 1922 511,
945 1881 965 1913 8
983 1879 1161 1914 ‘saeviter
1174 1890 1240 1924 pro
1255 1889 1362 1914 saeve
1378 1907 1384 1913 .
1402 1907 1407 1913 .
1426 1907 1431 1912 .
1447 1878 1588 1913 Ennius
1602 1878 1787 1913 Phoenice
1803 1878 1880 1925 [VI].

321 1930 495 1965 Afranius
511 1931 592 1977 [301
607 1931 678 1978 R.].
694 1931 836 1966 Ennius
855 1932 1039 1967 haectoris
1059 1932 1186 1977 lystris
1209 1932 1390 1969 «saeviter
1406 1961 1411 1966 .
1430 1960 1435 1966 .
1453 1960 1459 1966 .
1474 1931 1680 1967 victoria»)

441 2087 522 2123 177
549 2086 835 2125 Pentametrum
860 2087 1093 2125 trochaicum
1114 2087 1300 2135 descripsi
1326 2098 1412 2125 cum
1435 2086 1616 2134 Berfflcto,
1641 2086 1688 2133 cf.
1709 2086 1762 2125 ad
1783 2094 1883 2133 130,-

321 2145 388 2182 secl
412 2156 480 2182 nec
504 2146 547 2182 in
570 2146 679 2184 hiatu
707 2146 976 2194 offendendum
1003 2149 1085 2185 erat
1108 2158 1176 2184 ‘nec
1202 2147 1254 2184 ad
1280 2147 1525 2195 omnipotens
1550 2146 1761 2193 requiritur
1783 2145 1884 2193 quod

322 2203 492 2241 addatur
513 2198 576 2256 (ef.
597 2203 694 2242 Aen.
715 2217 757 2243 rv
786 2214 891 2252 220;
909 2218 935 2243 x
957 2200 1084 2255 614),·
1108 2205 1182 2244 hoc
1209 2204 1417 2244 consilium
1442 2205 1520 2243 scil.
1546 2205 1719 2243 mitte-ndi
1746 2204 1882 2243 Patro-

322 2262 422 2300 clum
441 2264 561 2301 armis
574 2261 738 2302 Achillei
756 2267 970 2304 armatum:
990 2265 1036 2312 cf.
1050 2276 1186 2312 preces
1198 2263 1363 2302 Achillei
1381 2265 1411 2302 I
1412 2265 1433 2302 l.
1448 2276 1519 2303 xv1
1541 2272 1621 2310 233
1637 2275 1727 2311 sqq„
1745 2263 1883 2311 quibus

320 2321 393 2360 kae
404 2321 573 2359 Patrocli
592 2323 742 2361 adnecti
754 2326 937 2371 poterant
1044 2324 1190 2362 auxilio
1213 2325 1392 2370 Vossius,-
1412 2323 1534 2361 auxili
1546 2323 1776 2361 Ribbeckms

324 2380 407 2418 178
427 2380 592 2419 hostivit
607 2376 682 2434 (vel
700 2378 884 2436 hostibit)
900 2396 919 2421 e
939 2395 1058 2420 manu
1071 2383 1243 2431 Scaliqer
1262 2383 1424 2430 aIttqaoe
1443 2385 1510 2421 sed
1529 2393 1593 2430 eyo
1611 2383 1735 2421 malui
1761 2381 1882 2420 hosti-

319 2439 414 2477 bitis
443 2434 507 2492 (ex
531 2435 709 2493 hospius)
729 2454 856 2479 -manu
881 2442 1014 2487 Missa,
1039 2445 1083 2480 ut
1106 2441 1275 2480 Achilles
1289 2443 1398 2480 cuias
1423 2442 1516 2480 haec
1542 2444 1634 2480 sunt
1660 2453 1774 2479 suam
1800 2442 1883 2489 ipse

320 2499 566 2537 machaeram
592 2494 698 2552 (mea
725 2501 949 2545 machaera,
975 2504 1019 2539 ut
1040 2514 1128 2539 mea
1155 2502 1315 2539 fortuna
1347 2495 1449 2553 353)
1478 2503 1512 2538 et
1537 2501 1690 2539 hastam
1721 2499 1884 2547 appellet

320 2559 400 2596 sive
424 2570 541 2606 quam
566 2569 650 2596 cum
669 2559 844 2597 Patroclo
868 2562 974 2598 misit
991 2562 1071 2599 sive
1090 2555 1209 2613 (quod
1233 2562 1363 2598 minus
1380 2554 1530 2612 placet)
1550 2571 1691 2598 novam
1716 2571 1742 2598 a
1759 2561 1882 2597 matre

322 2617 493 2656 allatam.
508 2618 570 2655 De
582 2617 697 2655 hasta
710 2631 829 2656 manu
842 2621 962 2658 missa
981 2620 1028 2667 cf.
1043 2620 1074 2656 Ι
1075 2620 1096 2657 I.
1112 2632 1165 2656 xx
1180 2618 1262 2667 462
1279 2618 1348 2658 τὸν
1368 2616 1439 2670 μὲν
1458 2616 1570 2670 δουρὶ
1588 2617 1733 2669 βαλών,
1751 2616 1819 2656 τὸν
1839 2614 1881 2655 δὲ

322 2674 460 2727 σχεδὸν
479 2673 569 2728 ἄορι
586 2675 715 2726 τύψας
723 2691 737 2724 ,·
750 2678 841 2716 ibid.
859 2676 942 2726 378
1050 2680 1131 2717 179
1147 2679 1224 2728 ipsi
1237 2679 1400 2717 Iwm'us:
1419 2679 1503 2728 ipse
1599 2676 1834 2715 Sententiam
1849 2679 1883 2714 et

321 2737 541 2780 orationem,
557 2747 654 2783 qaae
666 2734 830 2774 Achillis
844 2740 908 2782 est,
923 2738 1087 2786 explicui
1101 2740 1135 2776 et
1146 2738 1342 2776 vindicavi
1348 2748 1517 2786 prooem.
1533 2746 1547 2772 1
1558 2733 1640 2771 888
1645 2732 1667 2786 s
1672 2733 1724 2783 89
1733 2747 1775 2783 p.
1788 2744 1810 2782 5
1826 2746 1878 2782 sq.

321 2795 400 2832 coll.
420 2794 473 2832 Il.
494 2807 596 2833 xvm
622 2804 698 2843 192
721 2792 841 2834 ἄλλου
862 2791 897 2833 δ’
921 2794 970 2835 οὔ
989 2810 1054 2835 τευ
1074 2791 1176 2847 οἶδα,
1196 2802 1261 2835 τεῦ
1280 2794 1331 2835 ἂν
1356 2794 1475 2835 κλυτὰ
1499 2794 1633 2846 τεύχεα
1657 2794 1753 2845 δύω,
1773 2794 1808 2832 εἰ
1826 2793 1879 2844 μὴ

321 2851 494 2900 Αἴαντός
517 2868 560 2906 γε
581 2853 711 2900 σάκος.
737 2852 830 2893 ἀλλὰ
856 2853 922 2893 καὶ
945 2855 1062 2902 αὐτὸς
1087 2851 1163 2906 ὅδ’,
1183 2851 1335 2906 ἔλπομ’,
1355 2853 1414 2894 ἐνὶ
1432 2853 1643 2906 πρώτοισιν
1665 2851 1794 2904 ὁμιλεῖ
1812 2855 1878 2891 κτλ

322 2913 355 2949 et
366 2910 545 2962 Aeschyli
555 2914 757 2963 DIyrmfr.
775 2923 854 2960 140
866 2909 1035 2967 (Nauck.
1044 2909 1093 2967 11)
1109 2913 1241 2953 ὅπλων
1262 2913 1393 2953 ὅπλων
1413 2913 1477 2952 δεῖ
1576 2913 1658 2950 180
1679 2913 1879 2951 fortunam
