2054 3282
351 174 435 216 114
878 163 1137 201 ANNALIUM
1161 162 1248 199 Lm.
1268 162 1360 198 mc.

1037 282 1201 319 CXXXV

349 362 435 404 613
950 356 1003 398 ab
1028 356 1150 397 laeva
1172 355 1255 397 rite
1272 353 1500 409 probatum

1031 505 1212 541 CXXXVI

344 584 430 626 614
1119 594 1245 634 quem
1271 593 1399 634 super
1423 579 1574 635 ingens

462 654 591 695 Porta
615 655 737 695 tonat
762 651 867 693 caeli

1021 801 1219 836 CXXXVII

342 878 426 920 616
922 874 1062 916 trabes
1087 875 1216 916 remis
1241 877 1425 917 rostrata
1449 889 1526 929 per
1550 874 1685 917 altum

339 1053 487 1098 passiva
506 1052 755 1087 declinatione
779 1051 994 1096 figurarunt,
1015 1051 1185 1096 potestur
1204 1052 1242 1086 et
1257 1052 1458 1096 possuntur
1477 1052 1704 1097 (potestor
1729 1051 1773 1085 et
1796 1061 1899 1095 pos-

340 1108 497 1140 suntor
515 1106 613 1140 Parr.
626 1105 689 1139 AB
708 1106 917 1149 potestor
936 1106 1156 1149 epossunt
1174 1104 1306 1149 Mon.);
1321 1106 1358 1139 et
1371 1104 1498 1148 quitur
1511 1106 1549 1139 et
1562 1104 1688 1148 quitus
1702 1115 1783 1138 sum
1797 1104 1898 1148 apud

338 1159 532 1194 nonnullos
543 1160 706 1193 veterum
717 1158 920 1203 reperimus
933 1186 939 1192 .
951 1186 957 1191 .
969 1186 975 1191 .
987 1158 1122 1192 Accius
1133 1157 1259 1201 quitus
1274 1169 1355 1192 sum
1364 1158 1472 1203 ponit
1484 1187 1490 1192 .
1502 1186 1508 1192 .
1519 1186 1525 1192 .
1539 1158 1624 1204 [662
1635 1158 1706 1204 R.].
1716 1157 1899 1192 Caecilius

338 1215 419 1256 (279
434 1213 491 1257 R.)
512 1212 565 1248 «si
585 1223 658 1246 non
678 1211 806 1246 sarciri
826 1211 986 1255 quitur».
1001 1211 1093 1246 item
1110 1212 1280 1256 potestur
1299 1211 1599 1257 (potestorAB
1618 1212 1773 1256 potest
1784 1210 1898 1252 Mon.)

338 1266 437 1310 apud
457 1265 616 1299 Ennium
636 1265 838 1309 reperimus
859 1275 951 1301 «nec
968 1263 1110 1299 retrahi
1128 1266 1297 1309 potestur
1315 1264 1533 1309 imperiis».'
1636 1264 1678 1299 In
1697 1275 1736 1299 re
1755 1264 1899 1299 incerta

336 1318 447 1363 paulo
468 1320 592 1353 tamen
611 1318 843 1363 probabilius
862 1318 956 1353 haec
975 1318 1024 1353 ad
1043 1318 1232 1352 heroicum
1252 1328 1365 1362 quam
1385 1318 1432 1352 ad
1447 1317 1550 1352 aliud
1562 1319 1722 1353 metrum
1734 1317 1900 1352 revocari

337 1372 517 1414 videntur,
539 1372 592 1406 sic
611 1373 653 1406 ut
671 1372 837 1406 medium
851 1371 995 1416 aliquid
1009 1371 1275 1417 grammaticus
1289 1372 1538 1416 interceperit.
1560 1371 1613 1406 Cf.
1628 1372 1758 1406 Festus
1771 1383 1806 1416 p.
1816 1374 1896 1414 308,

337 1428 380 1459 26
395 1424 459 1458 Th.
477 1425 665 1469 ‘potestur
685 1425 809 1470 Scipio
822 1424 1021 1460 Africanus
1040 1425 1079 1459 in
1099 1435 1144 1459 ea
1164 1435 1260 1468 quae
1280 1426 1338 1460 est
1356 1425 1402 1459 de
1422 1425 1565 1470 inperio
1580 1425 1623 1459 D.
1638 1424 1755 1467 Bruti,
1776 1426 1815 1459 et
1831 1435 1897 1470 po-

335 1480 477 1513 teratur
497 1477 532 1512 C.
549 1477 736 1513 Gracchus
756 1478 795 1512 in
816 1489 860 1513 ea
880 1489 955 1523 qua
973 1490 1062 1512 usus
1083 1480 1140 1513 est
1159 1489 1242 1512 cum
1262 1479 1401 1513 circum
1421 1478 1671 1513 conciliabula
1690 1478 1787 1513 iret.’

453 1531 615 1566 CXXXV
635 1533 730 1577 (613)
767 1531 916 1566 Scholia
934 1531 1041 1566 Bern.
1057 1531 1204 1577 Hageni
1225 1531 1417 1577 (Fleckeis.
1433 1531 1556 1566 annal.
1572 1531 1692 1576 suppl.
1708 1545 1745 1566 1v
1762 1543 1798 1576 p.
1814 1532 1896 1576 956)

334 1585 373 1619 in
393 1595 516 1630 georg.
531 1598 568 1619 1v
583 1589 601 1619 7
618 1585 745 1619 ‘laeva
763 1595 951 1630 prospera.
966 1584 1120 1619 numina
1137 1584 1261 1619 laeva:
1277 1585 1479 1620 secundum
1498 1585 1777 1630 haruspicinam
1802 1585 1898 1620 dixit

335 1638 524 1672 sinistrum
542 1648 770 1683 prosperum,
791 1639 834 1672 ut
847 1639 886 1673 in
900 1638 1062 1673 secundo
1077 1638 1179 1682 (Aen.
1195 1651 1223 1672 11
1238 1640 1318 1683 693)
1339 1638 1528 1675 «intonuit
1544 1638 1725 1681 laevum»,
1740 1638 1829 1682 quia
1849 1639 1897 1673 si-

334 1691 452 1726 nistra
470 1694 598 1727 nostra
618 1692 770 1727 dextera
790 1693 877 1726 sunt
896 1692 931 1726 ei
957 1693 995 1726 et
1021 1691 1174 1726 dextera
1193 1693 1320 1726 nostra
1346 1691 1497 1726 sinistra
1523 1693 1610 1726 sunt
1628 1691 1673 1734 ei,
1694 1693 1737 1725 ut
1755 1691 1897 1726 Ennius

335 1745 400 1789 (sic
421 1745 499 1779 cod.
519 1745 626 1780 Bern.
650 1748 736 1788 1653
756 1745 863 1779 Bern.
881 1748 947 1779 172
968 1746 1007 1780 et
1026 1744 1140 1779 ceteri
1164 1745 1312 1779 inmus
1339 1744 1386 1778 ab
1409 1744 1564 1790 Hageno
1590 1744 1667 1779 iam
1692 1745 1779 1779 ante
1805 1754 1895 1780 corr.

336 1799 375 1832 in
396 1798 516 1833 annal.
532 1798 712 1833 Fleckeis.
728 1811 788 1833 101
809 1801 899 1833 1865
919 1810 955 1843 p.
971 1799 1053 1843 503)
1074 1798 1129 1832 ait
1148 1798 1219 1834 «ab
1238 1797 1346 1833 laeva
1364 1797 1436 1832 rite
1455 1798 1703 1843 probatum».’

452 1851 632 1886 CXXXVI
651 1853 747 1898 (614)
786 1851 974 1897 Vergilius
994 1862 1119 1897 georg.
1134 1864 1177 1885 m
1197 1854 1265 1886 260
1282 1852 1413 1895 ‘quem
1433 1862 1564 1896 super.
1581 1879 1588 1885 .
1605 1879 1612 1885 .
1628 1851 1764 1886 caeli’:
1785 1862 1896 1895 quem

334 1915 477 1939 versum
488 1904 667 1940 Columna
679 1917 715 1950 p.
727 1908 772 1939 83
786 1906 946 1940 testatur
956 1904 995 1939 in
1005 1906 1150 1939 vetusto
1161 1904 1370 1950 fragmento
1383 1904 1558 1949 anonymi
1569 1904 1762 1939 cuiusdam
1773 1915 1895 1950 gram-

333 1957 461 1992 matici
481 1958 526 1992 de
545 1958 643 1993 verb.
658 1958 939 2003 neutr.i1npers.
956 1968 1126 2003 expresse
1140 1968 1184 1992 ex
1196 1957 1317 1992 Ennio
1338 1958 1456 1993 citari.
1473 1957 1613 1992 Seneca
1633 1958 1739 2003 epist.
1756 1961 1834 2001 108,
1851 1961 1895 1992 34

335 2022 417 2045 cum
443 2011 573 2046 scribit
596 2011 764 2047 ‘felicem
790 2012 926 2047 deinde
952 2022 992 2046 se
1015 2012 1126 2056 putat
1149 2011 1440 2056 (grammaticus)
1464 2011 1564 2056 quod
1589 2011 1773 2046 invenerit
1796 2011 1895 2046 unde

334 2064 451 2098 visum
471 2065 521 2099 sit
533 2065 700 2110 Vergilio
727 2065 850 2100 dicere
870 2076 1004 2110 «quem
1024 2075 1134 2110 super
1155 2093 1162 2099 .
1179 2093 1185 2099 .
1203 2093 1208 2098 .
1231 2064 1359 2100 caeli».
1380 2064 1541 2099 Ennium
1560 2065 1630 2099 hoc
1656 2065 1711 2099 ait
1734 2065 1895 2099 Homero

334 2118 572 2163 subripuisse,
588 2119 708 2153 Ennio
722 2118 940 2164 Vergilium.
957 2129 1036 2153 esse
1050 2118 1149 2153 enim
1163 2118 1264 2163 apud
1278 2117 1491 2153 Ciceronem
1507 2118 1546 2152 in
1562 2117 1620 2152 his
1634 2118 1725 2163 ipsis
1739 2118 1786 2153 de
1805 2129 1844 2152 re
1857 2130 1892 2163 p.

333 2170 403 2205 hoc
416 2171 647 2217 epigramma
660 2171 757 2206 Enni
771 2173 834 2217 (ιν)
849 2171 903 2207 «si
916 2171 974 2206 fas
990 2200 997 2206 .
1014 2200 1020 2206 .
1037 2200 1044 2206 .
1058 2171 1110 2206 mi
1124 2171 1194 2206 soli
1214 2171 1308 2206 caeli
1321 2171 1484 2206 maxima
1496 2173 1606 2216 porta
1617 2171 1774 2216 patet»’,
1788 2171 1895 2205 illum

333 2223 542 2259 Ennianum
561 2235 706 2260 versum
726 2235 805 2260 esse
822 2237 897 2259 non
911 2225 1057 2260 videtur
1073 2225 1265 2270 cognitum
1277 2224 1469 2260 habuisse:
1490 2235 1586 2269 quae
1606 2235 1718 2259 causa
1736 2224 1894 2259 fortasse

334 2278 475 2319 erroris,
497 2278 528 2312 si
548 2289 648 2313 error
667 2280 724 2313 est
742 2278 782 2313 in
801 2278 1015 2313 testimonio
1036 2278 1246 2314 Columnae.

451 2330 647 2366 CXXXVII
662 2333 757 2377 (616)
784 2331 901 2366 Varro
922 2332 968 2367 de
987 2331 1011 2366 l.
1026 2332 1065 2366 L.
1080 2345 1131 2366 vn
1146 2335 1190 2366 33
1206 2331 1280 2366 ‘sic
1300 2331 1441 2366 dictum
1461 2342 1484 2366 a
1503 2331 1737 2376 quibusdam,
1757 2333 1801 2366 ut
1818 2341 1894 2366 una

334 2393 442 2417 canes
463 2384 523 2427 (de
543 2395 616 2428 quo
637 2396 750 2429 supra
769 2388 813 2419 32
834 2385 956 2420 ‘dicta
976 2385 1075 2420 enim
1095 2385 1196 2429 apud
1215 2385 1355 2419 veteres
1374 2395 1451 2419 una
1470 2395 1590 2420 canes.
1604 2385 1732 2429 itaque
1752 2384 1893 2419 Ennius

333 2436 462 2470 scribit
477 2437 617 2483 [528]‘),
632 2449 707 2472 una
721 2438 869 2474 «trabes
882 2438 993 2473 remis
1007 2439 1168 2473 rostrata
1180 2448 1248 2482 per
1260 2437 1411 2473 altum».
1426 2437 1568 2472 Ennius
1583 2438 1694 2483 [scen.
1710 2441 1779 2472 246
1792 2438 1891 2484 sq.].'

333 2488 487 2523 Versum
502 2491 624 2534 capite
637 2492 850 2525 truncatum
864 2502 906 2527 6ο
919 2492 1040 2534 modo,
1056 2502 1128 2535 quo
1143 2501 1255 2536 saepe
1271 2491 1311 2525 in
1322 2491 1381 2525 his
1393 2490 1510 2533 libris,
1525 2491 1583 2525 bis
1595 2490 1718 2535 posito
1737 2490 1892 2525 trabes

332 2541 481 2577 nomine
507 2542 685 2578 Columna
710 2544 830 2579 Ennio
854 2545 1064 2590 adscripsit,
1084 2545 1184 2588 quod
1203 2543 1295 2578 mihi
1314 2545 1358 2578 ut
1381 2543 1470 2578 olim
1496 2544 1551 2578 ita
1575 2555 1673 2578 nunc
1697 2543 1892 2588 probabile

332 2606 461 2629 Vlsum.

452 2773 535 2811 616
556 2772 764 2812 Hariolari
783 2775 818 2812 si
838 2775 925 2813 libet
942 2776 1181 2824 suppleveris
1198 2775 1367 2814 Labitur
1384 2787 1464 2812 una
1485 2769 1561 2827 (vel
1578 2769 1716 2827 uncta)
1736 2774 1890 2820 trabes,-

333 2832 380 2879 cf.
401 2831 568 2870 Labitur
592 2834 712 2870 uncta
738 2834 871 2871 carina
893 2832 976 2880 386
998 2837 1032 2872 et
1052 2832 1154 2882 478;
1180 2835 1321 2873 Livius
1340 2846 1453 2872 xxxn
1474 2842 1541 2880 32,
1557 2843 1582 2881 9
1604 2846 1691 2871 cum
1717 2833 1890 2883 quinque

331 2891 469 2929 lembis
489 2893 529 2929 et
546 2904 626 2930 una
645 2904 744 2930 nave
763 2894 937 2931 rostrata
955 2894 1066 2931 venit
