2004 3278
746 157 1005 193 ANNALIUM
1030 157 1117 193 LIB.
1138 157 1154 191 I
1588 157 1732 193 CLXIII

170 271 398 310 Palatinum
428 272 527 316 iecit,
559 282 656 318 quae
686 271 769 318 fixa
798 271 977 319 fronduit
1007 273 1041 310 et
1071 271 1247 309 arborem
1278 271 1367 318 fecit
1397 264 1464 323 (cf.
1490 270 1593 310 Plut.
1619 271 1730 310 Rom.

170 342 201 368 c.
218 331 285 375 20,
301 330 324 368 5
348 328 460 369 Ovid.
481 332 571 368 met.
586 342 640 368 xv
655 325 771 383 560),
791 330 994 379 probabile
1013 342 1092 368 non
1112 342 1194 368 esse
1214 331 1350 379 statui,
1369 330 1537 368 Remum
1555 332 1598 369 in
1615 330 1730 370 Pala-

169 390 255 428 tino
282 402 373 428 aves
399 390 595 439 spectasse
619 389 656 426 h.
678 402 709 427 e.
729 389 770 427 in
797 402 842 428 eo
865 390 994 428 monte
1014 391 1056 427 in
1075 402 1152 439 quo
1170 389 1264 428 urbs
1284 389 1486 428 condenda
1506 393 1602 439 erat,
1622 391 1731 429 cuius

171 448 413 487 conditorem
438 461 518 487 non
543 449 712 486 Remum
744 448 811 487 sed
835 449 1048 487 Romulum
1079 461 1161 487 esse
1194 449 1411 498 oportebat.
1445 449 1520 487 Sed
1553 462 1652 499 quae
1684 449 1730 488 de

169 507 354 546 Remoria
384 509 426 545 in
458 521 537 558 qua
568 508 713 546 Remus
743 508 951 559 augurium
984 509 1131 557 ceperit
1167 509 1352 559 cogitavi,
1384 509 1499 547 irrita
1530 512 1633 547 sunt.
1673 510 1731 547 De

170 567 283 606 Remi
315 569 448 606 autem
481 567 645 618 augurio
676 569 723 605 ut
752 569 858 605 recte
888 567 1103 616 iudicetur,
1134 567 1226 605 inde
1256 567 1579 617 proficiscendum
1605 571 1663 607 est
1688 571 1733 607 ut

169 626 422 678 intelligatur
446 627 589 665 fratres
614 628 657 664 in
682 625 838 665 diversa
864 628 903 664 et
928 626 1126 665 contraria
1157 627 1316 677 regione
1349 640 1439 666 aves
1472 630 1731 677 exspectasse:

171 687 226 724 sic
254 688 358 724 enim
384 699 487 735 quae
513 698 632 735 supra
661 687 830 724 79—81
860 685 906 724 de
933 685 1164 735 auspicandi
1188 685 1284 724 locis
1311 686 1516 724 amborum
1549 687 1733 725 dicuntur

456 745 602 784 Remus
628 746 802 793 auspicio
826 757 866 784 se
891 745 1045 784 devovet
1069 748 1180 793 atque
1204 746 1414 783 secundam

380 804 495 842 Solus
521 816 629 843 avem
654 806 792 843 servat.
819 807 860 843 at
883 804 1075 842 Romulus
1093 805 1257 852 pulcher
1281 806 1324 843 in
1350 806 1426 843 alto

385 863 543 912 Quaerit
567 862 772 908 Aventino,
796 866 926 902 servat
945 875 1067 912 qenus
1094 864 1363 902 altivolautum

169 924 397 972 conspirant
422 935 510 961 cum
534 924 583 961 iis
610 935 711 972 quae
736 923 841 961 infra
863 924 1035 961 91—94
1062 923 1108 960 de
1130 924 1317 973 spectatis
1338 924 1386 962 ab
1406 925 1573 973 utroque
1594 925 1731 963 avibus

168 982 395 1021 indicantur

381 1042 437 1080 Et
459 1042 577 1080 simul
603 1053 647 1080 ex
672 1042 749 1080 alto
775 1042 883 1091 lonye
901 1042 1182 1090 pulcherruma
1199 1054 1368 1091 praepes

381 1102 518 1140 Laeva
542 1101 687 1140 volavit
712 1102 806 1139 avis.
833 1102 951 1139 simul
977 1113 1120 1140 aureus
1146 1103 1316 1140 exoritur
1340 1103 1408 1147 sol,

385 1160 535 1199 Gedumt
559 1161 604 1199 de
630 1161 732 1199 caelo
758 1164 815 1200 ter
840 1163 1021 1208 quattuor
1045 1172 1208 1210 corpora
1232 1164 1370 1200 sancta

380 1219 539 1273 Auium,

168 1281 213 1317 ut
227 1279 390 1317 dubium
404 1291 486 1317 esse
500 1293 578 1317 non
592 1280 729 1328 possit,
744 1280 840 1328 quin
847 1280 1128 1327 pulcherruma
1143 1281 1227 1318 avis
1242 1291 1292 1318 ex
1307 1280 1401 1318 alto
1416 1275 1470 1333 (h.
1481 1281 1565 1318 e.ut
1579 1282 1731 1318 contra—

167 1340 219 1376 rii
237 1340 341 1377 ratio
361 1338 489 1388 poscit
508 1351 526 1376 e
538 1332 757 1390 profundo)
778 1340 915 1377 volans
929 1352 952 1377 a
965 1339 1100 1388 Remo,
1120 1340 1288 1378 cedentes
1309 1340 1360 1378 de
1379 1340 1505 1378 caelo
1526 1339 1733 1378 duodecim

169 1410 260 1436 aves
288 1411 310 1436 a
336 1398 504 1436 Romulo
530 1399 637 1436 visae
664 1399 761 1436 sint:
788 1399 856 1447 qui
882 1398 1070 1447 quoniam
1096 1399 1198 1436 vidit
1223 1399 1328 1448 quod
1353 1400 1596 1448 exspectavit
1611 1411 1733 1447 glenus

169 1458 449 1502 altivolarctum,
476 1458 612 1496 statim
638 1459 814 1507 percepit
839 1457 914 1496 sibi
933 1459 1142 1496 victoriam
1169 1470 1250 1496 esse
1276 1460 1469 1508 paratam.
1496 1459 1642 1497 Remus
1666 1471 1733 1496 au-

168 1519 249 1555 tem
276 1530 321 1554 ex
346 1517 420 1555 hac
446 1517 732 1554 sententiarum
757 1517 1015 1555 similitudine
1043 1519 1082 1555 et
1102 1519 1196 1566 quia
1214 1518 1256 1555 in
1275 1519 1445 1567 utraque
1465 1520 1576 1568 parte
1598 1518 1733 1557 eadem

167 1576 270 1614 ratio
297 1576 484 1614 contrarii
512 1578 678 1625 apparet
704 1576 810 1614 credi
835 1589 913 1615 non
938 1578 1070 1626 potest
1095 1578 1136 1613 in
1163 1577 1244 1615 alto
1270 1577 1455 1615 Palatino
1488 1579 1557 1615 aut
1587 1578 1629 1615 in
1663 1577 1732 1615 ali-

169 1636 279 1674 cuius
305 1636 450 1673 montis
477 1636 622 1674 vertice
650 1648 740 1674 aves
767 1637 975 1686 spectasse,
1000 1635 1067 1674 sed
1093 1638 1138 1673 ut
1156 1636 1347 1674 Romulus
1373 1638 1414 1674 in
1435 1637 1515 1675 alto
1535 1636 1732 1675 Aventino

167 1695 203 1732 h.
225 1707 256 1732 e.
282 1696 324 1732 in
344 1694 535 1734 Aventini
561 1695 773 1733 altitudine
800 1695 855 1733 sic
876 1695 1020 1733 Remus
1040 1695 1081 1733 in
1102 1696 1274 1734 eiusdem
1295 1696 1484 1734 Aventini
1504 1697 1633 1734 nescio
1654 1709 1733 1746 qua

166 1758 280 1804 parte
305 1754 490 1793 inferiore
517 1755 745 1803 auspicatus
771 1767 865 1793 esse.

286 1813 478 1852 Romulus
498 1815 539 1851 in
556 1813 739 1852 Palatino
759 1814 896 1852 urbem
915 1815 1082 1853 exstruit
1103 1827 1267 1864 eamque
1285 1827 1396 1853 muro
1411 1827 1456 1853 ac
1470 1816 1576 1854 fossa
1589 1815 1731 1853 firmat.

168 1873 334 1910 Remum
365 1887 521 1911 murum
553 1885 621 1912 seu
652 1874 799 1912 fossam
830 1873 1001 1912 ludibrio
1036 1874 1219 1913 habuisse
1251 1874 1300 1913 ob
1332 1875 1571 1913 tenuitatem
1606 1876 1732 1913 muni-

168 1933 291 1970 menti
324 1934 363 1970 et
394 1934 453 1970 ira
479 1932 639 1971 Romuli
671 1933 868 1972 concitata
899 1933 948 1971 ab
980 1935 1066 1983 ipso
1099 1935 1170 1971 aut
1198 1934 1306 1972 iussu
1332 1935 1415 1971 eius
1440 1935 1624 1972 necatum
1651 1946 1732 1972 esse

171 1992 345 2042 vulgaris
377 1992 505 2030 forma
538 1992 776 2031 narrationis
810 1995 869 2031 est
906 2005 1025 2042 quam
1056 1992 1192 2031 Livius
1218 2006 1233 2030 1
1261 1995 1297 2042 7,
1326 1995 1348 2030 2
1387 1992 1624 2031 Plutarchus
1656 1994 1733 2031 Ro-

167 2052 260 2089 mul.
288 2053 354 2100 10,
377 2054 397 2088 1
432 2051 647 2101 Dionysius
680 2051 807 2089 Halic.
835 2063 849 2088 1
876 2052 943 2100 87,
970 2053 996 2089 4
1034 2052 1231 2090 Diodorus
1267 2064 1344 2090 exe.
1371 2064 1444 2091 vm
1465 2053 1503 2100 4,
1525 2054 1548 2090 2
1583 2052 1732 2102 exiguis

166 2110 498 2148 intercedentibus
525 2110 758 2148 differentiis
783 2110 1042 2148 tradiderunt.
1070 2111 1247 2149 Eandem
1273 2112 1426 2149 secutus
1447 2113 1533 2149 erat
1551 2111 1732 2161 princeps

168 2171 342 2207 omnium
369 2169 533 2207 Ennius.
565 2169 618 2207 Et
648 2182 804 2207 murum
835 2171 1121 2208 contemnentis
1150 2170 1264 2208 Remi
1295 2182 1377 2208 esse
1409 2172 1575 2219 apparet
1606 2171 1731 2209 excla-

167 2229 382 2266 mationem
409 2223 572 2281 (xnvm)
599 2228 790 2276 Iuppiter,
820 2231 863 2266 ut
892 2240 1004 2267 muro
1032 2230 1155 2277 fretus
1179 2231 1304 2278 mamis
1326 2230 1490 2277 quamde
1515 2242 1657 2269 marcus
1681 2232 1732 2275 vi,

167 2287 208 2325 in
246 2301 326 2337 qua
363 2288 468 2337 quod
506 2283 566 2341 (in
597 2282 704 2339 adn.)
738 2287 821 2325 dixi
851 2289 972 2336 fretus
1005 2300 1087 2326 esse
1118 2290 1240 2337 fretus
1273 2301 1328 2334 es,
1365 2289 1406 2326 id
1440 2301 1519 2327 non
1556 2302 1732 2328 necessa-

168 2348 271 2385 rium
296 2350 335 2385 et
360 2347 527 2386 fortasse
552 2360 690 2385 verum
714 2359 793 2385 non
819 2349 894 2385 est:
929 2349 1086 2397 poterat
1118 2349 1222 2386 enim
1253 2348 1312 2386 ita
1343 2348 1653 2387 admirabundus
1685 2349 1731 2387 de

168 2406 338 2445 Romulo
370 2408 439 2456 qui
471 2419 574 2445 nunc
599 2419 666 2444 rex
692 2408 752 2445 est
777 2406 904 2445 dicere
929 2407 971 2444 in
998 2407 1194 2456 colloquio
1220 2420 1309 2445 cum
1334 2409 1463 2446 nescio
1491 2421 1566 2458 quo
1594 2409 1732 2457 altero,

168 2467 278 2503 cuius
304 2466 425 2504 etiam
449 2478 682 2515 responsum
707 2465 865 2504 videtur
885 2460 1018 2519 (XLIX)
1044 2465 1100 2504 At
1118 2469 1159 2504 tu
1176 2478 1256 2505 nou
1274 2469 1318 2505 ut
1335 2479 1423 2505 sum
1441 2479 1636 2506 summam
1654 2479 1732 2506 ser-

167 2536 260 2563 vare
285 2525 387 2564 decet
409 2537 502 2570 rem,
534 2537 611 2574 quo
637 2526 671 2563 is
699 2525 846 2576 regerit
876 2526 1211 2575 vituperationem
1244 2527 1359 2565 Remi
1391 2529 1430 2565 et
1459 2527 1564 2578 regis
1596 2539 1731 2565 curam

169 2584 333 2622 extollit.
359 2585 473 2622 Remi
497 2585 704 2622 interitum
730 2584 881 2622 indicat
906 2596 940 2622 L.

286 2643 349 2681 Ad
380 2644 540 2693 raptum
572 2643 810 2682 Sabinarum
843 2644 912 2693 qui
943 2646 1048 2682 certo
1080 2645 1274 2683 referatur
1306 2657 1441 2683 versus
1473 2657 1575 2682 unus
1615 2657 1732 2693 super

170 2704 228 2740 est
254 2696 360 2756 (nn),
386 2703 432 2741 de
459 2715 536 2752 quo
561 2704 604 2740 in
630 2703 718 2741 adn.
740 2703 832 2752 dixi,
858 2716 904 2740 ex
929 2704 1090 2742 incertis
1116 2704 1191 2742 huc
1216 2705 1390 2754 pertinet
1412 2705 1579 2742 fortasse
1598 2716 1624 2743 v
1644 2704 1730 2742 coll.

169 2761 361 2811 Dionysio
387 2762 515 2800 Halic.
535 2775 566 2800 Π
587 2763 654 2810 32,
677 2765 698 2800 1
724 2759 776 2808 ὡς
797 2759 837 2800 δὲ
858 2761 1052 2813 διεβοήθη
1071 2761 1117 2801 τὰ
1138 2762 1226 2815 περὶ
1244 2761 1317 2813 τὴν
1336 2761 1518 2814 ἁρπαγὴν
1537 2767 1614 2800 τῶν
1634 2775 1730 2814 παρ-

168 2818 300 2859 θένων
326 2819 391 2859 καὶ
416 2820 461 2859 τὰ
487 2820 575 2874 περὶ
600 2820 691 2867 τοὺς
716 2820 866 2873 γάμους
893 2821 948 2867 εἰς
973 2820 1042 2868 τὰς
1066 2821 1361 2874 πλησιοχώρους
1387 2820 1527 2867 πόλεις.

286 2879 382 2918 Post
403 2893 578 2930 pugnam
599 2879 900 2918 Caeninensium
920 2893 965 2919 ex
986 2880 1222 2920 Sabinarum
1242 2880 1471 2919 calamitate
1490 2881 1626 2918 natam
1645 2879 1731 2919 Iovi

1481 2945 1517 2979 l*
1550 2954 1552 2956 ·
