2054 3282
801 183 998 217 TELAMO
1598 183 1619 224 1
1627 183 1681 224 79

123 305 207 346 318
241 303 352 346 Nam
386 304 419 345 si
452 307 612 358 curent,
639 304 744 346 bene
771 304 894 346 bonis
915 305 982 358 sit,
1002 303 1112 345 male
1132 303 1268 358 malis,
1289 304 1403 359 quod
1424 318 1535 345 nunc
1555 303 1684 345 abest.

123 447 208 488 319
360 446 647 500 superstitiosi
673 452 789 488 vates
817 446 1155 501 mpudentesque
1181 446 1348 500 harioli,

240 516 329 559 Aut
361 517 519 559 inertes
546 520 620 558 aut
646 517 784 559 insani
811 520 884 558 aut
910 517 1065 572 quibus
1092 520 1257 572 egestas
1284 517 1476 571 imperat⁷

241 587 323 638 Qui
349 588 431 629 sibi
458 588 653 630 semitam
680 603 766 629 non
793 588 975 642 sapiunt,
1002 588 1125 629 alteri
1151 590 1392 629 monstrant
1418 588 1542 641 viani,

122 659 207 700 322
241 658 404 709 Quibus
431 659 601 701 divitias
627 658 895 713 poHicentur,
922 659 974 700 ab
1000 659 1061 700 iis
1082 659 1356 700 drachumam
1382 658 1465 713 ipsi
1491 662 1655 713 petunt.

239 730 303 772 De
329 730 396 772 his
422 730 584 772 divitiis
611 730 694 772 sibi
720 730 930 772 deducant
956 730 1244 780 drachumam,
1269 730 1448 771 reddant
1474 732 1624 772 cetera.

121 924 185 947 cur
196 912 234 946 di
245 912 413 947 homines
424 911 628 957 neglegant
635 923 760 948 «nam.
773 940 778 945 .
791 940 797 946 .
808 912 936 948 abest»
946 913 1070 957 (318).’
1148 912 1251 946 Idem
1263 911 1308 945 de
1321 911 1392 945 div.
1404 924 1415 945 1
1427 914 1482 954 58,
1494 915 1559 946 132
1574 912 1686 946 ‘nunc

120 965 188 1000 illa
206 964 384 1009 testabor,
403 976 476 1000 non
497 975 556 999 me
577 965 773 1010 sortilegos
793 975 913 1009 neque
934 976 1007 1009 eos,
1027 965 1092 1010 qui
1113 966 1290 1010 quaestus
1316 975 1430 999 causa
1455 964 1687 1000 hariolentur

122 1047 128 1053 .
143 1047 149 1053 .
165 1047 170 1053 .
184 1029 395 1064 agnoscere,
406 1030 482 1054 non
494 1018 614 1053 habeo
630 1018 790 1063 denique
804 1018 915 1053 nauci
925 1018 1089 1053 Marsum
1104 1029 1293 1064 augurem,
1306 1030 1379 1053 non
1393 1018 1543 1053 vicanos
1557 1018 1686 1052 harus-

119 1073 232 1118 pices,
253 1084 327 1107 non
347 1072 393 1106 de
413 1072 510 1107 circo
532 1071 750 1117 astrologos,
764 1083 838 1107 non
851 1071 988 1107 Isiacos
1003 1072 1241 1115 coniectores,
1256 1083 1330 1107 non
1350 1071 1570 1117 interpretes
1592 1083 1686 1107 som-

120 1126 275 1161 niorum.
291 1137 365 1160 non
385 1125 483 1160 enim
504 1126 591 1160 sunt
608 1125 648 1159 hi
666 1127 731 1160 aut
745 1125 903 1160 scientia
916 1127 982 1160 aut
996 1126 1075 1160 arte
1089 1125 1206 1160 divini
1220 1125 1285 1160 sed
1300 1125 1574 1170 «superstitiosi
1589 1127 1686 1171 (319)

122 1207 127 1213 .
143 1207 148 1213 .
166 1207 172 1213 .
188 1180 311 1214 cetera
325 1180 457 1225 (323>».
472 1180 585 1224 atque
605 1178 698 1214 haec
717 1178 869 1223 quid-em
888 1179 1041 1222 Ennius,
1062 1179 1127 1223 qui
1145 1178 1275 1224 paucis
1297 1179 1384 1213 ante
1404 1178 1569 1213 versibus
1585 1189 1687 1214 «esse

121 1233 232 1269 deos»
253 1233 388 1275 censet,
410 1232 499 1269 «sed
519 1242 580 1267 eos
607 1243 681 1267 non
708 1243 835 1267 curare
861 1233 1038 1277 opinatur
1057 1232 1148 1276 quid
1175 1234 1265 1277 agat
1290 1232 1495 1266 humanum
1515 1232 1684 1277 genus».'

119 1285 308 1320 Ennianos
322 1296 447 1320 versus
462 1296 484 1320 a
497 1285 618 1320 verbis
632 1286 711 1320 ‘sed
726 1286 990 1331 superstitiosi’
1004 1285 1169 1330 incipere
1182 1285 1369 1320 intellexit
1378 1284 1546 1328 Bothius,
1561 1296 1687 1319 verum

122 1339 228 1374 ‘sed’
244 1349 391 1384 quoque
412 1338 598 1374 Ciceronis
619 1349 697 1374 esse
717 1339 844 1384 potius
865 1350 977 1384 quam
997 1339 1108 1373 Ennii
1128 1339 1284 1373 videtur.
1384 1338 1486 1373 Haec
1506 1338 1552 1373 de
1573 1338 1629 1373 dis
1650 1339 1687 1373 et

120 1392 266 1427 vatibus
285 1403 405 1437 paene
425 1404 498 1428 uno
518 1394 646 1427 tenore
667 1403 689 1427 a
702 1392 903 1428 Telamone
922 1392 1167 1438 pronuntiata
1187 1392 1365 1427 credibile
1380 1392 1437 1426 est
1450 1391 1583 1426 Teucri
1601 1403 1685 1426 nar-

119 1445 263 1480 ratione
285 1446 330 1480 de
349 1446 468 1481 morte
484 1445 609 1480 Aiacis
630 1445 689 1491 (cf.
709 1446 757 1480 ad
776 1448 830 1491 111)
851 1447 953 1481 mota
973 1446 1081 1490 eique
1102 1445 1276 1490 opposita
1297 1456 1391 1480 esse:
1415 1446 1514 1480 certe
1535 1455 1685 1479 causam

120 1510 246 1534 eorum
273 1510 317 1533 ex
343 1498 536 1543 Sophoclis
556 1498 671 1534 Aiace
698 1499 879 1544 suspicari
905 1499 1004 1542 licet,
1032 1510 1144 1544 quam
1169 1499 1404 1544 tragoediam
1430 1498 1542 1533 Ennii
1569 1498 1685 1533 menti

120 1552 354 1587 obversatam
367 1563 446 1586 esse
460 1553 646 1596 quaedam
660 1552 819 1598 vestigia
832 1553 1002 1587 indicant
1016 1553 1074 1598 (cf.
1090 1565 1112 1587 v
1127 1553 1164 1587 et
1181 1555 1262 1597 vn):
1284 1563 1380 1596 quae
1401 1551 1500 1586 enim
1520 1552 1574 1586 ibi
1594 1564 1686 1586 nun-

119 1606 194 1640 tius
214 1606 260 1640 de
281 1605 495 1640 Calchantis
515 1605 702 1640 vaticiniis
728 1606 842 1641 refert
863 1610 929 1641 746
951 1606 988 1640 et
1008 1617 1030 1640 a
1051 1609 1129 1640 750.
1146 1609 1213 1640 758
1234 1606 1280 1640 τὰ
1301 1605 1370 1651 γὰρ
1390 1605 1548 1649 περισσὰ
1574 1604 1687 1640 κάνό-

119 1672 211 1704 νητα
233 1660 382 1704 σώματα
401 1657 551 1694 πίπτειν
565 1657 733 1705 βαρείαις
746 1659 839 1703 πρὸς
856 1662 959 1694 θεῶν
980 1657 1227 1703 δυσπραξίαις
1248 1656 1381 1704 ἔφασχ’
1400 1658 1418 1693 ὁ
1434 1658 1574 1703 μάντις,
1591 1657 1688 1700 ὅστις

120 1712 327 1756 ἀνθρώπου
353 1712 467 1757 φύσιν
494 1712 659 1758 βλαστὼν
687 1712 812 1748 ἔπειτα
838 1712 886 1758 μὴ
912 1710 995 1747 κατ’
1026 1712 1232 1756 ἄνθρωπον
1260 1718 1395 1757 φρονεῖ
1420 1723 1507 1756 eqs.,
1528 1713 1566 1746 et
1591 1723 1687 1756 quae

119 1765 315 1800 Tecmessa
341 1766 533 1800 cruentum
559 1765 712 1800 Aiacem
737 1766 954 1811 conspicata
979 1765 1207 1800 lamentatur
1230 1769 1299 1800 950
1327 1766 1394 1800 οὐκ
1421 1764 1469 1800 ἂν
1494 1763 1579 1801 τάδ’
1603 1766 1687 1811 ἔστη

118 1821 206 1865 τῇδε
226 1818 273 1864 μὴ
293 1821 395 1854 θεῶν
415 1818 522 1864 μέτα;
542 1823 610 1854 952
626 1830 678 1864 sq.
694 1820 732 1854 et
745 1823 825 1863 970,
841 1831 937 1864 quae
954 1819 1115 1864 denique
1129 1819 1269 1854 Teucer
1282 1819 1363 1864 ipse
1378 1819 1424 1854 de
1437 1818 1547 1853 huius
1562 1819 1688 1854 caedis

121 1872 241 1907 causis
268 1872 386 1915 affert,
407 1873 509 1907 velut
530 1875 620 1907 1036
642 1873 710 1918 ἐγὼ
736 1872 802 1918 μὲν
828 1871 875 1908 ἂν
900 1873 965 1908 καὶ
988 1879 1105 1908 ταῦτα
1132 1873 1197 1907 καὶ
1218 1872 1264 1908 τὰ
1287 1870 1399 1908 πάντ’
1424 1872 1482 1907 ἀεὶ
1502 1870 1683 1917 φάσκοιμ’

121 1923 167 1960 ἂν
193 1926 429 1970 ἀνθρώποισι
455 1932 624 1972 μηχανᾶν
645 1926 777 1967 θεούςε
804 1926 862 1961 his
889 1926 1028 1961 similes
1053 1937 1111 1962 res
1138 1927 1176 1961 et
1201 1937 1329 1961 sensus
1350 1926 1381 1960 si
1401 1926 1542 1961 Teucer
1560 1926 1600 1960 in
1620 1937 1688 1960 sua

119 1979 298 2015 memoria
318 1979 507 2022 attulerat,
528 1979 568 2013 111
587 1981 763 2024 promptu
783 1980 849 2022 est,
871 1991 946 2024 qua
965 1990 1003 2014 re
1023 1979 1187 2022 Telamo,
1209 1979 1274 2024 qui
1295 1979 1477 2014 Teucrum
1499 1979 1687 2014 fraternae

120 2032 221 2066 necis
242 2033 432 2067 auctorem
452 2042 532 2067 esse
552 2032 624 2066 sibi
643 2032 830 2077 persuasit
843 2034 887 2077 (v.
903 2034 979 2078 v11),
994 2032 1062 2067 illa
1081 2033 1127 2067 de
1149 2032 1206 2066 dis
1227 2034 1265 2067 et
1284 2032 1432 2066 vatibus
1454 2043 1537 2067 cum
1558 2032 1686 2067 contu-

120 2085 233 2120 melia
253 2084 417 2120 effutiat:
438 2085 503 2129 qui
523 2085 570 2120 de
588 2085 736 2120 vatibus
751 2085 866 2120 sentit
878 2096 994 2130 prope
1013 2086 1056 2120 ut
1070 2085 1234 2130 Oedipus
1250 2087 1345 2130 (387)
1361 2086 1407 2120 de
1421 2085 1566 2120 Tiresia
1579 2085 1688 2130 ὑφεὶς

121 2138 240 2184 μάγον
265 2137 411 2174 τοιόνδε
437 2137 741 2184 μηχανορράφον,
761 2138 887 2174 δόλιον
907 2138 1081 2184 ἀγύρτην,
1103 2137 1203 2179 ὅστις
1222 2139 1261 2174 ἐν
1280 2144 1359 2179 τοῖς
1384 2136 1553 2182 κέρδεσιν
1572 2137 1687 2184 μόνον

122 2190 286 2235 δέδορκε,
305 2191 373 2237 τὴν
392 2190 523 2237 τέχνην
543 2188 579 2227 δ’
598 2191 669 2236 ἔφυ
688 2190 835 2236 τυφλός.
858 2191 960 2234 Quae
980 2202 1064 2227 vero
1079 2191 1220 2227 Teucer
1239 2192 1340 2237 apud
1359 2191 1580 2236 Sophoclem
1596 2195 1686 2226 1026

122 2256 199 2290 sqq.
216 2246 262 2279 de
281 2244 420 2279 mutuis
441 2245 548 2280 donis
562 2245 688 2279 Aiacis
708 2246 746 2279 et
761 2245 931 2280 Hectoris
953 2246 990 2280 et
1010 2245 1055 2279 de
1069 2245 1240 2280 Hectoris
1260 2245 1356 2280 ferro
1377 2244 1503 2280 Aiacis
1524 2244 1687 2280 occisore

121 2300 258 2342 narrat,
285 2308 329 2333 ea
354 2298 485 2333 fabula
510 2297 749 2334 Telamonem
778 2298 930 2333 minime
958 2299 1101 2334 motum
1130 2309 1210 2334 esse
1236 2299 1327 2343 quin
1354 2298 1537 2333 Teucrum
1561 2298 1687 2344 patria

121 2351 367 2396 propulsaret,
382 2351 575 2396 Lycophro
590 2351 707 2386 tradit
720 2351 822 2386 Alex.
838 2355 906 2386 462
930 2352 973 2386 οὐ
994 2350 1063 2396 γάρ
1084 2365 1118 2387 τι
1138 2350 1257 2387 πείσει
1278 2357 1400 2396 φῖτυν,
1421 2351 1470 2392 ὡς
1489 2351 1508 2386 ὁ
1522 2351 1687 2397 Λήμνιος

121 2404 285 2450 πρηστὴρ
302 2403 459 2445 Ἐνυοῦς
480 2434 509 2439 ..
531 2404 822 2450 δυσμενεστάτου
848 2403 961 2447 ξένων
988 2405 1100 2450 ἔτυψε
1125 2406 1230 2453 δώρῳ
1258 2404 1479 2451 σπλάγχνον,
1505 2405 1688 2449 ἀρνεύσας

121 2457 256 2502 λυγρὸν
270 2457 422 2503 πήδημα
436 2457 529 2502 πρὸς
541 2458 749 2499 κνώδοντος
762 2458 992 2504 αὐτουργοὺς
1005 2457 1167 2503 σφαγάς
1181 2458 1244 2506 ἐλᾷ
1259 2457 1300 2495 δὲ
1313 2457 1458 2502 πάτρας
1469 2460 1553 2503 τῆλε
1564 2461 1687 2503 Τραμ-

122 2511 235 2557 βήλου
255 2510 374 2546 κάσιν.
391 2510 443 2546 Cf.
459 2511 507 2546 ad
527 2511 601 2546 fab.
617 2511 687 2546 inc.
703 2524 778 2545 xm.

243 2683 325 2720 322
353 2684 402 2721 iis
423 2684 513 2721 olim
532 2694 646 2721 eorm
665 2683 726 2720 his
859 2683 1058 2721 dracmam
1081 2685 1184 2723 Voss.
1199 2682 1238 2721 A
1258 2684 1471 2722 drachman
1496 2684 1563 2721 sed
1589 2694 1685 2721 corr.

124 2741 333 2791 dragssma*
352 2743 456 2781 Voss.
472 2742 510 2780 Β
530 2742 735 2793 dragmam
751 2742 863 2780 vind,
985 2744 1068 2781 323
1095 2745 1128 2782 is
1151 2744 1255 2782 Voss.
1271 2743 1310 2780 Β
1431 2742 1686 2780 drachumam

129 2801 233 2839 Voss.
247 2799 297 2851 A,
312 2813 406 2839 corr.
422 2802 621 2840 dracmam
644 2802 755 2840 Vinci.
777 2801 1041 2840 Drachumam
1061 2804 1128 2841 sed
1147 2814 1243 2841 corr.
1264 2803 1512 2852 Dragssssma*
1530 2801 1633 2839 Voss.
1645 2801 1686 2838 Β

241 2860 303 2898 De
327 2872 421 2899 vera
445 2862 561 2900 huius
585 2862 752 2899 nominis
776 2862 925 2900 ratione
946 2862 1032 2900 vide
1053 2862 1301 2901 Ritsckelsium
1320 2862 1579 2909 disputantem
1599 2871 1684 2908 opp.

124 2931 155 2956 11
167 2931 210 2967 p.
232 2918 315 2968 469
336 2931 414 2968 sqq.

1332 2986 1402 3020 12²³<
