2004 3278
268 211 381 247 CXVI
822 211 848 246 1.
875 209 1106 247 HISTORIA
1121 209 1259 246 ENNII

266 325 331 362 vel
357 325 546 373 quattuor
570 323 635 361 vel
660 323 757 362 adeo
784 323 958 372 quinque
982 335 1180 373 versuum,
1203 325 1250 362 ut
1273 324 1381 363 locos
1407 336 1642 375 componere
1661 325 1827 364 01111110-

267 384 323 422 cis
354 383 548 431 instituit,
586 383 627 420 et
658 394 759 432 quae
788 382 863 421 hoc
894 383 1059 421 consilio
1091 383 1247 431 attulit,
1283 395 1331 421 ea
1362 396 1518 433 quoque
1549 385 1684 422 omnia
1714 397 1828 423 nemo

267 442 617 492 grammaticorum
654 442 734 480 nisi
762 441 987 480 Macrobius
1025 441 1075 480 ad
1108 443 1286 481 nostram
1316 444 1549 481 memoriam
1579 444 1829 494 propagavit.

266 501 447 550 Denique
474 500 580 550 quod
605 500 655 538 ad
680 500 846 539 eandem
870 501 1024 550 partem
1048 502 1234 550 pertinet,
1258 502 1301 539 in
1327 502 1500 540 extremo
1531 503 1662 551 capite
1689 497 1733 556 (a
1753 497 1829 556 30)

266 560 422 598 omissis
441 559 631 608 versibus,
651 572 748 609 quos
768 562 814 598 ut
832 561 950 599 nimis
970 561 1115 599 multos
1136 560 1273 598 afferre
1286 561 1451 611 longum
1464 562 1577 610 esset,
1597 563 1831 612 argumenta

267 618 462 668 quaedam
487 620 673 658 carminis
691 618 866 658 breviter
885 619 1136 670 significavit,
1163 632 1263 669 quae
1283 620 1462 671 Vergilio
1482 632 1572 658 cum
1591 621 1682 659 aliis
1701 615 1830 670 poetis

266 679 490 717 communia
521 680 660 717 essent.
699 679 758 716 Ex
791 678 932 728 quibus
958 679 1080 716 Ennii
1108 681 1200 718 sunt
1223 679 1321 717 haec
1347 692 1447 728 quae
1473 679 1611 718 scribit
1636 680 1709 718 32:
1740 681 1830 719 item

267 737 314 775 de
337 738 524 776 Pandaro
556 741 591 776 et
614 738 727 776 Bitia
758 738 1019 786 aperientibus
1042 741 1181 786 portas
1207 733 1323 791 (Aen.
1344 750 1386 776 1x
1408 738 1491 776 669
1501 733 1606 791 31111.)
1638 739 1743 777 locus
1768 751 1830 778 ac-

266 799 394 844 ceptus
420 799 475 835 est
499 809 543 836 ex
567 797 666 835 libro
691 798 823 845 quinto
848 797 992 836 decimo
1018 793 1094 849 [rv]
1123 798 1260 842 Ennii,
1286 799 1353 846 qui
1376 798 1533 836 induxit
1550 798 1708 836 Histros
1733 798 1830 836 duos

266 857 310 894 in
334 856 530 894 obsidione
555 858 727 904 erupisse
744 859 864 904 porta
889 859 923 895 et
945 859 1112 905 straqem
1137 857 1183 895 de
1207 857 1400 895 obsidente
1424 857 1527 895 hoste
1544 858 1689 905 fecisse.
1721 856 1830 895 Haec

267 927 422 963 quoque
447 916 564 953 unius
593 915 786 953 Macrobii
810 914 886 953 fide
914 917 1108 964 nituntur,
1142 917 1210 964 qui
1241 915 1432 965 quosdam
1460 928 1595 955 versus
1626 916 1829 954 Ennianos

266 986 312 1011 ex
342 974 417 1012 hac
447 976 561 1023 parte
594 975 798 1012 annalium
822 977 1027 1025 promptos
1051 975 1172 1024 paulo
1197 977 1288 1024 post
1314 975 1394 1013 alia
1420 975 1467 1012 de
1493 987 1612 1014 causa
1635 976 1829 1025 perscrip-

265 1034 327 1071 sit.
360 1033 520 1071 Etenim
551 1046 597 1071 ex
629 1046 675 1071 ea
706 1034 924 1083 partitione
955 1047 1087 1072 rerum
1119 1046 1238 1083 quam
1269 1035 1362 1071 iniit
1393 1035 1523 1083 capite
1548 1036 1668 1073 tertio
1693 1047 1828 1073 versus

264 1092 462 1142 disceptat
499 1105 596 1142 quos
627 1092 830 1144 Vergilius
867 1093 994 1131 videri
1030 1094 1190 1142 poterat
1223 1106 1269 1130 ex
1299 1093 1465 1131 Homeri
1495 1093 1734 1132 carminibus
1765 1106 1828 1132 ex·

264 1153 463 1201 pressisse,
495 1152 563 1190 sed
589 1164 686 1201 quos
713 1154 805 1190 ante
830 1165 920 1190 eum
945 1153 1165 1201 superiores
1190 1154 1332 1201 poetae
1357 1152 1527 1190 Romani
1551 1153 1830 1191 transtulerint

266 1223 311 1248 ex
339 1210 498 1249 Graeco.
526 1210 702 1256 Quorum
720 1211 872 1250 Ennius
899 1212 975 1260 est3
1001 1211 1048 1249 de
1074 1224 1151 1261 quo
1171 1212 1268 1250 haec
1286 1211 1407 1249 habet
1425 1211 1648 1250 Macrobius
1669 1205 1714 1264 (2
1724 1206 1828 1264 sqq.)

264 1270 460 1308 Homerus
492 1270 539 1309 de
562 1269 701 1308 Aiacis
731 1272 824 1318 forti
847 1283 988 1319 puyna
1019 1272 1076 1309 ait
1100 1265 1253 1323 (11.xv1
1277 1271 1357 1308 102
1368 1265 1471 1323 sqq.)
1504 1269 1606 1316 Αἴας
1637 1265 1671 1308 δ’
1704 1265 1825 1309 οὐκέτ’

267 1327 402 1379 ἔμιμνε
428 1342 506 1378 0113.
532 1330 634 1368 hunc
658 1330 783 1368 locum
803 1330 962 1368 Ennius
985 1331 1029 1368 in
1054 1331 1186 1378 qwinto
1206 1330 1349 1368 decimo
1371 1325 1450 1381 [VI]
1470 1330 1522 1368 ad
1533 1342 1714 1379 puynam
1735 1329 1829 1369 an-

264 1388 309 1426 lii
339 1389 488 1427 tribusni
518 1389 578 1427 his
609 1389 783 1427 versibus
814 1390 1001 1437 transfert
1026 1385 1212 1437 ‘undique
1239 1385 1483 1427 conveniwnt’
1511 1401 1590 1438 eqs.
1616 1390 1706 1427 hinc
1738 1389 1828 1427 Ver—

260 1448 380 1495 qilius
412 1448 573 1486 eundem
603 1448 729 1486 locwm
762 1449 808 1487 de
838 1449 987 1487 incluso
1023 1449 1154 1486 Turno
1187 1450 1319 1496 qratia
1356 1448 1583 1496 eleqantiore
1620 1450 1829 1496 composuit

264 1501 380 1559 (Aen.
400 1519 442 1544 ix
464 1507 547 1546 803
561 1501 676 1558 sqq).
703 1507 812 1545 Haec
838 1509 943 1545 enim
969 1520 1069 1557 quae
1095 1520 1198 1546 nunc
1223 1508 1269 1546 de
1293 1507 1441 1546 incluso
1470 1507 1602 1545 Turno
1627 1507 1726 1546 dicit
1749 1520 1828 1545 non

264 1566 420 1605 diversa
451 1568 521 1604 aut
551 1566 750 1605 disiuncta
781 1568 873 1605 sunt
904 1566 953 1604 ab
982 1568 1032 1605 iis
1065 1579 1166 1616 quae
1197 1579 1318 1616 supra
1348 1567 1394 1605 de
1424 1567 1611 1605 Pandaro
1651 1570 1686 1605 et
1715 1567 1827 1605 Bitia

265 1626 526 1673 aperientibus
538 1628 677 1673 portas
697 1620 812 1678 (Aen.
826 1638 870 1663 rx
886 1626 968 1664 669
978 1620 1083 1679 sqq.)
1102 1625 1358 1676 significarat,
1378 1626 1418 1663 et
1436 1627 1482 1663 ut
1499 1625 1596 1664 haec
1614 1627 1673 1663 ita
1692 1638 1827 1664 versus

264 1684 386 1722 Ennii
415 1686 523 1733 ipsos
554 1685 632 1723 nisi
656 1684 880 1723 Macrobius
912 1697 1026 1723 nemo
1054 1685 1268 1722 memoriae
1293 1684 1480 1734 prodidit.
1518 1684 1702 1722 Alterum
1727 1686 1827 1723 eius-

263 1743 353 1781 dem
378 1744 532 1794 genen's
558 1744 780 1793 exemplum
806 1744 966 1782 additur
988 1746 1076 1793 7sq.
1097 1744 1306 1782 Homerica
1325 1744 1529 1792 descriptio
1548 1746 1603 1782 est
1621 1745 1707 1792 equi
1724 1745 1828 1792 fugi-

264 1804 360 1841 entis
385 1804 429 1841 in
452 1804 545 1841 haee
569 1803 686 1841 verba
705 1798 770 1856 (Π.
790 1816 832 1842 VI
854 1797 958 1856 506)
985 1800 1037 1849 ὡς
1057 1798 1094 1840 δ’
1118 1801 1179 1841 ὅτε
1198 1816 1255 1848 τις
1274 1801 1410 1848 στατὸς
1430 1802 1548 1849 ἵππος
1568 1815 1646 1852 0113.
1668 1803 1827 1841 Ennius

262 1863 352 1901 hinc
376 1863 497 1901 traxit
515 1859 566 1900 ‘et
582 1865 664 1900 tum
681 1864 781 1901 sicut
799 1859 932 1910 equus'
953 1874 1030 1911 eqs.
1059 1862 1251 1910 Veryilius
1275 1856 1390 1914 (Aen.
1411 1874 1452 1899 xl
1472 1856 1577 1914 492)
1599 1858 1741 1910 ‘qualis
1760 1863 1828 1901 ubi

192 1915 196 1918 ⁴
264 1922 441 1969 abruptis
471 1922 574 1970 suffit
595 1923 807 1969 praesepia
837 1918 989 1960 vinclis’
1023 1924 1058 1959 et
1087 1923 1219 1960 cetera.
1258 1920 1367 1959 Haec
1401 1933 1555 1970 quoque
1580 1922 1723 1960 testem
1747 1934 1827 1959 non

262 1980 411 2018 habent
441 1981 518 2019 nisi
548 1994 671 2018 unum
696 1980 957 2029 Macrobium‚
990 1981 1058 2030 qui
1084 1981 1203 2019 semel
1227 1981 1386 2029 praeter
1416 1980 1738 2018 consuetudinem
1759 1993 1827 2018 an-

263 2040 415 2078 nalium
439 2039 586 2078 librum
611 2053 690 2078 non
719 2040 890 2090 addidit3
922 2052 1043 2089 quare
1075 2040 1118 2077 hi
1148 2052 1283 2079 versus
1315 2039 1410 2077 ferri
1441 2052 1519 2078 non
1553 2041 1719 2088 possunt
1749 2041 1827 2078 nisi

263 2100 306 2136 in
332 2100 537 2138 annalium
561 2099 674 2138 libris
699 2100 860 2138 incertis
890 2097 961 2149 [12]

381 2158 473 2197 Non
496 2159 721 2208 relinquam
745 2159 819 2197 hoc
844 2160 965 2208 caput
986 2159 1161 2207 tertium,
1188 2159 1283 2207 quin
1302 2157 1421 2196 verbo
1441 2157 1581 2206 dicam,
1607 2171 1656 2196 ne
1674 2157 1824 2196 Macro-

263 2217 373 2256 bium
400 2218 571 2267 quidem,
597 2230 838 2267 quamquam
865 2220 1047 2268 apertum
1071 2219 1131 2256 est
1157 2219 1308 2266 quanta
1332 2219 1372 2255 et
1398 2230 1516 2266 quam
1541 2219 1715 2266 pretiosa
1733 2230 1826 2267 pars

264 2278 524 2326 reliquiarum
543 2277 817 2316 Ennianarum
842 2290 912 2327 per
936 2279 1053 2316 unius
1078 2276 1317 2315 industriam
1337 2278 1533 2325 superstes
1553 2277 1617 2324 sit,
1642 2276 1826 2315 Enniana

261 2338 399 2374 omnia
425 2349 526 2386 quae
550 2337 710 2386 poterat
735 2338 979 2387 expiscatum
1004 2349 1097 2375 esse.
1137 2336 1297 2373 Etenim
1324 2329 1389 2388 (5)
1417 2348 1517 2384 quae
1543 2335 1658 2373 affert
1680 2335 1825 2374 Home-

263 2397 346 2434 rica
371 2393 489 2442 ἀσπὶς
513 2390 572 2447 ἄρ’
606 2391 739 2434 ἀσπίδ’
774 2394 894 2448 ἔρειδε
925 2409 992 2446 0113
1025 2390 1089 2449 (Π.
1110 2407 1185 2432 xm
1207 2389 1329 2447 131),
1366 2395 1415 2432 iis
1447 2394 1559 2432 Furii
1589 2406 1746 2433 versum
1777 2394 1824 2432 de

266 2455 407 2503 quarto
440 2455 577 2493 annali
603 2451 818 2503 ‘pressatur
835 2456 935 2503 pede
952 2467 1043 2503 pes,
1073 2464 1205 2492 mucro
1230 2464 1422 2497 mucrone,
1451 2454 1536 2491 viro
1560 2449 1637 2491 vir'
1664 2454 1704 2491 et
1727 2453 1824 2491 Ver-

264 2514 355 2563 81111
381 2508 496 2566 (Αο11.
517 2526 542 2551 x
564 2508 668 2566 360)
697 2511 842 2553 ‘haeret
851 2515 951 2562 pede
962 2525 1036 2562 pes
1054 2514 1268 2561 densusque
1291 2514 1376 2550 viro
1400 2508 1476 2550 vir'
1504 2511 1747 2561 subscripsit,
1773 2513 1824 2550 si-

264 2573 371 2610 milis
386 2572 560 2611 Enniani
579 2585 658 2611 non
677 2574 859 2611 meminit
879 2568 987 2626 (ann.
1004 2566 1108 2625 572)
1130 2569 1211 2620 ‘pes
1216 2572 1411 2620 premitur
1415 2571 1516 2619 pede
1530 2572 1698 2609 etarmis
1711 2583 1825 2609 arma

264 2628 469 2675 teruntur',
494 2644 572 2670 non
597 2633 725 2682 magis
750 2632 879 2670 hercle
906 2645 1025 2681 quam
1045 2626 1111 2684 (6)
1137 2644 1226 2670 cum
1244 2630 1408 2669 Homeri
1432 2630 1563 2668 versui
1583 2626 1647 2683 (Π.
1666 2642 1698 2667 11
1718 2625 1822 2683 489)

264 2685 352 2728 οὐδ’
386 2689 427 2728 εἴ
452 2704 518 2740 μοι
549 2688 642 2729 δέκα
667 2688 738 2741 μὲν
762 2693 931 2743 γλῶσσαι
956 2703 1024 2740 0113
1054 2690 1241 2729 Hostium
1270 2691 1430 2740 poetam
1457 2690 1501 2727 in
1531 2689 1628 2727 libro
1658 2689 1824 2727 semmdo

265 2750 353 2787 belli
377 2750 544 2788 Histrici
568 2750 754 2788 similiter
778 2750 973 2788 dicentem
999 2747 1092 2788 ‘non
1121 2751 1157 2788 si
1187 2750 1283 2787 mihi
1314 2749 1471 2797 linquae
1501 2745 1664 2786 centum’
1686 2760 1754 2797 eqs
1785 2749 1825 2785 et

264 2808 487 2859 Vergilium
513 2803 573 2861 (VI
594 2803 698 2862 625)
731 2810 900 2847 contulit
932 2806 1024 2847 ‘non
1050 2810 1147 2847 mihi
1169 2810 1205 2847 si
1229 2809 1386 2857 linquae
1409 2803 1573 2846 eentum’
1595 2819 1673 2855 eqs,
1703 2806 1825 2844 Ennii

265 2879 421 2905 versum
448 2862 556 2920 (ann.
580 2862 683 2920 561)
711 2864 804 2906 ‘non
827 2870 864 2907 si
894 2869 1030 2917 linqua
1060 2868 1165 2917 loqui
1194 2863 1357 2915 saperet'
1385 2879 1452 2916 eqs
1477 2878 1627 2903 memor
1651 2866 1823 2904 sustulit.

292 2933 295 2936 “
383 2926 507 2966 Α111111
538 2939 659 2977 8011113
686 2929 745 2965 est
771 2940 905 2965 eorum
932 2940 1032 2977 quae
1058 2939 1141 2977 cap.
1164 2928 1189 2964 4
1214 2927 1455 2965 tractantur:
1488 2925 1621 2976 agitur
1646 2926 1751 2963 enim
1776 2925 1823 2963 de
