2054 3282
775 152 1073 188 ALEXANDER
1619 151 1673 192 12
1678 152 1701 193 7

882 271 967 307 Vm

837 337 1006 364 nnounA

140 386 198 428 54
230 386 312 429 Sed
338 387 441 443 quid
467 386 602 429 oculis
627 401 773 442 rapere
799 387 892 429 visa
918 389 982 427 est
1008 385 1233 440 derepente
1259 385 1518 440 ardentibus,

228 458 317 500 Aut
340 458 415 500 ubi
441 457 515 499 illa
540 457 668 513 paulo
694 460 792 500 ante
818 457 986 512 sapiens
1011 456 1213 512 virginali
1238 455 1479 498 modestia?

796 543 1037 571 CASSANDRA

139 592 195 634 56
226 592 364 635 Mater
390 597 580 650 optuma,
604 596 653 636 tu
677 593 813 635 multo
839 593 993 634 mulier
1017 593 1169 634 melior
1193 592 1433 648 mulierum,

228 664 361 707 Missa
386 679 481 707 sum
507 665 814 720 superstitiosis
846 663 1215 718 hariolationibus‚

138 735 194 776 58
227 735 377 791 Neque
403 750 471 777 me
495 735 653 791 Apollo
680 735 781 777 fatis
807 734 947 777 fandis
974 735 1213 777 dementem
1240 735 1419 776 invitam
1445 734 1539 776 ciet.

226 806 427 863 Virgines
452 822 601 849 vereor
626 806 826 862 aequaliS‚
852 806 986 861 patris
1012 806 1097 848 mei
1123 820 1265 847 meum
1291 805 1452 848 factum
1478 806 1624 861 pudet,

227 877 403 933 Optumi
429 878 521 920 viri.
549 893 643 920 mea
667 880 815 933 mater,
840 878 906 920 tui
931 892 999 919 me
1024 878 1210 932 miseret,
1235 878 1320 919 mei
1347 877 1485 933 piget:

135 1006 263 1051 posuit
281 1006 395 1052 ἔτυμα
415 1007 502 1041 sunt
521 1007 660 1052 aperta.
682 1006 746 1041 ille
767 1006 821 1041 ait
839 1006 924 1041 ideo
947 1017 1081 1041 nomen
1108 1006 1279 1040 additum
1299 1005 1582 1041 Andromachae
1602 1006 1702 1050 quod

137 1059 248 1105 ἀνδρὶ
267 1059 439 1106 μάχεται;
458 1060 529 1095 hoc
548 1060 660 1094 Ennii
680 1059 762 1105 quis
782 1061 906 1105 potest
925 1059 1144 1104 intellegere
1163 1059 1349 1094 inversum
1370 1061 1563 1104 (versum
1582 1059 1699 1093 Havn.

135 1114 247 1158 recte)
262 1113 470 1158 significare
485 1113 791 1150 «Andromachae
806 1142 812 1147 .
830 1141 836 1147 .
853 1141 859 1147 .
874 1113 1036 1148 indidit»
1058 1114 1123 1147 aut
1135 1112 1387 1147 Alexandrum
1407 1113 1454 1147 ab
1475 1123 1518 1147 eo
1535 1112 1702 1157 appella-

135 1168 215 1200 tum
234 1167 273 1201 in
293 1166 450 1202 Graecia
470 1166 633 1212 (Graecis
642 1168 670 1212 ?)
692 1167 756 1211 qui
776 1166 881 1201 Paris
901 1166 1043 1209 fuisset,
1059 1177 1080 1199 a
1095 1177 1168 1210 quo
1182 1166 1379 1201 Herculem
1399 1177 1546 1210 quoque
1566 1177 1701 1211 cogno-

134 1220 318 1254 minatum
338 1220 573 1263 Alexicacon,
595 1219 642 1254 ab
663 1230 705 1255 eo
727 1220 826 1264 quod
847 1219 1018 1254 defensor
1038 1220 1134 1253 esset
1152 1219 1370 1254 hominum.’

254 1273 339 1308 VIII
365 1275 436 1319 (54)
476 1273 602 1308 Cicero
629 1274 675 1308 de
702 1273 772 1307 div.
792 1286 804 1307 1
825 1276 879 1315 31,
897 1277 940 1307 66
963 1273 1081 1307 ‘inest
1107 1272 1222 1318 igitur
1247 1272 1286 1306 in
1313 1271 1446 1306 animis
1471 1272 1700 1317 praesagitio

135 1326 361 1361 extrinsecus
380 1327 519 1362 iniecta
539 1327 652 1371 atque
671 1326 816 1361 inclusa
836 1326 1024 1361 divinitus.
1041 1336 1085 1360 ea
1105 1326 1136 1360 si
1154 1325 1292 1360 exarsit
1311 1325 1442 1367 acrius,
1457 1325 1558 1360 furor
1572 1325 1699 1371 appel-

134 1380 243 1422 latur,
271 1391 354 1415 cum
381 1391 402 1415 a
429 1390 580 1425 corpore
607 1379 751 1414 animus
778 1379 987 1414 abstractus
1014 1378 1139 1414 divino
1165 1378 1345 1413 instinctu
1371 1378 1588 1414 concitatur.
1611 1380 1699 1415 «sed

135 1434 225 1477 quid
246 1435 317 1479 (54)
334 1462 339 1468 .
358 1462 363 1467 .
381 1462 387 1468 .
410 1433 564 1478 obsequi
584 1434 691 1478 (62>».
707 1444 727 1467 o
747 1443 880 1477 poema
900 1434 1068 1467 tenerum
1088 1433 1125 1466 et
1143 1433 1328 1466 moratum
1354 1433 1466 1476 atque
1491 1431 1612 1466 molle.
1635 1433 1699 1466 sed

134 1486 204 1521 hoc
222 1487 345 1521 minus
365 1487 413 1521 ad
432 1496 526 1521 rem:
541 1486 573 1506 ‘³⁷
586 1486 681 1520 illud
695 1486 795 1530 quod
814 1485 982 1521 volumus
1003 1496 1215 1531 expressum
1235 1487 1299 1528 est,
1321 1486 1363 1519 ut
1382 1485 1578 1520 vaticinari
1598 1485 1699 1520 furor

134 1550 219 1574 vera
234 1540 352 1575 soleat
365 1540 495 1576 «adest
509 1540 616 1574 adest
629 1540 700 1585 (63)
717 1568 723 1573 .
741 1568 747 1573 .
765 1539 1007 1585 ,restinguite
1022 1541 1128 1585 <64)».
1144 1539 1234 1573 deus
1250 1540 1337 1584 (res
1348 1538 1536 1584 timguit
1562 1539 1697 1573 edens

135 1593 199 1628 sed
219 1604 309 1627 corr.
322 1592 425 1627 Voss.
441 1593 470 1626 B
490 1593 742 1637 restinguit
768 1593 874 1627 deus
889 1592 998 1627 Vind.
1013 1605 1060 1626 m.
1075 1605 1128 1637 pr.
1145 1593 1182 1627 et
1194 1592 1297 1627 Voss.
1313 1592 1345 1626 A
1365 1592 1429 1626 sed
1448 1591 1509 1626 hic
1530 1591 1630 1626 dius
1649 1604 1696 1626 m.

133 1648 201 1692 pr.)
216 1646 379 1681 inclusus
400 1656 551 1691 corpore
569 1646 744 1690 humano,
763 1646 839 1680 iam
859 1656 933 1681 non
953 1645 1163 1681 Cassandra
1181 1645 1356 1690 loquitur.
1373 1645 1545 1690 «iamque
1559 1647 1630 1691 (65)
1648 1674 1653 1679 .
1669 1674 1674 1679 .
1689 1674 1695 1679 .

132 1699 244 1734 litora
254 1701 361 1745 (68)».
376 1699 590 1744 tragoedias
603 1699 707 1744 loqui
720 1699 848 1734 videor
861 1700 899 1734 et
911 1698 1086 1734 fabulas?
1173 1699 1277 1733 Idem
1291 1699 1381 1734 orat.
1398 1701 1455 1741 46,
1465 1701 1532 1733 155
1549 1698 1697 1743 ‘itaque

253 1824 307 1862 54
321 1823 457 1862 rabere
467 1825 553 1862 visa
564 1836 603 1862 es
610 1824 908 1872 postMuretum
914 1823 1135 1863 Lambinus
1147 1825 1313 1872 speciose
1326 1823 1393 1861 sed
1406 1825 1559 1861 temere:
1573 1823 1695 1862 oculis

132 1884 374 1933 postremum
386 1884 519 1922 lumen
532 1883 732 1921 radiatum
744 1896 839 1933 rape
853 1886 949 1932 traq.
963 1885 1036 1921 inc.
1053 1880 1106 1930 48
1116 1883 1165 1921 R.
1289 1883 1342 1921 55
1364 1882 1447 1920 Aut
1467 1883 1556 1921 add.
1568 1883 1695 1922 Lach—

131 1955 301 1981 mannus
315 1943 516 1981 adLucr.1
532 1953 546 1978 1
557 1941 624 1987 86,
636 1954 708 1991 quo
721 1943 819 1981 nihil
832 1944 961 1981 verius
975 1945 1043 1982 aul
1055 1943 1294 1990 frequentius
1307 1944 1350 1980 in
1359 1943 1565 1990 qerninatis
1579 1943 1695 1979 inter-

132 2003 395 2050 roqationibus
408 2003 548 2040 similis
560 2003 788 2048 sententiae,-
806 2002 852 2050 cf.
871 2010 925 2054 74
1051 2002 1123 2038 illa
1141 2001 1261 2051 paulo
1283 2002 1373 2038 ante
1393 2000 1587 2038 modestia
1603 2001 1697 2039 dicit

132 2063 175 2098 ut
192 2062 267 2099 iste
285 2063 376 2109 post
394 2061 579 2110 phaselus
599 2060 787 2105 Catullus,
804 2060 873 2098 ubi
891 2061 963 2099 illa
983 2060 1182 2110 quondam
1195 2061 1419 2099 constantia
1431 2059 1695 2108 Hieronymus

251 2120 439 2170 virginali
452 2122 578 2158 tuetur
590 2120 871 2158 Lachmannus
885 2121 908 2158 l.
923 2132 952 2158 c.
964 2120 1011 2167 cf.
1027 2131 1124 2167 quae
1137 2120 1218 2158 dixi
1232 2120 1285 2158 ad
1297 2131 1395 2157 scen.
1412 2128 1495 2167 309
1512 2121 1546 2156 et
1557 2119 1691 2158 Herm.

132 2191 217 2217 xvn
229 2191 272 2227 p.
288 2177 373 2226 604
387 2191 441 2227 sq.
455 2179 536 2217 Leo
556 2182 698 2227 quaest.
711 2179 839 2217 Plaut.
854 2191 896 2226 p.
914 2176 993 2215 262
1010 2191 1048 2216 n.
1069 2179 1262 2228 virginale
1278 2179 1383 2217 Voss.
1397 2178 1437 2215 B
1455 2190 1574 2226 mpr.

134 2239 186 2276 56
210 2240 372 2288 optuma
390 2239 476 2276 tum
492 2233 573 2292 (tu)
588 2239 677 2276 libri
693 2239 944 2287 optumarum
956 2240 1048 2286 post
1058 2238 1275 2276 Porsonum
1289 2232 1355 2290 (cf.
1371 2238 1544 2276 Dobraez·
1561 2238 1647 2276 adv.
1663 2250 1693 2276 11

125 2310 168 2345 p.
185 2307 207 2344 3
216 2306 235 2345 7
244 2292 290 2350 4)
304 2298 508 2346 Hauptius
521 2309 604 2346 opp.
617 2309 680 2346 12⁹·
696 2306 791 2342 200,
806 2298 906 2345 quod
911 2298 1084 2345 placui&
1102 2298 1197 2335 mihi
1210 2298 1383 2345 displicet
1396 2299 1430 2335 et
1446 2298 1602 2345 reposui
1620 2309 1692 2345 quo

132 2357 222 2395 libri
240 2358 386 2395 ducunt
403 2358 530 2395 mater
549 2358 723 2407 optuma,
742 2358 788 2394 tu
806 2357 931 2395 multo
939 2370 954 2403 ‚·
973 2368 1072 2404 quae
1091 2358 1146 2395 est
1162 2358 1273 2395 wnice
1292 2358 1387 2405 apta
1405 2357 1543 2395 matris
1562 2358 1692 2404 appel-

133 2417 235 2460 latio,
251 2427 320 2454 nec
339 2417 385 2454 de
402 2419 519 2455 metro
538 2417 674 2455 haereo
690 2410 755 2469 (cf.
767 2416 901 2454 Herm.
917 2428 1051 2463 xvnp.
1065 2410 1168 2469 606)
1289 2416 1430 2453 mulier
1448 2416 1588 2454 melior
1607 2429 1691 2454 mu-

131 2475 290 2513 lierum:
310 2476 461 2514 dicendi
478 2476 634 2514 modum
646 2475 851 2523 Hauptius
864 2476 1055 2521 vindicant,-
1074 2487 1152 2513 non
1173 2487 1243 2526 ego
1264 2487 1368 2513 nunc
1385 2477 1584 2525 parasitus
1605 2487 1691 2513 sum

131 2534 199 2572 sed
211 2547 348 2585 regum
360 2547 427 2572 rex
440 2535 612 2585 regalior
624 2535 790 2573 Plautus
804 2537 900 2582 capt.
918 2531 940 2570 8
949 2543 968 2569 2
978 2543 999 2581 5
1124 2535 1177 2573 58
1198 2535 1336 2584 Neque
1355 2547 1417 2572 me
1438 2535 1568 2584 apollo
1583 2535 1672 2572 libri
1679 2549 1691 2572 .-

129 2594 298 2642 intelliqo
322 2606 449 2643 neque
474 2595 643 2632 invitam
666 2606 728 2632 me
747 2593 794 2631 A.
816 2595 913 2640 ciet‚·
938 2594 1038 2641 quod
1063 2605 1131 2632 cur
1149 2594 1297 2642 falsum
1317 2605 1395 2632 6336
1414 2595 1541 2632 dicam
1561 2594 1689 2631 dubito

133 2647 198 2706 (cf.
207 2652 341 2692 Aesch.
356 2651 496 2702 Ayarn.
513 2663 548 2689 11
559 2651 612 2701 56
631 2665 708 2701 sqq.
721 2653 772 2691 K.
786 2653 970 2701 Euripid.
987 2653 1128 2692 Troad.
1145 2661 1198 2701 45
1209 2663 1222 2689 1
1240 2648 1336 2706 sqq.)
1353 2656 1386 2691 et
1405 2654 1591 2691 assentire
1606 2664 1689 2690 sen-

131 2714 338 2751 tentiarum
351 2715 457 2751 tenor
470 2714 641 2758 videtur,·
654 2712 836 2761 Namque
849 2711 994 2761 Apollo
1007 2712 1237 2751 Ribbeckius
1359 2713 1412 2750 59
1430 2724 1567 2750 vereor
1581 2706 1689 2763 (olim

131 2773 386 2819 transponens
412 2773 589 2821 aequalis
609 2765 762 2823 vereor)
783 2771 1030 2810 Ribbecln‘us:
1055 2784 1147 2810 vero
1169 2773 1269 2816 libri,
1291 2772 1357 2809 secl
1375 2782 1526 2809 verear*
1544 2765 1584 2822 (o
1606 2782 1650 2808 ex
1670 2782 1688 2808 6

131 2825 245 2883 corr.)
265 2831 369 2869 Voss.
379 2831 429 2875 B,
445 2843 556 2878 quem
569 2832 633 2869 vix
647 2831 794 2869 dubites
805 2842 870 2878 pr.
885 2843 933 2868 m.
944 2831 1125 2869 babuisse
1137 2832 1179 2869 ἑά
1192 2832 1292 2879 quod
1305 2830 1534 2868 sz‘bbeeklus
1548 2830 1688 2867 coniec-

132 2892 221 2927 iura
233 2891 401 2938 repperit
512 2891 638 2940 patris
652 2891 730 2928 mei
741 2902 873 2927 meum
885 2890 1035 2928 factum
1047 2890 1188 2940 pudet:
1201 2890 1404 2937 Hauptius
1417 2900 1501 2937 opp.
1512 2900 1543 2926 11
1549 2901 1592 2937 p.
1603 2897 1625 2935 3
1634 2898 1654 2924 2
1667 2898 1681 2926 1
