2020 3334
579 202 850 240 MARTIALIS.
890 205 1230 248 QUINTILIANUS
1534 211 1678 246 LXXIX

129 311 234 361 quod
252 310 579 351 dissimulationis
599 326 681 353 esse
695 316 915 365 exemplum
928 318 1066 366 voluit,
1087 317 1312 358 Ciceronem
1326 323 1461 359 narrat
1476 316 1535 374 (vl
1550 323 1587 370 3,
1602 318 1676 375 86)

128 370 175 408 de
202 370 319 409 Sexto
344 370 494 408 Annali
519 371 646 410 dicere
671 374 821 412 iussum
846 388 1001 414 versum
1027 377 1073 415 de
1099 379 1206 416 sexto
1233 380 1367 417 annali
1392 380 1511 418 Ennii
1537 377 1587 432 [1]
1619 395 1677 419 re-

128 430 312 468 citavisse
339 429 434 478 Quis
451 432 557 477 potis
581 432 746 479 inqentis
766 445 843 481 eqs.
871 433 977 478 Quae
1003 448 1075 483 res,
1102 449 1219 484 quam
1238 450 1350 476 nemo
1371 440 1447 476 nisi
1468 439 1677 485 Quintilia-

127 501 199 527 nus
224 488 360 537 tradit,
391 501 492 527 novo
518 491 695 538 exemplo
726 492 927 540 patefacit,
960 506 1078 541 quam
1104 494 1328 533 Ciceronem
1359 510 1571 547 numquam
1599 512 1677 537 me-

127 548 253 585 moria
290 547 562 586 Ennianorum
599 548 833 587 destituerit.
877 551 1022 589 Versus
1059 553 1122 590 vel
1159 566 1341 592 versuum
1377 558 1590 604 particulas
1631 558 1678 595 de

127 606 335 645 annalibus
355 608 510 656 saepius
530 608 614 645 sine
632 608 751 645 titulo
771 610 841 646 aut
859 611 999 657 poetae
1018 612 1174 648 nomine
1194 613 1318 660 affert,
1336 614 1565 663 plerumque
1579 629 1678 664 quae

128 665 288 704 aliunde
314 667 409 703 nota
435 667 538 714 sunt,
569 679 639 704 nec
666 668 724 704 est
751 667 855 716 quod
879 670 1155 717 memorentur,
1187 671 1264 708 nisi
1288 672 1390 709 forte
1416 674 1519 721 quod
1543 674 1679 712 scribit

127 737 169 761 XI
190 726 227 772 3,
249 725 301 762 31
330 718 397 777 (de
425 719 768 776 pronuntiatione)
795 727 851 764 ita
881 727 946 773 fiet
975 727 1086 771 illud,
1117 729 1217 776 quod
1242 729 1398 767 Ennius
1416 732 1568 778 probat,
1594 744 1679 770 cum

129 784 223 821 dicit
247 779 546 831 ‘suaviloquenti
570 780 649 822 ore'
678 784 879 833 Cetheyum
903 787 1025 833 fuisse
1053 780 1160 838 (ann.
1183 783 1299 840 303),
1323 799 1401 826 non
1425 790 1525 836 quod
1552 790 1679 828 Cicero

128 837 258 895 (Brut.
289 843 355 890 15,
377 837 450 895 58)
483 844 526 881 in
556 843 616 881 his
645 844 888 891 reprehendit
917 856 1010 892 quos
1041 846 1096 882 ait
1128 841 1305 891 ‘latmi-e,
1335 858 1413 885 non
1438 846 1579 896 ayere';
1610 851 1679 887 aut

128 901 232 950 quod
257 902 315 939 ait
333 913 363 938 11
386 902 452 949 15,
472 903 498 939 4
523 904 692 948 πειθοῦς
718 901 958 954 δημιουργὸν
985 916 1103 952 quam
1128 903 1267 942 Graeci
1295 907 1533 954 appellarint
1551 908 1679 945 rheto-

125 960 232 998 ricen
258 972 372 1009 posse
398 959 541 998 Latine
559 961 826 1008 persuadendi
851 963 1024 1008 opificem
1050 963 1143 1000 dici:
1168 975 1287 1011 neque
1306 966 1406 1002 enim
1430 966 1561 1014 inquit
1585 967 1680 1004 mihi

119 1020 366 1067 permiserim
397 1019 528 1058 eadem
558 1021 617 1058 uti
647 1020 898 1058 declinatione
930 1033 1007 1068 qua
1032 1022 1188 1059 Ennius
1214 1023 1272 1059 M.
1296 1022 1494 1071 Cethegum
1521 1021 1680 1062 ‘suadae

126 1075 349 1116 medullam'
383 1073 491 1130 (ann.
520 1073 623 1131 308)
655 1081 774 1116 vocat.
811 1079 870 1117 De
902 1079 1134 1130 tragoediis,
1169 1082 1214 1118 ut
1248 1082 1429 1119 omittam
1460 1086 1680 1130 expectorat,

128 1150 228 1186 quae
259 1150 334 1175 vox
360 1138 418 1176 est
442 1137 668 1175 Alcmeonis
691 1134 770 1188 [11],
789 1150 862 1176 V111
883 1139 919 1186 3,
942 1139 992 1176 31
1023 1139 1165 1187 afferri,
1194 1152 1313 1177 unam
1338 1140 1515 1178 Medeam
1545 1141 1681 1179 laudat

127 1191 172 1249 (v
189 1197 254 1244 10,
270 1191 345 1249 84)
366 1198 405 1234 et
423 1197 663 1246 principium
682 1197 931 1235 notissimum
951 1198 1033 1236 eius
1053 1198 1210 1236 fabulae
1232 1199 1389 1237 Utinam
1407 1211 1453 1238 ne
1472 1201 1514 1238 in
1531 1211 1682 1238 nemore

126 1255 231 1293 Pelio
252 1267 330 1304 eqS.
351 1256 466 1294 affert
484 1256 781 1305 sententiaeque
801 1257 1162 1305 conformationem,
1188 1259 1233 1295 ut
1260 1256 1393 1296 Cicero
1420 1258 1537 1296 semel
1563 1260 1680 1308 atque

126 1315 282 1363 iterum,
314 1316 495 1365 castigat.
521 1315 701 1364 Denique
733 1314 1012 1364 Quintilianus,
1045 1329 1121 1364 quo
1147 1316 1247 1353 nihil
1273 1329 1354 1355 esse
1385 1318 1581 1366 acceptius
1613 1330 1680 1366 po-

126 1374 217 1421 tuit,
255 1375 414 1412 saturae
440 1374 646 1412 Ennianae
677 1375 954 1425 argumentum
978 1375 1153 1423 prodidit
1180 1369 1240 1427 (lx
1262 1377 1298 1422 2,
1321 1371 1412 1428 36):
1443 1375 1490 1414 de
1515 1376 1679 1414 fictioni-

125 1432 197 1471 bus
229 1433 335 1470 enim
364 1445 622 1482 personarum
648 1446 767 1484 agens
793 1435 851 1471 ita
884 1433 1021 1471 scribit
1050 1434 1116 1471 sed
1145 1435 1293 1481 formas
1323 1446 1468 1482 quoque
1497 1435 1680 1483 fiinyimus

125 1503 249 1539 saepe,
280 1494 324 1529 ut
353 1492 523 1530 Famam
559 1493 763 1541 Veryilius,
793 1496 836 1530 ut
868 1493 1106 1540 Voluptatem
1137 1505 1182 1530 ac
1214 1493 1410 1538 Virtutem,
1441 1494 1680 1541 quemadmo-

126 1551 220 1588 dum
245 1562 270 1588 a
296 1550 543 1599 Xenophonte
568 1552 749 1596 traditur,
774 1551 973 1596 Prodicus,
998 1554 1041 1589 ut
1059 1552 1226 1589 Mortem
1251 1564 1296 1590 ac
1323 1552 1461 1596 Vitam,
1481 1564 1576 1600 quas
1596 1563 1680 1590 eon-

126 1610 316 1648 tendentes
339 1611 383 1648 in
406 1613 544 1649 satura
569 1606 661 1661 [inc.
682 1610 749 1648 lib.
770 1607 801 1661 1]
828 1611 948 1648 tradit
972 1611 1139 1648 Ennius.

244 1669 438 1707 Proximis
472 1682 495 1708 a
528 1669 774 1714 Quintiliano
805 1669 1065 1718 temporibus,
1104 1682 1219 1719 quem
1254 1669 1430 1708 videmus
1465 1671 1681 1708 carminum

127 1727 398 1765 Ennianorum
429 1729 615 1766 notitiam
646 1729 789 1767 habere
821 1730 860 1766 et
890 1730 1049 1777 poetam
1081 1729 1260 1777 quamvis
1293 1741 1370 1766 non
1401 1730 1535 1779 magni
1560 1728 1681 1766 faciat

126 1787 337 1825 vetustatis
363 1789 494 1838 gratia
519 1789 771 1826 veneratione
792 1788 963 1836 quadam
983 1788 1120 1835 colere,
1146 1787 1252 1825 fama
1271 1789 1411 1836 poetae
1432 1787 1681 1834 deminuitur,

128 1858 243 1894 quem
269 1846 430 1884 Tacitus
455 1847 497 1884 in
523 1847 680 1897 dialogo
707 1860 755 1884 ne
781 1847 958 1896 appellat
984 1846 1158 1895 quidem,
1190 1859 1278 1884 cum
1304 1846 1518 1884 Pacuvium
1544 1848 1583 1884 et
1607 1845 1680 1883 Ac-

128 1905 232 1942 cium
258 1906 413 1954 saepius
440 1901 490 1958 (c.
513 1906 578 1944 20.
603 1903 675 1958 21)
701 1908 907 1954 tamquam
929 1906 1049 1954 prisci
1067 1907 1211 1944 veterni
1230 1906 1407 1954 exempla
1426 1906 1536 1943 novis
1556 1906 1681 1954 poetis

127 1965 311 2012 opponat.
343 1963 497 2002 Plinius
524 1966 657 2002 autem
683 1965 814 2002 Taciti
843 1964 1019 2013 aequalis
1052 1964 1170 2002 semel
1203 1964 1285 2002 eius
1317 1965 1553 2001 mentionem
1586 1964 1683 2000 facit

125 2023 167 2059 in
193 2023 372 2071 epistolis
398 2021 443 2075 <v
464 2024 501 2071 3,
523 2019 568 2076 6)
595 2036 683 2061 cum
709 2035 749 2061 se
775 2024 943 2061 aliorum
969 2024 1156 2072 exemplis
1183 2022 1287 2071 quod
1312 2023 1522 2060 versiculos
1542 2035 1682 2070 parum

126 2093 279 2120 severos
306 2082 493 2120 scriberet
519 2094 564 2120 ac
589 2082 774 2120 recitaret
799 2082 1078 2129 defensitabat,
1104 2081 1160 2118 ibi
1182 2083 1272 2130 post
1290 2081 1504 2118 multorum
1523 2081 1682 2118 nomina

127 2152 261 2178 eorum
294 2142 362 2189 qui
393 2142 514 2178 etiam
545 2140 653 2178 lusus
686 2142 725 2178 et
755 2141 842 2178 ioca
874 2140 1089 2189 exprimere
1120 2153 1198 2177 non
1232 2140 1457 2177 recusarent
1487 2139 1582 2176 haec
1615 2138 1681 2176 ad-

127 2198 186 2236 dit
215 2200 315 2237 inter
345 2210 439 2246 quos
469 2199 527 2236 vel
550 2200 761 2246 praecipue
794 2199 1059 2236 numerandus
1091 2201 1145 2236 est
1174 2198 1216 2235 P.
1245 2198 1446 2246 Veranius,
1481 2197 1681 2236 Cornelius

126 2257 268 2305 Nepos,
294 2260 328 2295 et
346 2259 461 2304 prius
486 2256 629 2295 Accius
655 2257 894 2304 Enniusque.

246 2316 394 2354 Eadem
420 2316 501 2354 fere
528 2317 658 2354 aetate
686 2317 753 2365 qui
784 2316 945 2353 fuerunt
979 2315 1239 2366 grammatici,
1273 2314 1485 2353 Caesellius
1516 2314 1681 2362 Vindex,

126 2374 289 2413 Flavius
316 2374 452 2424 Caper,
484 2375 622 2413 Velius
649 2375 818 2425 Longus,
843 2374 903 2412 usi
936 2375 1027 2412 sunt
1058 2374 1119 2411 illi
1151 2374 1310 2423 quidem
1344 2375 1465 2412 etiam
1490 2373 1680 2411 Ennianis

126 2433 314 2483 versibus,
340 2434 450 2472 velut
475 2447 498 2472 a
518 2433 644 2472 Gellio
672 2429 732 2487 (VI
754 2435 789 2481 2,
813 2428 855 2485 1)
881 2434 1128 2482 vituperatus
1151 2432 1374 2481 Caesellius,
1401 2432 1505 2482 quod
1526 2444 1681 2470 versum

128 2493 332 2531 annalium
352 2489 477 2544 [382]
498 2505 608 2541 quem
634 2493 793 2531 credidit
819 2503 896 2531 esse
914 2504 1040 2530 meum
1059 2503 1123 2530 cor
1141 2504 1262 2541 prave
1283 2493 1564 2540 interpretatus
1585 2492 1680 2538 erat,

127 2552 190 2589 vel
215 2552 264 2590 ab
291 2552 425 2590 eodem
452 2551 579 2590 Gellio
600 2546 719 2604 (xvm
740 2554 777 2599 9,
799 2546 843 2603 3)
871 2552 1016 2589 ascitus
1036 2551 1172 2588 Velius
1193 2551 1350 2601 Longus
1371 2546 1479 2603 (ann.
1501 2551 1582 2588 326
1593 2544 1681 2601 sq),

127 2609 195 2648 sed
221 2612 314 2659 quia
339 2611 439 2649 nihil
459 2624 594 2649 eorum
613 2612 740 2648 exstat
759 2611 836 2648 nisi
855 2609 960 2659 quod
981 2622 1004 2647 a
1029 2609 1296 2660 grammaticis
1323 2609 1548 2658 posterioris
1575 2610 1678 2645 aeta-

127 2670 178 2707 tis
206 2670 378 2719 affertur,
404 2671 514 2708 velut
539 2671 695 2719 praeter
715 2667 886 2706 Gellium
906 2681 929 2706 a
948 2668 1160 2715 Prisciano,
1187 2680 1320 2706 eorum
1346 2666 1677 2706 commemoratio-

127 2741 217 2765 nem
241 2728 461 2778 praestabit
486 2729 536 2767 ad
561 2729 719 2766 illorum
744 2729 924 2776 tempora
950 2729 989 2765 et
1014 2739 1127 2765 usum
1152 2727 1322 2765 reiicere.

245 2787 308 2825 Ad
334 2787 565 2826 Suetonium
591 2788 658 2836 qui
686 2786 889 2824 Hadriano
920 2787 1098 2835 principe
1129 2786 1285 2834 scripsit
1314 2785 1541 2834 priusquam
1573 2793 1677 2819 acce-

128 2845 230 2894 dam,
262 2846 308 2884 de
333 2846 536 2884 Hadriano
568 2847 654 2895 ipso
685 2858 764 2883 non
790 2846 972 2883 omittam
998 2845 1136 2882 afferre
1162 2857 1261 2893 quae
1286 2843 1420 2880 Aelius
1447 2841 1677 2889 Spartianus

127 2905 169 2942 in
189 2905 273 2943 vita
299 2906 380 2943 eius
403 2900 491 2958 (16,
514 2900 557 2958 6)
581 2906 790 2942 memorat:
817 2906 1093 2942 controversias
1111 2903 1348 2946 declamavit,
1376 2900 1547 2938 Ciceroni
1569 2898 1678 2936 Cato-
