2004 3278
668 168 835 204 VARIA:
861 168 1173 204 EPICHARMUS
1563 169 1705 205 CCXIX

143 282 421 330 controversia,
440 280 487 319 de
509 293 587 331 qua
607 280 865 320 Susemihlius
885 294 1041 331 quoque
1061 282 1252 320 nonnulla
1271 281 1443 321 effutivit
1463 276 1619 335 (philol.
1633 294 1706 320 L111

147 341 259 379 1894
273 355 309 391 p.
327 341 410 379 564
420 335 538 394 sqq.),
557 342 734 379 nostram
753 353 912 379 causam
932 353 1010 380 non
1030 342 1196 393 attingit
1214 343 1282 380 ita.
1308 341 1457 380 Graeca
1477 342 1707 391 Epicharmi

144 401 226 439 sive
259 401 342 438 veri
374 401 456 438 sive
488 400 581 439 falsi
613 413 713 450 quae
746 412 834 438 cum
866 400 1059 439 Ennianis
1092 401 1364 439 conferrenizur
1393 403 1474 439 iam
1506 401 1706 451 Hauptius

145 460 281 498 attulit
306 472 429 509 eaque
454 460 497 497 in
523 460 654 498 adnot.
680 460 908 498 memoravi.
942 459 1019 497 Sed
1044 473 1170 509 neque
1195 460 1292 498 haec
1325 473 1395 498 nec
1428 473 1528 510 quae
1558 461 1708 499 similia

145 532 168 557 a
187 518 495 557 Wilamowitzio
517 518 777 568 Kaibelioque
804 518 959 557 adiec'ca
984 521 1077 557 sunt
1101 519 1229 558 faieor
1254 521 1362 558 omni
1387 533 1431 558 ex
1463 522 1575 569 parte
1608 520 1708 558 mihi

144 577 314 628 probari.
339 578 449 617 Haec
474 579 598 629 igitur
617 579 752 628 paucis
773 577 1031 627 disceptanda
1050 580 1151 617 sunt.
1178 578 1241 616 Ad
1261 591 1306 616 111
1326 591 1430 627 aqua
1449 582 1554 618 terra
1573 581 1708 618 anima

145 641 178 676 et
201 638 259 675 sol
282 640 441 687 praeter
466 650 512 676 ea
539 650 638 687 quae
664 639 707 675 in
732 637 820 675 adn.
848 637 1039 687 adscripsi
1064 638 1277 676 memorari
1301 639 1487 687 poterant
1513 652 1612 687 quae
1638 639 1707 676 Vi-

145 698 298 735 truvius
318 710 391 736 v111
416 710 587 746 prooem.
611 699 631 734 1
655 696 777 734 refert
797 727 804 734 .
828 726 834 733 .
856 726 863 733 .
885 697 1135 745 Empedocles
1160 697 1423 745 Epicharmus
1449 698 1592 745 aliique
1610 699 1709 747 phy-

144 758 215 795 sici
236 787 243 794 .
266 787 273 794 .
299 758 390 795 haec
408 758 612 805 principia
637 767 715 795 esse
740 758 920 804 quattuor
938 759 1237 804 proposuerunt,
1263 768 1390 795 aerem
1414 758 1541 805 ‘iynem
1566 760 1710 795 terram

145 828 289 864 aquam
309 828 387 865 eqs,
415 828 491 865 quo
518 815 776 854 confidentius
802 816 895 853 licet
914 815 985 853 illa
1006 829 1106 865 quae
1127 816 1247 854 Ennii
1267 828 1350 854 esse
1370 818 1525 855 constat
1546 816 1595 854 ad
1615 817 1709 865 Epi-

146 876 350 913 charmum
369 875 489 913 Ennii
507 875 663 914 referre.
686 874 762 912 Sed
782 874 887 924 quod
907 888 995 913 cum
1013 875 1074 913 his
1095 875 1223 914 verbis
1244 875 1365 913 Ennii
1385 876 1554 914 conferri
1574 875 1711 914 iubent

145 947 280 974 versus
306 934 564 973 Menandreos
592 929 661 987 (ad
683 934 736 972 58
759 928 902 987 adscr.)
930 931 949 972 ὁ
977 931 1047 985 μὲν
1069 930 1306 986 Ἐπίχαρμος
1332 933 1424 981 τοὺς
1455 934 1576 981 θεοὺς
1608 930 1710 973 εἶναι

145 992 244 1046 λέγει
269 991 439 1044 ἀνέμους
466 993 572 1046 ὕδωρ
597 999 672 1046 γῆν
698 993 809 1044 ἥλιον
834 999 913 1046 πῦρ
940 991 1113 1045 ἀστέρας,
1139 1007 1276 1032 vereor
1302 996 1346 1032 ut
1366 995 1461 1033 satis
1486 996 1578 1044 apte
1598 995 1710 1033 insti-

146 1056 283 1092 tuatur
308 1055 347 1092 et
371 1053 572 1103 Hauptius
596 1054 693 1092 haec
719 1053 769 1092 ad
788 1066 845 1092 vn
869 1053 1009 1091 referri
1037 1053 1180 1092 malui‘c

358 1113 454 1152 Istic
479 1116 533 1152 est
556 1114 590 1152 is
616 1113 769 1161 Iupiter
794 1124 904 1162 quem
929 1113 1026 1158 dico,
1051 1125 1162 1161 quem
1190 1112 1332 1152 Graeci
1355 1116 1493 1152 vocam}

359 1171 512 1218 Aerem,
538 1174 605 1221 qui
629 1176 763 1211 ventus
789 1175 843 1211 est
867 1175 902 1211 et
924 1173 1055 1218 nubes,
1081 1174 1202 1212 imber
1219 1176 1368 1221 postea,

359 1231 486 1281 Atque
510 1244 555 1271 ex
579 1233 700 1271 imbre
723 1233 863 1281 friyus,
888 1234 1022 1271 ventus
1040 1235 1131 1280 post
1154 1233 1210 1279 fit,
1236 1244 1303 1271 aer
1328 1233 1452 1270 denuo

148 1305 226 1342 eqs.
254 1291 352 1331 Cum
378 1292 438 1329 his
465 1293 598 1330 autem
617 1291 793 1331 versibus
814 1291 1006 1330 Ennianis
1025 1304 1161 1330 rursus
1181 1291 1388 1330 Kaibelius
1409 1304 1497 1330 cum
1519 1291 1711 1330 Wilamo-

148 1353 281 1390 wiizzio
307 1364 441 1390 versus
468 1351 703 1401 Euripideos
731 1345 961 1404 (941ch.)

362 1408 455 1464 ὁρᾷς
481 1409 549 1449 τὸν
576 1409 686 1460 «ὑψοῦ
713 1405 821 1448 τόνδ’
850 1407 1012 1462 ἄπειρον
1039 1407 1182 1462 αἰθέρα

363 1468 429 1508 καὶ
453 1474 528 1521 γῆν
553 1467 660 1520 πέριξ
681 1464 810 1521 ἔχονθ’
840 1467 977 1521 ὑγραῖς
1003 1467 1045 1507 ἕν
1070 1466 1276 1520 &aymiricus-3

363 1534 502 1567 τοῦτον
529 1527 658 1580 νόμιζε
678 1531 804 1579 Ζῆνα,
830 1524 937 1567 τόνδ’
966 1525 1066 1580 ἡγοῦ
1091 1527 1189 1568 θεόν

151 1589 371 1637 contendit,
402 1589 469 1627 sed
501 1589 599 1626 mihi
628 1588 874 1637 probabilius
905 1589 1034 1627 visum
1068 1590 1128 1626 est
1158 1587 1207 1626 ad
1233 1589 1304 1626 hos
1336 1590 1415 1626 tres
1448 1601 1583 1627 versus
1617 1600 1715 1637 quos

151 1648 286 1687 Cicero
312 1648 455 1686 Latine
480 1648 676 1687 convertis
701 1659 857 1686 versum
883 1648 1003 1685 Ennii
1030 1648 1099 1697 qui
1124 1648 1183 1686 est
1211 1649 1253 1685 in
1280 1647 1451 1697 Thyeste
1471 1660 1497 1686 v

362 1706 504 1756 Aspice
528 1708 596 1746 hoc
619 1708 782 1746 sublime
807 1707 987 1752 candens,
1012 1719 1123 1755 quem
1148 1710 1285 1746 vocant
1308 1719 1436 1746 omnes
1456 1707 1589 1746 Iovem

151 1768 413 1818 compositum
427 1779 518 1806 esse.
533 1766 597 1805 Ad
612 1780 727 1816 quem
741 1767 831 1805 vide
845 1767 1045 1806 adnotata.
1061 1761 1434 1819 (Of.Eu1·ip.fragm.
1449 1766 1531 1804 225
1543 1760 1716 1818 Nauck.)

271 1827 378 1873 Quae
405 1826 542 1876 Epich.
563 1839 604 1865 1v
630 1827 833 1876 composui

370 1887 499 1925 Terris
521 1887 644 1936 yemis
670 1887 794 1925 omnis
813 1886 965 1935 peperit
990 1888 1024 1924 et
1047 1886 1208 1924 resumit
1232 1886 1356 1925 denuo

978 1945 1046 1983 dat
1070 1946 1221 1983 cibaria

721 2005 822 2053 quod
843 2005 943 2053 uerit
965 2006 1108 2054 frum,
1137 2003 1249 2043 Ceres

154 2080 199 2104 ex
226 2065 368 2114 Ennio,
394 2077 473 2103 non
499 2077 545 2102 ex
569 2064 807 2114 Epicharmo
834 2064 955 2101 Ennii
980 2064 1115 2111 allata,
1142 2063 1210 2102 sed
1236 2063 1286 2101 ad
1306 2063 1588 2112 Epicharmum
1613 2063 1716 2099 rec‘oe

155 2126 294 2172 relata,
321 2124 371 2162 ad
394 2137 441 2162 ea
467 2123 573 2173 apud
597 2123 825 2161 Kaibelium
847 2124 927 2160 241
957 2136 1003 2160 ex
1022 2122 1226 2171 Euripidis
1245 2122 1387 2160 Bacch.
1410 2123 1463 2160 27
1470 2123 1492 2158 6
1519 2121 1719 2170 adscripta

157 2186 249 2223 sunt
262 2181 453 2234 Δημήτηρ
475 2181 566 2221 θεά·
586 2187 636 2233 γῆ
657 2175 692 2219 δ’
717 2180 834 2231 ἐστίν,
855 2179 981 2232 ὄνομα
1001 2175 1037 2219 δ’
1061 2178 1248 2232 ὁπότερον
1265 2181 1390 2236 βούλῃ
1403 2179 1520 2219 κάλει.
1534 2179 1634 2230 αὕτη
1649 2177 1719 2230 μὲν

156 2242 199 2282 ἐν
225 2243 401 2293 ξηροῖσιν
426 2239 600 2293 ἐκτρέφει
625 2240 793 2293 βροτούς
818 2242 895 2279 κτλ.
923 2240 1000 2279 Sed
1027 2253 1072 2278 ea
1097 2239 1166 2278 ubi
1191 2253 1260 2279 suo
1286 2241 1372 2278 loco
1398 2241 1438 2278 et
1457 2240 1611 2290 plenius
1632 2252 1718 2289 per-

158 2303 342 2352 spexeris,
367 2301 474 2339 haud
499 2301 578 2339 scio
605 2313 656 2339 an
681 2301 831 2339 fabeare
857 2300 957 2338 nihil
982 2300 1267 2339 communionis
1292 2300 1435 2338 habere
1462 2312 1553 2338 cum
1572 2299 1718 2337 Ennia-

157 2362 229 2401 nis.
257 2362 357 2400 Sunt
383 2363 516 2399 autem
541 2361 637 2398 haec
663 2359 783 2398 verba
809 2360 984 2398 Tiresiae
1011 2359 1057 2397 de
1083 2359 1239 2397 Baccho

371 2415 486 2467 οὗτος
512 2414 547 2458 δ’
579 2417 598 2458 ὁ
625 2418 778 2470 δαίμων
804 2417 824 2457 ὁ
850 2417 952 2469 νέος,
977 2415 1024 2457 ὃν
1051 2417 1100 2457 σὺ
1125 2418 1318 2473 διαγελᾷς,

371 2478 443 2519 οὐκ
469 2477 520 2518 ἂν
547 2478 744 2530 δυναίμην
771 2476 937 2530 μέγεθος
961 2475 1124 2526 ἐξειπεῖν
1149 2476 1241 2525 ὅσος

370 2534 461 2578 καθ’
485 2534 638 2577 Ἑλλάδ’
668 2536 783 2576 ἔσται.
810 2537 883 2576 δύο
915 2536 1002 2589 γάρ,
1028 2532 1057 2575 ὦ
1083 2536 1234 2588 νεανία,

278 2606 346 2638 275
372 2597 416 2636 τὰ
442 2593 556 2650 πρῶτ’
585 2595 626 2636 ἐν
652 2592 916 2649 ἀνθρώποισι·
944 2595 1134 2648 Δημήτηρ
1159 2596 1252 2635 θεά·

373 2663 422 2710 γῆ
450 2653 485 2695 δ’
515 2655 631 2707 ἐστίν,
658 2653 783 2707 ὄνομα
810 2651 846 2693 δ’
876 2653 1062 2708 ὁπότερον
1087 2655 1213 2711 βούλῃ
1238 2655 1360 2694 κάλει·

374 2716 473 2767 αὕτη
495 2713 565 2767 μὲν
590 2714 632 2754 ἐν
658 2716 835 2767 ξηροῖσιν
859 2713 1033 2767 ἐκτρέφει
1057 2714 1239 2768 βροτούς·

374 2772 395 2814 ὃ
422 2770 459 2814 δ’
487 2770 611 2827 ἦλθεν
637 2773 700 2814 ἐπὶ
724 2773 972 2825 τάντίπαλον,
998 2771 1018 2813 ὅ
1044 2773 1219 2825 Σεμέλης
1243 2773 1377 2826 γόνος·

374 2833 540 2886 βότρυος
565 2833 687 2887 ὑγρὸν
712 2828 809 2885 πῶμ’
839 2828 926 2886 εὗρε
950 2832 1223 2887 κείσηνέγκατο

281 2902 350 2934 280
375 2896 541 2945 θνητοῖς
566 2896 643 2933 κτλ.
