2054 3282
623 179 883 215 ANNALIUM
908 180 996 216 LIB.
1016 179 1107 215 INC.
1253 190 1256 193 ’
1568 179 1652 221 109

835 298 913 334 CXI

91 359 175 402 587
746 361 882 403 nostri
908 374 1068 402 cessere
1094 374 1322 415 parumper

824 453 918 488 CXII

90 513 176 555 588
805 514 1005 570 adgretus
1031 514 1112 556 fari

815 606 929 642 CXIII

90 666 176 709 589
957 669 1110 709 runata
1134 667 1293 709 recedit

817 759 929 794 CXIV

90 819 177 862 590
957 835 1035 876 quo
1060 822 1207 876 sospite
1231 820 1340 863 liber

678 939 685 943 »
823 913 920 949 CXV

89 973 173 1016 591
1001 975 1216 1030 equitatus

206 1045 267 1088 Ut
293 1045 573 1088 celerissimus

817 1127 929 1163 CXVI

89 1187 175 1230 593
207 1187 381 1244 Iamque
406 1189 493 1230 fere
520 1191 722 1244 quattuor
745 1192 916 1244 partum

208 1316 285 1351 CXI
305 1318 400 1363 (587)
432 1317 523 1352 Bell.
538 1317 693 1362 Hispan.
709 1320 765 1360 23,
778 1321 798 1351 2
815 1317 896 1352 ‘hic
916 1317 1005 1351 dum
1023 1317 1063 1351 in
1083 1327 1193 1362 opere
1212 1317 1330 1352 nostri
1344 1317 1499 1352 distenti
1514 1318 1647 1359 essent,

89 1370 294 1415 complures
324 1381 368 1406 ex
394 1371 582 1415 superiore
615 1370 695 1405 loco
723 1370 1018 1405 adversariorum
1043 1370 1332 1406 decucurrerunt
1355 1381 1424 1405 nec
1449 1371 1650 1405 detinenti-

87 1423 156 1458 bus
176 1424 311 1458 nostris
329 1424 457 1458 multis
476 1423 561 1459 telis
581 1423 728 1458 iniectis
749 1423 956 1468 complures
975 1423 1188 1459 vulneribus
1212 1423 1378 1459 affecere.
1392 1423 1478 1459 3hic
1497 1425 1587 1466 tum,
1608 1425 1651 1458 ut

89 1477 143 1511 ait
155 1476 296 1511 Ennius
311 1477 551 1523 (adtenniu
560 1488 576 1511 s
589 1476 782 1522 plerique),
798 1477 938 1513 «nostri
952 1476 1020 1523 (ita
1033 1489 1127 1512 unus
1139 1477 1267 1512 Dresd.
1282 1479 1316 1521 δ,
1330 1488 1383 1512 no
1393 1489 1408 1512 s
1417 1477 1501 1512 tris
1522 1477 1648 1522 ceteri)

89 1540 230 1565 cessere
248 1531 498 1575 parumper».'

207 1583 302 1618 CXII
322 1585 417 1630 (588)
448 1583 586 1619 Paulus
606 1584 707 1619 Festi
720 1596 754 1629 p.
771 1588 802 1627 5,
817 1588 836 1619 6
851 1584 916 1618 Th.
935 1584 1132 1629 ‘adgretus
1153 1584 1254 1629 apud
1267 1583 1429 1618 Ennium
1449 1583 1649 1628 «adgretus

88 1636 188 1673 fari»
213 1647 280 1682 pro
307 1647 350 1672 eo
377 1637 476 1682 quod
502 1638 559 1672 est
584 1637 780 1683 adgressus
805 1637 973 1682 ponitur,
1001 1637 1101 1681 quod
1126 1637 1278 1672 verbum
1303 1636 1405 1672 venit
1431 1647 1453 1671 a
1479 1636 1649 1671 Graeco*

88 1691 225 1735 surgo.'
242 1689 294 1725 Cf.
309 1690 409 1725 idem
422 1703 458 1736 p.
471 1693 526 1733 55,
540 1694 560 1725 3
575 1690 640 1726 Th.
659 1691 670 1708 ‘
680 1692 828 1736 egretus
843 1692 881 1726 et
894 1691 1070 1736 adgretus
1085 1701 1129 1726 ex
1143 1690 1282 1726 Graeco
1297 1691 1384 1725 sunt
1397 1690 1510 1725 ducta
1530 1701 1552 1725 a
1572 1701 1649 1724 sur-

87 1744 209 1789 gendo
230 1745 267 1778 et
285 1743 578 1789 proficiscendo?

206 1796 318 1832 CXIII
337 1799 432 1843 (589)
464 1797 602 1832 Paulus
622 1798 723 1833 Festi
742 1810 777 1843 p.
794 1801 872 1841 353,
890 1802 907 1832 1
923 1797 989 1832 Th.
1007 1798 1121 1833 ‘runa
1140 1808 1257 1844 genus
1277 1797 1344 1833 teli
1364 1797 1561 1843 significat.
1576 1796 1649 1831 En-

87 1850 170 1885 nius
192 1852 349 1887 «runata
374 1851 537 1887 recedit»
558 1851 597 1886 id
618 1853 674 1887 est
692 1851 902 1897 proeliata.'
925 1851 981 1886 Ex
1000 1851 1100 1886 Festi
1119 1851 1256 1886 litteris
1276 1850 1371 1885 nihil
1391 1850 1488 1885 effici
1514 1851 1647 1895 potest.

206 1903 258 1939 Cf.
274 1903 310 1938 C.
327 1903 382 1938 Gl.
397 1904 435 1938 L.
451 1917 503 1939 vn
521 1917 556 1950 p.
572 1908 651 1939 217.

206 1956 318 1992 CXIV
337 1959 433 2003 (590)
470 1958 608 1993 Paulus
628 1958 730 1993 Festi
748 1971 783 2004 p.
800 1961 879 2001 431,
896 1962 916 1992 3
931 1958 996 1992 Th.
1021 1959 1168 2003 ‘sospes
1195 1957 1327 1993 salvus.
1356 1957 1497 1991 Ennius
1523 1958 1649 1991 tamen

87 2010 264 2055 sospitem
288 2022 354 2056 pro
381 2012 566 2046 servatore
590 2012 743 2056 posuit.’
765 2012 895 2046 Festus
915 2012 994 2046 ‘sos
1009 2032 1053 2037 -——
1069 2032 1112 2037 ——
1135 2013 1140 2056 Ι
1163 2022 1290 2046 omnes
1315 2010 1411 2045 ferre
1432 2021 1501 2045 auc
1515 2030 1559 2035 -
1580 2030 1623 2034 —
1641 2009 1646 2056 Ι

87 2063 262 2098 Afranius
282 2063 322 2098 in
342 2074 388 2109 ep
409 2085 452 2090 —
474 2085 517 2090 —
532 2064 536 2111 Ι
554 2066 699 2099 servent
718 2065 792 2099 tuis
814 2086 857 2090 —
879 2086 922 2090 —-
956 2064 1138 2100 «maxime
1155 2063 1393 2109 Teu(crorum
1413 2063 1554 2104 ductor,
1576 2073 1648 2107 quo

87 2116 239 2162 sospite)
251 2116 254 2163 Ι
271 2127 497 2161 numquam»
511 2117 615 2162 (Aen.
624 2130 691 2152 v111
704 2119 797 2162 470).
812 2117 920 2151 En—
934 2138 977 2143 -
990 2117 993 2163 Ι
1006 2118 1201 2162 parentem
1214 2118 1253 2152 et
1263 2128 1314 2162 pa
1325 2138 1365 2142 —-
1377 2137 1420 2142 —-
1432 2116 1436 2163 Ι
1448 2115 1648 2161 sospitem»

88 2172 197 2214 (scen.
213 2171 306 2216 406).
321 2170 397 2205 Ace
412 2191 453 2195 —
476 2191 519 2196 —
535 2170 538 2217 Ι
555 2170 626 2204 rite
646 2171 695 2205 ad
713 2170 813 2215 patri
834 2191 877 2195 —
899 2191 942 2196 -—
957 2170 961 2217 Ι
979 2171 1044 2204 set.
1066 2170 1207 2204 Ennius
1227 2170 1346 2204 vid—
1359 2191 1402 2196 —
1416 2169 1420 2217 Ι
1434 2169 1545 2204 ficare
1565 2180 1649 2204 cum

88 2223 150 2257 dix
165 2245 208 2249 —
223 2244 267 2249 —-
283 2222 443 2270 Hiber».²
460 2222 616 2258 Ursinus
629 2223 722 2268 ‘quo
738 2222 877 2268 sospite
889 2222 1004 2257 liber’
1023 2223 1219 2268 supplevit.

206 2276 301 2312 CXV
315 2278 410 2323 (591)
443 2276 631 2312 Charisius
645 2290 658 2311 1
671 2289 706 2321 p.
722 2279 778 2319 83,
794 2280 838 2310 22
852 2276 895 2310 K.
913 2276 1026 2311 ‘celer
1039 2276 1193 2312 celerior
1212 2277 1424 2312 celerrimus
1440 2275 1648 2322 (celeris-

87 2344 222 2384 simus
242 2341 374 2387 Neap.)
395 2342 488 2377 facit
509 2370 514 2376 .
532 2370 538 2376 .
559 2353 647 2377 nam
667 2342 766 2386 quod
786 2341 928 2376 Ennius
948 2341 1003 2376 ait
1022 2342 1235 2386 «equitatus
1260 2332 1537 2393 utcelevffffimus»
1563 2342 1647 2378 bar-

87 2394 270 2429 barismus
291 2395 372 2429 est'
467 2394 519 2430 Cf.
535 2398 615 2430 460.
1373 2386 1382 2394 ⁵

205 2447 318 2483 CXVI
339 2449 433 2494 (593)
473 2448 660 2483 Charisius
680 2461 692 2482 1
711 2461 746 2493 p.
765 2451 842 2489 141,
859 2451 903 2482 25
923 2447 966 2482 K.
984 2447 1153 2492 ‘partum
1175 2477 1180 2482 .
1199 2477 1204 2482 .
1222 2476 1228 2483 .
1250 2450 1288 2483 et
1313 2448 1454 2483 Ennius
1475 2449 1647 2493 «iamque

86 2500 112 2536 f.
127 2514 182 2535 1111
201 2503 385 2546 partum»,
406 2502 582 2547 quoniam
602 2501 649 2536 ab
668 2502 739 2536 hac
757 2503 864 2547 parte
884 2501 976 2537 facit
995 2503 1033 2537 et
1051 2502 1118 2537 has
1138 2503 1290 2547 partes’

207 2673 289 2712 587
312 2673 370 2722 Cf.
384 2673 578 2712 Licuxxw
593 2683 659 2722 44,
671 2682 693 2719 3
709 2672 877 2712 Romani
891 2673 987 2711 duce
1005 2675 1091 2723 ipso
1110 2675 1376 2724 praecipiente
1395 2686 1647 2724 parumper

88 2744 287 2782 cessere,
312 2735 358 2771 ut
375 2734 577 2782 propiores
598 2732 781 2771 subsidiis
803 2733 845 2770 in
868 2734 1079 2772 certamine
1101 2734 1187 2783 ipso
1215 2733 1491 2772 submittendis
1517 2736 1646 2772 essent

208 2792 289 2830 591
318 2793 495 2841 equitum
521 2792 781 2830 celerissimus
807 2792 862 2830 ed.
878 2793 1005 2839 princ.
1027 2794 1228 2842 equitatus
1256 2794 1305 2831 iit
1330 2805 1360 2830 c.
1380 2792 1646 2831 Baehrensius

207 2851 289 2889 593
317 2852 508 2900 quattuor
528 2852 768 2900 bissyllabum,
789 2851 836 2898 cf.
857 2852 909 2889 ad
929 2860 1007 2899 93,·
1026 2852 1103 2890 diez·
1125 2852 1218 2890 haec
1236 2853 1414 2890 videntur
1435 2852 1482 2889 de
1502 2851 1646 2899 viyih'is

87 2921 185 2957 quae
202 2911 246 2948 in
256 2912 435 2958 quattuor
444 2913 591 2958 partes,
605 2911 649 2948 ut
666 2911 723 2948 ait
737 2910 911 2958 Veyetius
931 2912 1016 2959 epit.
1029 2912 1087 2950 rei
1104 2912 1183 2949 mil.
1198 2923 1244 2948 111
1262 2908 1300 2955 8,
1319 2912 1429 2949 erant
1444 2911 1592 2949 divisae
