2020 3334
814 189 860 224 M.
883 189 1052 226 CICERO
1630 196 1709 232 Lm

274 297 334 335 Ex
372 297 460 335 aliis
497 297 608 336 libris
639 299 830 338 Ennianis
868 301 908 339 in
940 302 1094 351 scriptis
1126 303 1368 354 philosophis
1401 318 1486 344 cum
1519 306 1706 356 Epichar-

157 368 245 394 mus
288 356 406 394 semel
449 356 612 394 affertur
653 358 695 395 in
734 358 899 398 Lucullo
937 357 1025 413 (16,
1046 356 1138 412 51),
1181 362 1249 400 ubi
1293 377 1392 413 quae
1436 377 1554 414 supra
1591 367 1707 404 attuli

157 429 193 464 p.
220 427 330 453 XLVII
362 414 409 453 de
441 415 591 453 somnio
617 416 735 454 Ennii
759 417 978 468 Homerico,
1010 421 1114 468 quod
1139 423 1224 459 erat
1247 422 1288 459 in
1313 423 1469 461 exordio
1496 425 1708 474 annalium,

157 475 404 523 excipiuntur
442 474 489 512 ab
526 474 588 512 his
624 475 798 523 idemque
834 478 876 514 in
913 478 1150 525 Epicharmo
1181 476 1250 531 [1]:
1283 477 1390 519 ‘nam
1424 483 1582 521 videbar
1610 496 1707 521 som-

155 535 267 572 niare
297 533 383 571 meol
413 544 478 582 eyo
510 544 588 571 esse
612 531 833 580 mortuum’,
862 548 960 584 quae
986 537 1105 574 verba
1130 540 1168 575 et
1192 539 1286 577 haec
1313 540 1362 577 ad
1388 541 1557 579 Ennium
1581 543 1706 580 redire

157 594 196 630 et
225 593 298 630 hoc
330 594 523 630 somnium
556 592 604 630 ab
635 593 705 631 illo
737 593 934 632 diversum
965 607 1047 633 esse
1072 597 1326 646 patefaciunt,
1356 600 1441 636 tum
1466 600 1706 640 Euhemerus

155 652 251 689 item
281 652 400 689 semel
431 653 671 689 memoratur
701 652 748 690 de
779 654 858 690 nat.
892 653 993 691 deor.
1027 649 1060 706 (1
1085 656 1153 703 42,
1176 651 1296 708 119),
1327 656 1395 694 ubi
1426 658 1520 696 haee
1555 660 1706 698 scribit:

158 711 232 759 Qui
270 713 339 748 aut
374 712 490 758 fortes
527 713 596 748 aut
631 711 756 749 claros
793 715 862 749 aut
890 715 1061 759 potentes
1095 715 1198 752 viros
1234 715 1393 753 tradunt
1422 720 1511 763 post
1552 722 1708 756 mortem

157 770 209 808 ad
245 770 333 808 deos
362 770 602 817 pervenisse,
639 781 772 818 eosque
810 782 887 809 esse
917 773 1021 818 ipsos
1052 784 1144 819 quos
1174 785 1244 810 nos
1275 775 1392 812 colere
1416 778 1573 822 precari
1603 789 1709 815 vene-

156 830 314 876 rarique
337 829 540 873 soleamus,
564 840 692 867 nonne
717 832 883 877 erpertes
906 834 998 868 sunt
1021 832 1250 880 reliyionum
1275 835 1472 871 omnium?
1496 847 1593 882 quae
1611 837 1710 874 ratio

155 889 321 926 maxime
358 890 523 926 tractata
554 888 602 925 ab
634 888 850 926 Euhemero
888 892 957 934 est,
995 902 1104 937 quem
1140 894 1266 929 noster
1303 895 1336 930 et
1371 894 1640 941 interpretatus
1677 898 1711 932 ct

154 950 304 985 secutus
342 949 396 985 cst
424 949 583 994 praeter
619 950 757 985 ceteros
794 948 963 986 Ennius.
1001 948 1063 987 Ab
1095 950 1310 988 Euhemero
1348 955 1474 989 autem
1511 955 1544 990 et
1573 956 1709 992 mortes

156 1009 190 1045 ct
226 1006 447 1053 sepulturae
484 1005 797 1044 demonstrantur
835 1007 1002 1046 deorum.
1049 1009 1187 1047 Utrum
1222 1011 1342 1057 iyitur
1371 1011 1431 1049 liic
1464 1013 1710 1058 confirmasse

159 1065 307 1103 oicletur
337 1066 560 1113 religionem
592 1077 644 1103 an
669 1067 828 1113 penitus
859 1069 976 1104 totam
1005 1068 1232 1106 sustulisse?
1263 1068 1374 1106 Unde
1405 1069 1574 1120 intelligi
1605 1070 1709 1108 vide-

155 1126 220 1162 tur
254 1123 477 1162 Ciceronem
514 1124 732 1162 Euhemero
769 1125 900 1174 potius
942 1139 1060 1175 quam
1099 1127 1180 1164 eius
1217 1128 1429 1176 interprete
1467 1141 1579 1167 usum
1618 1141 1708 1167 esse.

156 1183 334 1232 Denique
367 1183 678 1234 Epigrammata,
711 1197 756 1221 ex
789 1184 929 1233 quibus
962 1198 1062 1234 quae
1089 1188 1253 1235 exstant,
1286 1187 1416 1224 omnia
1442 1189 1510 1225 uni
1536 1187 1711 1226 Ciceroni

156 1242 355 1280 debentur.
417 1242 593 1279 Primum
631 1243 743 1281 Tusc.
782 1244 879 1292 disp.
914 1238 946 1296 (1
981 1245 1052 1293 15,
1074 1239 1147 1297 34)
1187 1245 1261 1283 duo
1299 1245 1421 1294 ipsius
1458 1247 1576 1284 Ennii
1608 1243 1641 1298 [1
1672 1249 1711 1285 et

156 1297 222 1352 11],
260 1301 306 1339 de
337 1303 509 1352 imagine
547 1304 687 1351 poetae
725 1304 764 1340 et
799 1303 966 1340 alterum
1004 1304 1237 1352 sepulcrale:
1275 1317 1366 1342 nam
1403 1306 1512 1354 prius
1544 1318 1620 1343 non
1653 1308 1710 1343 est

156 1360 261 1410 quod
300 1361 515 1409 sepulcrale
553 1361 746 1399 habeatur
783 1374 853 1400 neo
889 1363 962 1400 1100
1002 1362 1129 1400 verbis
1173 1362 1367 1401 Ciceronis
1406 1365 1584 1414 exigitur.
1648 1364 1710 1402 Sic

154 1420 279 1470 igitur
324 1419 474 1458 Cicero:
515 1421 608 1468 quicl
645 1424 780 1468 poetae
822 1432 949 1459 nonne
989 1425 1074 1468 post
1116 1425 1272 1460 mortem
1314 1424 1512 1461 nobilitari
1554 1424 1710 1461 volunt?

164 1479 272 1518 Unde
305 1491 391 1527 erqo
422 1480 541 1517 illud:

367 1538 551 1586 Aspicite,
583 1550 603 1576 o
635 1540 746 1584 cives,
776 1541 878 1577 senis
910 1540 1021 1577 Enni
1051 1541 1234 1588 imayinis
1264 1542 1454 1588 formam:

439 1598 517 1636 Hic
547 1601 716 1636 vestrum
739 1600 884 1646 panxit
913 1600 1086 1636 maxima
1116 1600 1221 1647 facta
1245 1603 1417 1646 patrum.

154 1657 371 1695 filet-cedem
387 1658 536 1705 qloriae
554 1659 706 1706 flayitat
725 1659 772 1696 ab
786 1659 848 1702 iis,
868 1669 1031 1706 quorum
1036 1661 1171 1706 patres
1187 1659 1380 1707 adfecerat
1390 1659 1527 1707 yloria,
1540 1659 1711 1706 idemque

367 1716 490 1755 Nemo
521 1729 580 1755 me
611 1718 784 1755 lacrimis

441 1775 547 1814 Gur?
577 1777 691 1814 volito
722 1778 828 1814 vicos
852 1788 927 1823 per
957 1787 1028 1814 ora
1058 1778 1197 1814 virum.

156 1833 329 1878 Quorum
371 1835 443 1872 11οο
487 1835 629 1872 iterum
672 1835 714 1872 in
756 1835 895 1873 iisdem
933 1835 1043 1873 Tusc.
1089 1835 1187 1884 disp.
1227 1830 1259 1887 (1
1287 1830 1490 1888 49,117)
1535 1835 1710 1873 affertur:

155 1894 249 1941 quid
278 1894 416 1932 melius
447 1907 565 1941 quam
595 1896 638 1932 in
668 1895 805 1933 mediis
836 1896 937 1933 vitae
967 1895 1164 1933 laboribus
1190 1895 1463 1933 obdormiscere
1489 1898 1522 1932 et
1545 1896 1601 1932 ita
1626 1907 1711 1932 con-

153 1954 342 1990 niventem
384 1964 516 1991 somno
554 1955 748 2001 consopiri
788 1955 1043 2001 sempiterno?
1086 1954 1186 2002 quod
1221 1955 1257 1991 si
1292 1955 1380 2000 fiat,
1416 1954 1549 1991 melior
1586 1954 1712 1991 Ennii

153 2024 270 2059 quam
306 2012 458 2050 Solonis
496 2014 629 2050 oratio.
669 2014 750 2051 Hic
792 2014 894 2050 enim
929 2015 1056 2051 noster
1089 2009 1212 2051 ‘nemo
1248 2025 1307 2050 mc
1343 2013 1515 2050 lacrimis
1552 2009 1710 2050 decoret’

151 2072 278 2118 inquit
309 2068 392 2110 ‘nec
421 2073 564 2119 funera
594 2073 686 2118 fletu
716 2068 842 2119 sumt?
881 2070 935 2109 At
965 2083 1052 2109 vero
1083 2072 1147 2110 ille
1176 2073 1352 2118 sapiens:
1390 2067 1507 2108 ‘mors
1544 2083 1628 2108 mea
1665 2083 1711 2108 nc

152 2132 282 2168 careat
305 2131 490 2174 lac-rimis,
516 2131 739 2177 linquamus
771 2132 906 2169 amicis
937 2141 1160 2174 maerorem,
1185 2132 1228 2167 ut
1252 2130 1434 2168 celebrent
1457 2131 1600 2175 funera
1624 2141 1711 2167 cum

150 2186 320 2237 qemun?
358 2188 404 2225 In
443 2188 682 2238 eandemque
714 2189 949 2227 sententiam
981 2201 1069 2226 cum
1102 2187 1242 2226 Solone
1274 2199 1503 2237 comparans
1540 2188 1710 2225 Ennium

152 2247 256 2285 idem
287 2248 531 2297 epigramma
563 2247 678 2285 affert
710 2246 806 2285 Cato
840 2242 905 2299 (de
937 2259 1014 2285 sen.
1051 2249 1114 2295 20,
1139 2241 1211 2299 73)
1241 2246 1392 2284 Solonis
1423 2247 1576 2294 quidem
1605 2249 1711 2294 sapi-

153 2308 249 2344 entis
281 2309 334 2344 cst
364 2307 538 2355 eloctum,
570 2318 643 2354 quo
673 2319 713 2345 se
742 2309 856 2355 neyat
886 2307 978 2344 velle
1008 2318 1122 2343 suam
1151 2309 1309 2343 mortem
1340 2306 1467 2343 dolore
1498 2307 1711 2344 amicorum

152 2368 186 2404 et
221 2366 399 2404 lamentis
435 2377 585 2404 vacare.
631 2366 715 2403 Volt
751 2366 861 2405 credo
897 2377 936 2403 se
973 2377 1051 2403 esse
1087 2377 1223 2403 carum
1258 2366 1359 2408 suis,
1396 2365 1462 2402 secl
1498 2365 1604 2402 baud
1633 2367 1710 2402 scio

153 2437 207 2463 an
247 2425 384 2463 melius
422 2425 580 2463 Ennius
625 2422 748 2463 ‘nemo
790 2437 849 2463 me
891 2425 1063 2462 lacrimis
1106 2424 1251 2463 decoret
1286 2436 1405 2471 neque
1440 2425 1583 2471 funera
1620 2425 1710 2470 fletu

152 2480 279 2531 faxit?
324 2495 403 2522 non
439 2487 561 2522 censet
598 2485 803 2532 luyendam
847 2496 924 2521 esse
964 2486 1122 2522 mortem
1158 2495 1276 2530 quam
1313 2483 1584 2520 immortalitas
1625 2493 1710 2520 con-

149 2546 343 2591 sequatur.
380 2543 440 2580 Ex
477 2543 644 2581 secundo
678 2545 717 2581 et
748 2544 865 2580 tertio
907 2542 1002 2591 loco,
1042 2543 1110 2591 qui
1150 2543 1319 2591 primam
1356 2543 1512 2579 tantum
1557 2543 1707 2579 senten-

151 2602 250 2640 tiam
288 2602 354 2640 sed
392 2615 479 2640 eam
515 2604 712 2652 integram
748 2601 894 2639 habent
938 2614 1038 2650 quae
1082 2614 1221 2639 manca
1264 2602 1323 2638 est
1364 2602 1405 2638 in
1442 2601 1587 2648 primo,
1632 2612 1708 2637 non

154 2662 238 2699 erat
275 2661 380 2710 quod
417 2661 517 2699 hanc
555 2662 780 2711 suppletum
817 2662 921 2699 irent
958 2655 1023 2713 (de
1062 2673 1140 2709 qua
1177 2673 1218 2697 re
1256 2659 1352 2697 alibi
1395 2653 1515 2711 d1x1);
1559 2660 1597 2696 et
1641 2658 1708 2705 qui

151 2722 255 2758 recte
297 2733 381 2758 rem
422 2722 597 2770 reputat,
647 2721 845 2770 intelliget
886 2720 1043 2757 tantum
1086 2731 1241 2768 quoque
1284 2719 1368 2756 loco
1410 2718 1582 2766 positum
1626 2728 1707 2753 esse

154 2781 346 2827 quantum
378 2781 540 2818 consilio
573 2779 858 2826 satisfaciebat,
890 2792 938 2816 ne
976 2779 1023 2816 de
1055 2777 1252 2816 Ciceronis
1290 2790 1394 2814 more
1433 2776 1559 2813 dicam
1591 2787 1706 2822 quem

152 2839 270 2876 toties
295 2838 466 2877 vidimus
493 2852 570 2876 non
595 2840 699 2876 totos
726 2850 860 2876 versus
886 2837 954 2876 sed
978 2837 1116 2875 indicii
1142 2849 1259 2874 causa
1278 2848 1402 2884 pauca
1422 2834 1540 2871 verba
1559 2833 1705 2870 afferre.

155 2896 255 2934 Dein
286 2896 465 2936 Africani
496 2900 590 2936 item
623 2898 698 2936 duo
731 2894 795 2948 [111
814 2898 853 2935 et
872 2893 945 2948 1v],
979 2896 1206 2946 sepulcrale,
1243 2895 1352 2932 cuius
1383 2894 1543 2931 init-ium
1575 2893 1634 2929 est
1666 2890 1706 2928 in

135 1766 155 1783 D

1718 3036 1724 3064 l
