2004 3278
271 222 396 259 CXLII
828 223 854 257 Ι.
880 221 1108 258 HISTORIA
1125 221 1263 258 ENNII

384 334 575 372 Macrobii
595 333 824 373 Saturnalia
848 335 935 372 tum
959 334 1002 372 in
1021 346 1066 372 eo
1092 336 1178 373 erat
1201 335 1248 373 ut
1267 346 1291 373 a
1308 333 1510 374 Ludovico
1527 334 1624 374 Iano
1644 333 1694 373 ad
1713 334 1830 374 fidem

266 394 458 432 librorum
484 395 524 431 et
549 393 692 443 amplis
718 393 1009 432 commentariis
1035 394 1247 444 explanata
1266 393 1474 432 ederentur
1492 388 1548 448 (a.
1570 388 1718 447 1852),
1742 407 1830 432 cum

267 465 339 504 ego
363 452 604 502 incipiebam
621 452 743 491 Ennii
762 452 950 503 reliquias
969 452 1178 491 undeunde
1198 453 1382 504 colligere
1402 454 1443 491 et
1461 453 1512 491 ad
1530 464 1643 492 suam
1661 454 1831 493 formam

266 524 463 560 revocare,
496 513 535 550 et
560 511 637 550 viri
661 512 889 551 humanitas
913 512 987 551 hoc
1012 512 1129 551 facile
1155 512 1346 551 concessit
1368 513 1416 550 ut
1440 513 1619 562 singulae
1643 513 1829 563 plagulae

265 571 375 621 prelo
406 571 547 609 relicto
580 571 629 610 ad
660 584 723 609 me
761 572 1024 610 mitterentur.
1063 572 1123 609 Ex
1161 584 1206 610 eo
1242 573 1420 621 tempore
1450 571 1672 610 Macrobius
1708 572 1770 610 bis
1807 585 1831 609 a

265 630 476 669 Francisco
495 630 789 680 Eyssenhardto
814 632 1040 681 recognitus
1067 644 1100 669 a.
1124 631 1236 669 1868
1263 632 1303 669 et
1331 631 1442 669 1893
1469 631 1656 681 vulgatus
1675 632 1747 679 est,
1771 632 1831 669 ita.

264 690 311 727 ut
336 690 492 729 omissis
517 691 656 728 ceteris
682 691 724 728 in
744 690 958 729 Parisiensi
978 692 1018 728 et
1036 690 1319 741 Bambergensi
1338 689 1537 728 codicibus
1557 702 1670 728 suam
1690 689 1830 728 edendi

265 761 426 798 operam
445 750 638 788 contineri
657 750 797 788 vellet:
823 749 931 799 quod
950 750 1025 788 etsi
1044 762 1122 787 non
1140 750 1341 787 inutiliter
1359 749 1587 787 institutum
1607 750 1678 798 est,
1695 750 1830 788 tamen

264 820 335 847 nec
361 808 522 847 editoris
549 808 757 859 diligentia
781 821 1020 860 magnopere
1054 808 1242 847 laudatur
1273 811 1313 847 et
1342 809 1384 847 in
1410 808 1540 846 Ennio
1571 809 1670 846 mihi
1701 810 1831 847 visum

265 869 325 906 est
355 880 434 906 non
464 868 582 906 licere
612 868 733 906 libros
768 881 791 907 a
821 868 919 906 Iano
958 868 1123 907 collatos
1159 880 1319 918 prorsus
1356 868 1682 918 praetermittere.
1720 867 1830 906 Idem

264 926 582 976 Eyssenhardtus
609 940 642 966 a.
666 927 777 965 1866
805 928 1019 966 multorum
1045 927 1224 966 codicum
1248 927 1324 965 fide
1358 927 1516 965 adiutus
1541 927 1731 965 Martiani
1756 926 1828 965 Ca-

264 985 393 1036 pellae
419 986 632 1025 editionem
658 987 828 1036 paravit,
854 999 933 1037 qua
957 988 1084 1037 possis
1111 986 1292 1026 abstrusa
1311 987 1394 1025 eius
1414 986 1594 1025 doctrina
1612 986 1703 1035 frui,
1728 999 1830 1036 quae

265 1047 384 1084 antea
409 1058 455 1084 ex
480 1044 610 1084 Grotii
635 1046 860 1096 Koppiique
885 1046 1153 1085 voluminibus
1178 1046 1350 1096 petenda
1375 1047 1470 1084 erat.

382 1104 506 1143 Plura
530 1106 719 1155 praeterii
744 1118 847 1155 quae
872 1105 1082 1144 memorari
1106 1107 1303 1155 poterant,
1329 1118 1408 1155 quo
1428 1106 1555 1156 magis
1575 1105 1751 1143 condicio
1769 1118 1828 1144 re-

266 1178 355 1202 rum
380 1177 480 1214 quae
505 1166 591 1202 tum
616 1166 718 1203 esset
744 1166 782 1202 et
802 1178 902 1214 quae
922 1177 1028 1203 nunc
1047 1166 1107 1203 est
1125 1165 1347 1215 patefieret:
1372 1165 1413 1202 in
1435 1164 1576 1213 quibus
1595 1164 1829 1214 Porphyrio,

267 1223 378 1262 cuius
399 1225 662 1262 commentum
681 1225 723 1261 in
742 1223 901 1262 Horatii
921 1225 1098 1262 carmina
1116 1226 1207 1274 post
1225 1224 1400 1262 Ennium
1420 1236 1444 1261 a
1462 1236 1524 1261 me
1545 1223 1695 1262 editum
1715 1225 1830 1273 quat-

262 1284 355 1320 tuor
389 1283 559 1322 editores
590 1285 751 1321 nactum
783 1285 860 1328 est,
898 1284 966 1322 sed
997 1296 1164 1332 quorum
1195 1283 1271 1321 duo
1303 1284 1460 1321 tantum
1492 1282 1602 1334 digni
1634 1285 1728 1321 sunt
1761 1284 1831 1332 qui

268 1341 491 1391 laudentur,
517 1341 735 1381 Gulielmus
754 1342 948 1392 Meyerus,
968 1343 1037 1392 (1111
1057 1355 1090 1380 a.
1114 1343 1227 1380 1874
1247 1343 1350 1381 hunc
1370 1342 1695 1380 commentarium
1713 1343 1829 1381 unius

266 1400 333 1439 sed
358 1401 474 1450 probi
500 1401 643 1440 codicis
670 1414 742 1452 ope
767 1402 966 1440 recensuit
992 1397 1059 1455 (cf.
1081 1401 1213 1440 Herm.
1234 1414 1291 1439 xn
1311 1415 1347 1451 p.
1372 1395 1580 1453 190sqq.),
1607 1403 1646 1439 et
1665 1401 1712 1439 A.
1732 1401 1828 1440 Hol-

263 1459 390 1510 derus‚
416 1461 485 1510 qui
511 1473 544 1498 a.
569 1461 681 1499 1894
707 1473 809 1499 novo
835 1461 902 1500 sed
928 1461 1050 1499 simili
1074 1461 1183 1499 illius
1208 1461 1464 1499 fundamento
1490 1462 1595 1499 iacto
1627 1472 1740 1499 suam
1770 1474 1828 1499 re-

267 1521 533 1571 cognitionem
560 1515 746 1574 exegit.*)

380 1579 463 1618 Nec
481 1580 646 1618 reticere
665 1591 825 1629 possum
843 1579 1084 1618 Frontonem
1103 1581 1143 1618 et
1155 1579 1382 1630 Apuleium,
1402 1591 1570 1629 quorum
1582 1580 1651 1618 ille
1665 1591 1699 1617 a.
1716 1580 1827 1617 1867

264 1651 287 1676 a
308 1637 345 1677 S.
366 1638 414 1676 A.
434 1638 591 1677 Nabero
617 1639 768 1677 schedis
789 1637 832 1676 G.
853 1638 914 1676 W.
936 1639 991 1676 du
1009 1639 1109 1677 Rieu
1129 1639 1317 1678 adhibitis
1337 1639 1501 1677 meliore
1521 1641 1626 1677 certe
1645 1651 1734 1677 cum
1753 1638 1829 1677 fide

265 1697 394 1736 editus
427 1699 487 1736 est
517 1710 637 1747 quam
668 1698 709 1736 in
739 1698 789 1737 iis
821 1698 965 1748 quibus
996 1698 1095 1736 mihi
1125 1699 1221 1736 olim
1251 1710 1405 1736 necesse
1438 1699 1524 1736 erat
1553 1699 1615 1736 uti
1645 1698 1829 1736 editioni-

265 1755 355 1805 bus3
388 1758 507 1806 atque
531 1758 574 1795 in
598 1756 827 1796 Naberiana
851 1770 954 1796 nunc
983 1757 1272 1807 persistendum
1304 1757 1392 1806 fuit,
1425 1755 1612 1806 quoniam
1645 1770 1747 1806 quae
1779 1757 1827 1795 ab

264 1815 464 1854 Edmundi
488 1816 655 1854 Hauleri
686 1817 832 1866 peritia
863 1818 1113 1866 exspectatur
1137 1816 1350 1855 Frontonis
1379 1817 1618 1855 instauratio
1652 1816 1829 1855 nondum

265 1876 461 1925 apparuit.
488 1875 653 1914 Interim
678 1876 722 1913 B.
743 1875 960 1914 Kueblerus
987 1889 1011 1914 a
1034 1889 1097 1914 me
1122 1877 1284 1926 rogatus
1308 1876 1486 1926 inspecto
1512 1875 1642 1914 codice
1660 1875 1828 1914 Ambro-

266 1935 377 1972 siano
409 1934 611 1984 rescripsit
643 1947 743 1984 quae
776 1934 825 1973 ad
858 1935 1060 1973 annalium
1084 1948 1121 1974 v.
1144 1935 1197 1973 67
1232 1935 1430 1973 adnotavi.
1463 1934 1655 1985 Apuleius
1687 1935 1827 1985 quibus

263 1993 440 2032 versibus
473 1994 593 2032 Ennii
624 2007 719 2033 usus
751 1995 811 2033 est
842 1993 884 2032 in
917 1994 1099 2045 apologia
1126 1995 1179 2032 39
1208 1992 1264 2047 (p.
1287 1995 1369 2032 218
1385 1989 1508 2047 sqq),
1546 1994 1596 2032 ad
1627 2006 1692 2033 eos
1730 1994 1827 2032 mihi

263 2053 359 2091 olim
383 2052 425 2090 in
449 2055 637 2102 promptu
663 2054 823 2092 fuerunt
848 2054 1067 2103 scripturae
1086 2053 1135 2091 H.
1156 2053 1277 2092 Keilii
1296 2065 1417 2091 manu
1436 2066 1482 2091 ex
1502 2053 1633 2091 codice
1653 2052 1827 2092 Lauren-

262 2113 372 2150 tiano
399 2114 614 2162 excerptae.
640 2112 784 2151 Postea
809 2113 928 2151 semel
949 2115 988 2151 et
1006 2114 1151 2151 iterum
1171 2113 1356 2164 apologia
1376 2112 1550 2151 eiusdem
1569 2112 1714 2151 codicis
1734 2125 1825 2151 auc-

262 2171 425 2210 toritate
445 2171 661 2210 identidem
681 2174 722 2210 et
740 2174 889 2211 maiore
909 2185 1060 2223 semper
1080 2185 1169 2211 cum
1189 2185 1283 2210 cura
1299 2172 1435 2210 collati
1450 2172 1557 2210 edita
1570 2174 1640 2221 est,
1661 2184 1694 2209 a.
1713 2172 1825 2210 1864

263 2242 287 2268 a
306 2228 481 2269 Gustavo
501 2231 715 2282 Kruegero,
741 2245 866 2282 nuper
891 2244 924 2270 a.
949 2233 1062 2270 1900
1084 2231 1132 2269 ab
1152 2231 1182 2269 Ι.
1203 2245 1280 2269 van
1299 2232 1368 2270 der
1386 2231 1507 2280 Vliet,
1532 2244 1603 2269 nec
1622 2231 1681 2268 ita
1700 2231 1826 2269 multo

262 2291 352 2339 post
372 2291 534 2328 tertium
553 2290 598 2328 R.
618 2290 766 2329 Helmii
787 2303 881 2329 cura
901 2291 1049 2339 edetur,
1075 2291 1144 2340 qui
1162 2292 1322 2329 interim
1342 2290 1391 2328 ad
1411 2303 1545 2329 versus
1566 2290 1686 2328 Ennii
1705 2290 1825 2340 scrip-

261 2351 372 2388 turas
392 2362 438 2387 ex
458 2349 592 2388 eodem
613 2350 744 2388 codice
764 2350 891 2388 denuo
911 2362 1073 2389 excusso
1091 2351 1256 2388 haustas
1275 2350 1374 2388 mihi
1393 2349 1569 2388 invidere
1588 2349 1728 2388 noluit.

381 2408 428 2446 In
454 2408 603 2447 Donati
629 2409 910 2448 commentario
937 2409 987 2448 ad
1013 2409 1241 2448 Terentium
1270 2410 1339 2457 qui
1369 2410 1462 2447 sunt
1491 2420 1626 2447 versus
1651 2409 1825 2446 Enniani

263 2467 313 2505 ad
350 2480 415 2506 eos
451 2467 641 2507 Ludovici
676 2467 872 2519 Schopeni
907 2469 1183 2507 benevolentia
1221 2468 1320 2506 mihi
1363 2468 1610 2517 quorundam
1647 2467 1825 2506 codicum

263 2527 479 2576 scripturas
505 2527 804 2578 perscripserat3
830 2527 899 2578 qui
926 2540 1045 2578 quam
1075 2527 1360 2578 supellectilem
1391 2526 1571 2565 criticam
1600 2526 1823 2577 collegerat,

380 2663 410 2708 *)
435 2663 491 2698 Ex
522 2663 642 2699 altera
673 2664 897 2699 scholiorum
922 2664 1211 2699 Horatianorum
1243 2663 1414 2709 congerie
1445 2673 1542 2707 quae
1571 2663 1726 2698 Acronis
1757 2673 1822 2698 no-

261 2710 362 2746 mine
375 2710 492 2746 fertur
504 2723 579 2746 non
592 2712 762 2756 poteram
772 2722 872 2756 quae
882 2711 999 2746 Ennio
1010 2711 1224 2746 adhibenda
1235 2713 1341 2746 erant
1350 2712 1388 2746 et
1398 2721 1494 2755 quae
1508 2721 1620 2755 supra
1629 2722 1821 2755 p.1.xxxv11

263 2757 469 2803 disceptavi
494 2758 567 2793 nisi
593 2768 637 2793 ex
661 2759 700 2793 F.
721 2758 918 2794 Hauthalii
944 2769 1054 2804 opere
1080 2760 1125 2804 (a.
1149 2760 1254 2804 1864)
1273 2759 1450 2804 repetere.
1477 2756 1584 2791 Nunc
1603 2758 1736 2802 ipsum,
1757 2758 1821 2791 ab-

263 2805 395 2840 solutis
421 2806 603 2849 omnibus,
630 2805 783 2840 affertur
808 2817 934 2841 eorum
960 2805 1184 2841 scholiorum
1203 2816 1298 2841 nova
1316 2805 1481 2840 recensio
1500 2804 1701 2839 multorum
1721 2804 1821 2839 codi-

263 2863 346 2887 cum
377 2852 451 2888 fide
483 2863 636 2887 excussa
667 2853 715 2887 ab
741 2852 877 2888 Ottone
902 2853 1051 2888 Kellero
1081 2855 1231 2898 parata,
1263 2852 1327 2897 qui
1358 2851 1538 2888 volumini
1568 2851 1688 2896 primo
1721 2852 1821 2895 quod

263 2900 404 2944 prodiit
417 2900 529 2945 (Lips.
547 2901 650 2946 1902)
671 2900 814 2935 scholia
826 2900 866 2934 in
880 2900 1045 2935 carmina
1059 2903 1097 2935 et
1110 2901 1248 2946 epodos
1263 2899 1468 2935 continenti
1481 2898 1671 2944 inscripsit
1684 2899 1819 2934 Pseud-

262 2948 407 2982 acronis
431 2948 565 2983 scholia
590 2949 632 2983 in
656 2948 857 2983 Horatium
881 2949 1087 2983 vetustiora.
