2020 3334
291 265 359 301 XX
854 267 881 301 I.
908 265 1135 301 HISTORIA
1159 267 1298 302 ENNII

293 378 399 428 apud
438 376 664 416 Ciceronem
705 379 749 415 111
791 377 950 428 dialogo
993 378 1041 416 de
1084 380 1284 417 senectute
1321 373 1372 432 (c.
1406 380 1479 428 14,
1505 373 1581 433 50)
1622 392 1700 429 quo
1737 375 1855 417 ‘nihil

292 450 374 476 esse
405 438 534 475 otiosa
559 437 758 475 senectute
789 434 1013 475 iucundius'
1046 437 1186 475 doceat
1216 450 1335 486 quam
1363 439 1496 488 inquit
1528 439 1724 487 qaudebat
1759 439 1854 477 bello

289 508 361 534 suo
403 496 551 534 Punico
594 496 788 540 Naevius,
831 508 950 544 quam
997 496 1226 535 Truculento
1267 497 1453 542 Plautus,
1495 509 1613 545 quam
1653 499 1854 537 Pseudolo.

290 555 373 593 vidi
404 557 519 593 etiam
548 566 677 593 senem
706 555 889 593 Livium:
919 557 986 603 qui
1016 568 1104 594 cwm
1132 567 1199 594 sex
1229 557 1346 595 annis
1377 559 1465 594 ante
1495 568 1613 604 quam
1642 569 1708 606 eqo
1736 560 1854 596 natus

290 626 378 652 sum
410 609 466 666 (h.
493 627 524 652 e.
552 614 638 652 520
664 627 698 652 a.
723 608 783 667 u.)
820 615 999 662 fabulam
1035 615 1224 654 docuisset
1262 614 1426 654 Centone
1466 615 1732 664 Tuditanoque
1767 627 1854 655 con-

288 673 440 711 sulibus
471 667 525 725 (a.
554 667 657 726 514)
689 685 810 721 usque
841 673 894 712 ad
925 674 1220 713 adolescentiam
1249 686 1375 713 meam
1399 675 1588 722 processit
1618 677 1758 720 aetate,
1795 688 1853 723 ea,

290 733 324 770 si
354 732 471 770 modo
502 732 620 771 fidem
650 732 795 771 habeas
826 734 876 772 iis
903 746 1003 782 quae
1033 734 1109 771 tali
1138 734 1255 772 modo
1279 733 1502 782 tradantur,
1534 735 1574 771 et
1597 734 1670 772 ffla
1695 733 1853 783 quidem

288 792 391 829 nihil
422 792 559 830 vitiosi
588 791 747 840 habent,
778 805 827 830 116
858 793 1066 841 requirunt
1096 793 1256 842 quidem
1279 794 1508 831 ulteriorem
1532 794 1639 831 vitae
1663 792 1854 831 Livianae

289 863 446 889 annum.
484 851 681 889 Naevium
713 853 846 889 autem
873 850 1007 890 Cicero
1039 852 1176 890 scribit
1205 853 1247 890 in
1272 852 1399 890 Bruto
1424 847 1513 905 (15,
1535 847 1609 905 60)
1637 865 1739 890 anno
1767 853 1852 890 550

288 911 489 948 mortuum
520 923 620 948 esse:
651 911 711 948 his
742 911 962 949 consulibus
992 912 1124 960 inquit
1150 906 1386 962 (Cethegum
1417 914 1457 949 et
1482 911 1724 949 Tuditanum
1755 911 1853 950 dicit

288 969 430 1018 quibus
468 969 693 1008 consulibus
731 972 771 1007 et
804 969 901 1008 Cato
939 972 1124 1019 quaestor
1160 971 1238 1008 fuit
1274 972 1314 1008 et
1344 971 1496 1009 Ennius
1526 970 1694 1009 Romam
1731 972 1851 1019 venit,

286 1029 324 1067 h.
350 1041 381 1066 e.
409 1041 443 1067 a.
472 1023 588 1081 550),
619 1032 663 1066 ut
691 1029 734 1066 in
764 1030 952 1067 veteribus
983 1031 1265 1068 commentariis
1289 1031 1475 1077 seriptum
1500 1033 1564 1075 est,
1594 1030 1770 1068 Naevius
1798 1033 1854 1068 est

285 1091 478 1132 mortuus,
516 1100 752 1136 quamquam
796 1089 922 1126 Varro
958 1092 1087 1127 noster
1123 1089 1440 1137 diliyentissimus
1472 1090 1722 1138 investiyator
1751 1091 1851 1127 anti-

287 1148 446 1194 quitatis
470 1150 589 1194 putat
617 1149 660 1185 in
691 1148 759 1185 hoc
790 1150 962 1186 erratum
991 1150 1185 1196 vitamque
1209 1148 1353 1186 Naevii
1376 1149 1561 1196 producit
1591 1149 1754 1197 lonqius.
1798 1148 1852 1186 Et

284 1219 422 1244 revera
464 1206 730 1255 Hieronymus
781 1206 831 1244 ad
875 1220 909 1244 a.
946 1206 1093 1245 Abrah.
1135 1207 1246 1245 1816
1279 1207 1317 1246 11.
1350 1219 1380 1244 e.
1414 1220 1446 1245 a.
1479 1221 1516 1244 u.
1551 1208 1634 1245 553
1684 1207 1851 1245 adnotat

285 1265 464 1303 Naevius
495 1267 660 1304 comicus
700 1266 831 1304 Uticae
861 1267 1027 1304 moritur
1049 1267 1193 1314 pulsus
1224 1266 1351 1304 Roma
1381 1268 1549 1314 factione
1578 1267 1767 1305 nobilium
1804 1278 1851 1304 ac

277 1326 490 1372 praecipue
520 1325 687 1372 Metelli,
724 1326 769 1362 ut
807 1324 1018 1363 Suetonius
1049 1325 1241 1363 Varronis
1278 1327 1516 1364 sententiam
1553 1326 1761 1375 adoptasse
1791 1327 1850 1363 vi-

287 1383 444 1431 deatur,
481 1385 515 1422 is
554 1386 687 1422 autem
717 1384 861 1421 Naevii
898 1385 1024 1422 vitam
1062 1385 1113 1422 ad
1148 1386 1279 1434 ipsum
1311 1398 1458 1422 annum
1491 1385 1574 1422 553
1606 1385 1848 1434 produxisse.

286 1442 362 1480 Sed
393 1444 475 1481 sive
508 1456 540 1480 a.
576 1443 660 1481 550
692 1444 871 1481 mortuus
903 1444 963 1482 est
993 1445 1076 1482 sive
1106 1445 1242 1493 paucis
1275 1445 1388 1482 annis
1418 1445 1520 1493 post,
1553 1445 1740 1492 quoniam
1770 1457 1849 1482 non

283 1502 432 1540 Romae
464 1502 630 1540 decessit
661 1502 729 1540 sed
758 1503 894 1552 pulsus
925 1504 1058 1551 pata-ia
1082 1504 1124 1540 in
1148 1504 1256 1540 terra
1279 1504 1499 1553 peregrina,
1528 1504 1663 1541 tamen
1687 1502 1850 1540 dubium

285 1561 497 1599 admodum
516 1563 588 1609 est,
607 1561 802 1599 videritne
822 1561 974 1600 Ennius
993 1561 1190 1600 Naevium
1208 1575 1340 1600 necne.
1368 1561 1445 1600 Sed
1463 1563 1579 1613 longe
1597 1564 1689 1611 post
1706 1562 1850 1600 Naevii

283 1620 436 1658 obitum
455 1621 608 1659 Ennius
633 1620 702 1658 ubi
726 1622 768 1658 in
794 1621 1002 1659 annalibus
1029 1621 1079 1659 ad
1103 1621 1249 1659 bellum
1271 1621 1462 1659 Punicum
1487 1622 1660 1670 primum
1685 1634 1848 1659 narran-

283 1680 376 1717 dum
396 1681 570 1728 accessit,
597 1681 725 1718 acrius
744 1679 791 1717 de
810 1680 953 1718 Naevii
972 1680 1075 1718 bello
1095 1680 1256 1726 Punico,
1283 1681 1450 1719 fortasse
1469 1693 1517 1718 ne
1536 1681 1740 1718 nominato
1761 1681 1846 1729 qui—

283 1739 371 1777 dem
392 1741 563 1788 auctore,
581 1739 776 1777 iudicavit
793 1740 972 1788 iramque
993 1738 1203 1788 Ciceronis,
1224 1740 1292 1788 qui
1310 1752 1477 1790 magnus
1490 1739 1688 1777 Naeviani
1706 1740 1845 1777 carmi-

281 1799 342 1837 nis
357 1799 574 1837 admirator
586 1800 683 1847 erat,
703 1799 909 1836 excitavit:
928 1799 1057 1837 Naevi
1068 1800 1201 1848 inquit
1213 1800 1256 1836 in
1269 1799 1394 1836 Bruto
1409 1793 1498 1851 (19,
1515 1799 1566 1836 75
1578 1793 1667 1851 sq),
1681 1810 1791 1846 quem
1804 1800 1847 1836 in

280 1859 434 1896 vatibus
459 1861 494 1896 et
510 1859 667 1896 Fawnis
693 1860 927 1896 annumerat
950 1858 1120 1902 Ennius,
1146 1859 1286 1896 bellum
1308 1858 1501 1896 Punicum
1525 1859 1639 1905 quasi·
1663 1858 1846 1905 Myronis

281 1928 378 1964 opus
391 1918 568 1955 delectat:
581 1919 634 1955 sit
646 1917 805 1955 Ennius
817 1929 911 1955 sane
924 1920 967 1954 ut
980 1920 1034 1955 est
1045 1920 1141 1956 certe
1148 1918 1368 1965 perfectior,
1381 1918 1448 1964 qui
1460 1918 1496 1955 si
1508 1916 1620 1955 illum
1633 1919 1676 1954 ut
1687 1917 1847 1954 simulat

281 1979 541 2021 contemneret,
565 1988 644 2014 non
668 1978 801 2014 omnia
821 1977 920 2014 bella
931 1987 1166 2024 persequens
1178 1978 1355 2023 primum
1372 1976 1473 2014 illud
1490 1976 1685 2014 Punicum
1703 1977 1846 2014 acerri-

280 2048 388 2073 mum
401 2036 541 2074 bellum
553 2036 787 2083 reliquisset:
804 2036 872 2074 sed
883 2037 966 2083 ipse
979 2035 1072 2073 dicit
1084 2047 1153 2073 cur
1165 2036 1207 2073 id
1219 2037 1362 2083 faciat:
1375 2031 1591 2083 ‘scripsere’
1612 2036 1739 2083 inquit
1759 2031 1846 2072 ‘alii

280 2106 361 2133 rem
382 2091 579 2133 Versibus'
600 2089 701 2147 (scil.
729 2106 822 2142 quos
847 2095 939 2132 olim
957 2095 1095 2132 Fauni
1113 2097 1290 2142 vatesque
1309 2095 1507 2138 canebant,
1533 2094 1645 2132 Brut.
1667 2094 1735 2141 18,
1758 2088 1844 2145 71),

281 2157 315 2192 et
338 2155 526 2192 luculente
544 2155 698 2202 quidem
721 2156 960 2201 scripserunt
984 2155 1135 2192 etiamsi
1158 2155 1289 2192 minus
1314 2166 1431 2201 quam
1456 2156 1498 2191 tu
1513 2154 1645 2201 polite,
1670 2164 1738 2191 nec
1756 2163 1844 2191 vero

280 2214 349 2251 tibi
374 2214 487 2252 aliter
511 2214 635 2252 videri
659 2214 775 2258 debet,
800 2215 868 2261 qui
893 2225 918 2251 a
942 2213 1093 2251 Naevio
1118 2213 1176 2251 vel
1199 2214 1400 2260 sumpsisti
1418 2213 1541 2250 multa
1559 2214 1595 2250 si
1613 2213 1761 2260 fateris,
1785 2211 1845 2249 vel

278 2274 314 2310 si
338 2284 456 2320 neyas
480 2269 720 2320 surripuisti.
752 2272 940 2311 Versibus
972 2273 1041 2321 qui
1072 2273 1114 2310 in
1138 2273 1335 2321 principio
1361 2272 1520 2321 septimi
1546 2272 1750 2309 annalium
1774 2283 1844 2319 po-

280 2332 349 2369 siti
374 2333 466 2370 sunt
491 2344 538 2369 ea
561 2333 715 2369 ratione
748 2331 948 2381 dispertiti
980 2344 1058 2380 qua
1089 2344 1135 2369 ex
1168 2330 1366 2369 Ciceronis
1397 2331 1554 2369 indiciis
1587 2329 1845 2380 dispertiendi

281 2392 394 2428 erant
419 2392 463 2428 ut
489 2392 686 2429 sententia
716 2390 932 2440 patefieret,
963 2391 1037 2428 hoc
1068 2391 1238 2428 maxime
1264 2389 1407 2440 agebat
1432 2389 1583 2428 Ennius
1608 2391 1654 2427 ut
1678 2391 1843 2427 immen-

280 2462 366 2487 sum
397 2462 648 2500 progressum
680 2463 797 2499 quem
826 2451 955 2499 poesis
980 2449 1161 2487 Romana
1186 2462 1210 2488 a
1235 2448 1413 2487 Saturnii
1437 2448 1624 2496 ruditate,
1650 2461 1729 2497 qua
1753 2460 1842 2485 cum

279 2508 394 2546 Livio
426 2509 599 2548 Naevius
638 2522 730 2548 usus
767 2510 869 2557 erat,
908 2509 957 2546 ad
994 2509 1222 2558 politiorem
1258 2509 1575 2546 hexametrorum
1612 2507 1780 2544 formam
1819 2519 1842 2543 a

279 2581 320 2606 se
356 2569 484 2617 primo
522 2570 760 2618 temptatam
797 2569 971 2615 fecisset,
1009 2569 1185 2619 graviter
1220 2580 1291 2605 nec
1328 2568 1412 2605 sine
1450 2568 1511 2604 sui
1547 2565 1840 2615 praedicatione

280 2628 499 2676 exponeret.
540 2627 617 2665 Sed
647 2628 822 2665 Ennium
854 2640 878 2665 a
907 2627 1059 2665 Naevio
1091 2628 1174 2666 sive
1205 2627 1416 2676 sumpsisse
1447 2625 1575 2663 multa
1605 2626 1687 2663 sive
1721 2625 1839 2662 surri-

278 2687 410 2735 puisse
448 2699 568 2735 quam
604 2689 709 2725 recte
742 2686 877 2724 Cicero
915 2686 1040 2735 dicat,
1078 2685 1238 2724 difficile
1274 2685 1391 2723 hodie
1428 2685 1690 2735 dignoscitur3
1729 2684 1769 2720 et
1798 2684 1840 2720 in

281 2745 386 2783 bello
419 2745 578 2794 quidem
602 2745 752 2784 Punico
783 2747 912 2794 primo
944 2747 1011 2783 vix
1042 2758 1124 2784 esse
1156 2746 1296 2794 opinor
1327 2744 1432 2794 quod
1463 2756 1552 2781 eum
1584 2742 1633 2780 ab
1661 2743 1731 2780 illo
1756 2755 1840 2779 mu-

279 2806 437 2842 tuatum
462 2816 544 2842 esse
575 2804 759 2843 fidentius
791 2804 975 2852 affirmes,
1007 2805 1075 2842 sed
1106 2805 1294 2853 quoniam
1318 2803 1514 2841 Naevium
1544 2803 1683 2839 notum
1715 2802 1774 2839 est
1798 2802 1839 2838 in

279 2876 348 2901 suo
387 2863 560 2901 carmine
599 2863 646 2901 ab
678 2863 813 2901 Aenea
847 2865 887 2900 et
917 2865 1043 2902 initiis
1074 2876 1206 2901 rerum
1237 2863 1504 2901 Romanarum
1536 2872 1715 2899 exorsum
1747 2871 1840 2907 esse,

278 2923 320 2959 in
350 2923 424 2960 hac
455 2924 580 2971 parte,
612 2935 732 2972 quam
762 2923 914 2960 Ennius
945 2935 1023 2960 non
1054 2935 1171 2972 parce
1202 2923 1404 2969 tractavit,
1444 2921 1614 2970 vestigia
1645 2919 1839 2968 quaedam

279 2994 379 3030 quae
404 2981 520 3019 hodie
547 2983 703 3020 exstant
727 2976 835 3034 (vide
862 2981 911 3019 ad
938 2994 1025 3019 ann.
1053 2994 1067 3018 1
1092 2982 1138 3019 fr.
1165 2994 1293 3019 xxvm
1317 2983 1357 3019 et
1382 2992 1482 3029 quae
1507 2981 1550 3017 in
1576 2979 1701 3016 altera
1726 2979 1838 3027 parte
