2054 3282
307 158 391 199 184
978 149 1178 185 scsch

1054 266 1105 302 IV

303 335 388 377 344
419 333 502 375 Sin
527 331 763 374 flaccebunt
788 329 1070 382 condiciones,
1096 327 1319 382 repudiato
1346 329 1389 369 et
1411 326 1578 370 reddito

1063 444 1093 478 V

302 509 387 552 345
419 509 573 563 Aspice
598 508 680 549 hoc
705 506 887 548 sublime
914 506 1108 559 candens,
1134 519 1261 559 quem
1287 508 1442 547 vocant
1467 519 1614 548 omnes
1639 504 1796 548 Iovem.

300 674 409 708 modo
433 673 524 708 «eho
548 673 589 706 tu
613 671 665 705 dii
689 670 823 714 quibus
845 669 986 715 (modo
1009 669 1179 703 studiis
1199 669 1336 714 mutili)
1358 672 1415 705 est
1433 671 1601 715 potestas
1620 672 1743 705 motus
1763 672 1866 716 (mo-

300 728 392 761 tum
412 725 557 768 iidem).
572 753 578 758 .
594 734 743 769 pacem
762 723 1048 768 intel-(pacem
1068 723 1186 757 enim
1205 723 1327 757 inter
1344 722 1473 769 iidem)
1488 734 1567 759 sese
1583 725 1646 769 (se
1667 724 1841 770 expleti).
1860 753 1866 758 .

303 779 571 814 concordiam».
593 789 680 812 nam
699 776 754 811 ita
780 788 845 822 pro
872 787 938 810 suo
964 776 1044 810 iure
1069 775 1139 810 hoc
1166 776 1334 821 exemplo
1360 778 1517 811 utuntur
1540 777 1774 822 thesprotum
1800 777 1869 823 (ita

302 831 441 876 mutili3
462 843 587 866 usum
607 831 923 875 threspontem
944 828 1101 874 expleti3
1121 830 1324 864 utentem
1338 829 1538 876 Kayserus)
1553 830 1694 865 Ennius
1708 830 1867 874 induxit,

301 885 409 930 quasi
434 885 509 919 iam
537 884 627 919 satis
655 883 764 918 certis
791 882 999 918 rationibus
1025 883 1080 917 ita
1103 893 1183 918 esse
1199 883 1545 919 demonstrasset»)
1567 884 1869 929 Thesprotum

302 938 427 983 potior
451 937 542 972 fides
568 937 746 972 librorum
773 936 919 970 videtur
945 935 1173 980 confirmare,
1200 947 1283 971 cum
1309 937 1528 981 praesertim
1553 937 1869 982 threspontem

301 989 349 1032 (h.
366 1002 394 1026 e.
411 991 757 1036 Chrespontem)
772 990 872 1024 unde
892 991 1022 1024 natum
1042 990 1103 1033 sit,
1123 1000 1167 1024 ex
1187 989 1319 1024 eadem
1337 990 1523 1025 rhetorica
1536 1003 1564 1025 11
1581 994 1637 1034 24,
1652 993 1697 1025 38
1719 990 1870 1035 dispici-

303 1047 397 1079 atur.
495 1045 553 1078 Ad
568 1044 792 1089 Thyesteam
812 1042 980 1077 fabulam
1000 1044 1042 1078 ut
1055 1043 1122 1078 illa
1135 1043 1331 1078 referenda
1345 1043 1518 1079 ducerem
1532 1045 1868 1091 (prooem.1888s‘89

301 1111 335 1143 p.
354 1100 410 1143 17)
430 1098 546 1133 movit
571 1108 629 1132 me
655 1097 795 1142 Hygini
822 1096 896 1131 fab.
913 1100 958 1131 88
986 1107 1082 1142 quae
1102 1097 1217 1132 habet
1235 1097 1435 1142 Thesproti
1459 1097 1559 1143 regis
1586 1108 1669 1132 cum
1692 1098 1806 1133 Atreo
1832 1099 1870 1132 et

302 1151 462 1196 Thyeste
482 1151 752 1186 commercium.
770 1150 822 1185 Cf.
838 1150 971 1186 incerti
991 1150 1128 1196 tragici
1148 1151 1280 1196 fragm.
1297 1164 1375 1186 va.
1391 1164 1475 1186 wa
1488 1150 1598 1186 Ribb.

418 1204 469 1239 IV
483 1206 577 1250 (344)
615 1204 759 1239 Nonius
779 1216 814 1249 p.
834 1208 911 1247 110,
929 1208 972 1239 14
989 1203 1140 1239 ‘flaccet
1159 1204 1315 1250 languet
1335 1204 1461 1239 deficit
1477 1233 1482 1239 .
1500 1233 1506 1238 .
1525 1204 1688 1240 ‚Ennius
1707 1204 1870 1250 Thyeste

302 1258 564 1302 «inflaceebmzt
583 1257 816 1293 conditiones
833 1286 839 1291 .
857 1286 863 1292 .
879 1257 1077 1293 reddito»)

420 1311 452 1345 V
467 1313 562 1356 (345)
595 1311 726 1346 Festus
746 1323 781 1355 p.
798 1315 879 1354 442,
897 1315 938 1346 16
954 1310 1020 1345 Th.
1039 1311 1245 1347 ‘sublimem
1268 1313 1325 1346 est
1343 1311 1382 1346 in
1403 1311 1643 1346 altitudinem
1663 1311 1814 1355 elatum,
1828 1314 1872 1346 ut

301 1364 442 1399 Ennius
470 1364 509 1398 in
535 1364 697 1410 Thyeste
718 1364 875 1409 «aspice
900 1365 935 1398 h.
955 1365 1107 1400 sublime
1131 1365 1292 1400 candens
1317 1368 1388 1409 que
1403 1367 1508 1409 (corr.
1530 1376 1575 1400 ex
1594 1366 1667 1411 q>)
1686 1369 1816 1401 vocant
1838 1376 1870 1401 o.

301 1418 455 1452 Iovem».
468 1418 657 1464 Vergilius
675 1418 713 1453 in
728 1418 913 1464 georgicis
927 1418 949 1452 l.
965 1431 978 1452 1
993 1420 1089 1464 (242)
1104 1418 1207 1455 «hic.
1222 1447 1228 1452 .
1244 1447 1249 1452 .
1263 1418 1381 1454 sub».'
1397 1418 1536 1453 Paulus
1552 1419 1751 1454 ‘sublimen
1764 1420 1821 1453 est
1832 1418 1872 1453 in

302 1471 540 1507 altitudinem
560 1472 713 1514 elatum,
728 1472 768 1506 id
789 1473 914 1506 autem
935 1471 1074 1507 dicitur
1094 1483 1116 1506 a
1131 1471 1260 1506 limine
1281 1471 1469 1516 superiore
1490 1471 1579 1516 quia
1599 1482 1711 1517 supra
1729 1483 1797 1507 nos
1817 1472 1874 1507 est

303 1525 411 1570 (Fest.
427 1525 450 1559 l.
467 1536 495 1560 0.
513 1526 693 1571 23-25).’
818 1525 945 1561 Cicero
967 1525 1012 1560 de
1033 1527 1108 1560 nat.
1129 1526 1228 1560 deor.
1249 1538 1276 1559 11
1298 1529 1330 1568 2,
1344 1530 1366 1560 4
1389 1525 1502 1569 ‘quid
1530 1525 1628 1560 enim
1647 1526 1773 1570 potest
1792 1536 1873 1560 esse

301 1579 380 1613 tam
400 1579 571 1623 apertum
585 1580 738 1624 tamque
753 1578 1003 1624 perspicuum,
1019 1590 1102 1613 cum
1116 1578 1261 1613 caelum
1275 1579 1507 1624 suspeximus
1522 1578 1773 1623 caelestiaque
1788 1589 1873 1614 con-

301 1631 474 1676 templati
488 1643 626 1675 sumus,
642 1642 755 1677 quam
771 1642 850 1666 esse
865 1632 1018 1677 aliquod
1032 1642 1170 1667 numen
1182 1632 1529 1677 praestantissimae
1542 1632 1677 1667 mentis
1691 1643 1766 1677 quo
1779 1632 1874 1668 haec

302 1687 490 1731 regantur.
513 1686 613 1730 quod
639 1685 678 1720 ni
705 1685 762 1720 ita
788 1687 897 1729 esset,
924 1686 988 1730 qui
1013 1685 1199 1730 potuisset
1225 1685 1385 1720 adsensu
1405 1685 1571 1721 omnium
1591 1685 1714 1720 dicere
1732 1685 1874 1728 Ennius

304 1739 452 1783 «aspice
478 1739 513 1773 h.
534 1739 687 1775 sublime
711 1739 873 1775 candens
893 1751 926 1784 q.
947 1740 1120 1774 invocant
1139 1739 1344 1784 (invocat
1356 1738 1502 1773 Voss.B
1522 1750 1569 1772 m.
1584 1741 1653 1784 pr.)
1668 1750 1699 1774 o.
1714 1738 1873 1782 Iovem»,

302 1791 409 1826 illurn
429 1802 513 1827 vero
535 1793 573 1827 et
591 1792 714 1827 Iovem
735 1793 773 1827 et
792 1791 1065 1827 dominatorem
1091 1802 1213 1827 rerum
1239 1793 1277 1827 et
1298 1792 1424 1827 omnia
1448 1793 1543 1826 nutu
1562 1794 1703 1837 (motu
1728 1791 1874 1837 optimi,

304 1856 392 1880 corr.
406 1845 444 1879 in
460 1846 565 1892 dett.)
576 1846 779 1891 regentem,
792 1847 842 1888 et,
855 1846 898 1879 ut
910 1845 1011 1880 idem
1022 1845 1176 1889 Ennius,
1188 1846 1356 1890 «patrem
1370 1845 1570 1890 divumque
1582 1845 1874 1891 hominumque»

303 1901 400 1944 (ann.
417 1900 498 1944 581)
514 1901 552 1934 et
569 1900 805 1944 praesentem
820 1909 864 1934 ac
876 1900 1160 1944 praepotentem
1178 1898 1315 1934 deum.'
1331 1898 1434 1933 Idem
1447 1898 1538 1933 ibid.
1555 1902 1610 1942 25,
1627 1902 1671 1934 64
1687 1899 1698 1916 ‘
1709 1899 1774 1934 sed
1793 1899 1875 1944 ipse

302 1952 478 1997 Iuppiter,
499 1953 540 1987 id
560 1954 617 1987 est
635 1952 766 1988 iuvans
785 1954 903 1998 pater,
925 1962 1036 1996 quem
1056 1952 1240 1988 conversis
1262 1951 1409 1987 casibus
1425 1951 1659 1997 appellamus
1673 1962 1696 1986 a
1711 1951 1874 1987 iuvando

302 2005 435 2049 Iovem,
451 2017 473 2040 a
493 2006 615 2051 poetis
636 2007 767 2051 «pater
787 2005 984 2051 divomque
1004 2006 1293 2051 hominumque»
1316 2005 1463 2049 dicitur,
1485 2016 1507 2040 a
1525 2004 1729 2040 maioribus
1750 2006 1875 2040 autem

304 2059 439 2094 nostris
461 2060 635 2104 optumus
654 2070 905 2094 maxumus...
921 2059 953 2080 ⁶⁵
969 2060 1068 2094 hunc
1087 2059 1205 2105 igitur
1223 2058 1377 2102 Ennius,
1391 2060 1434 2094 ut
1454 2069 1567 2104 supra
1581 2059 1668 2103 dixi,
1682 2060 1876 2105 nuncupat

304 2111 360 2146 ita
373 2112 499 2147 dicens
514 2113 663 2158 «aspice
682 2113 717 2147 h.
737 2114 889 2149 sublime
909 2113 1164 2159 (suplimim
1185 2123 1275 2147 corr.
1297 2112 1519 2148 sublime*
1533 2112 1637 2148 Voss.
1653 2112 1696 2158 B)
1716 2113 1876 2149 candens

306 2177 339 2209 q.
360 2166 531 2201 invocant
550 2178 581 2201 o.
599 2166 744 2203 Iovem»
764 2166 914 2212 planius
934 2178 1047 2211 quam
1067 2168 1217 2212 (quem
1233 2165 1337 2201 Voss.
1352 2166 1385 2200 A
1405 2177 1534 2210 quem
1547 2166 1673 2211 Vind.)
1695 2165 1769 2201 alio
1792 2166 1873 2202 loco

305 2218 405 2253 idem
419 2219 537 2265 [401]:
558 2219 656 2254 hunc
677 2219 791 2255 etiam
811 2230 970 2266 augures
990 2219 1120 2263 nostri,
1141 2231 1225 2254 cum
1251 2219 1381 2254 dicunt
1405 2220 1489 2255 Iove
1515 2219 1684 2265 fulgente
1702 2220 1875 2264 tonante;

307 2271 437 2306 dicunt
463 2272 561 2307 enim
588 2273 691 2308 caelo
717 2273 885 2319 fulgente
911 2274 1076 2310 tonante.
1097 2273 1297 2318 Euripides
1318 2274 1454 2317 autem,
1474 2273 1517 2306 ut
1534 2272 1655 2307 multa
1673 2271 1876 2317 praeclare,

428 2468 512 2505 344
534 2466 603 2505 Sin
622 2467 841 2507 flaccebunt
856 2468 1088 2508 Gulielmius
1106 2469 1150 2506 in
1167 2468 1307 2506 Plauti
1326 2470 1423 2516 capt.
1439 2479 1468 2506 0.
1486 2476 1508 2515 5
1519 2480 1533 2513 ,·
1550 2466 1759 2506 fracebunt
1778 2467 1873 2506 Rib-

308 2526 459 2566 beekz'us
473 2527 553 2565 coll.
561 2527 674 2565 Paul.
683 2527 784 2566 Fest.
793 2540 835 2575 p.
852 2526 920 2577 64,
932 2538 952 2564 2
965 2538 978 2564 1
995 2527 1286 2566 172.fracebunt
1300 2527 1564 2577 displicebunt
1685 2527 1768 2565 345
1786 2526 1875 2564 sub-

307 2587 401 2624 lime
419 2587 559 2634 scripsi
575 2581 684 2638 (olim
698 2582 910 2640 sublimen)
919 2602 933 2634 ,·
952 2588 1054 2635 quod
1072 2588 1222 2626 testium
1233 2587 1312 2634 fide
1324 2588 1519 2634 firmatur,
1534 2597 1769 2634 quamquam
1781 2585 1876 2624 Fes-

309 2648 390 2684 tum
415 2657 501 2684 cum
525 2645 650 2683 Paulo
677 2645 871 2684 sublimen
899 2648 1147 2695 intetpretari
1170 2647 1421 2694 manifestum
1450 2648 1521 2684 est:
1549 2646 1596 2683 de
1622 2656 1696 2692 quo
1723 2647 1877 2683 nomine

311 2705 401 2743 olim
419 2699 812 2758 Bitschelius(opp.11
824 2718 867 2753 p.
883 2704 965 2753 462
981 2701 1079 2759 sqq.)
1097 2708 1132 2744 et
1149 2707 1215 2753 qui
1235 2717 1320 2744 eum
1338 2706 1455 2743 secuti
1477 2706 1568 2743 swnt
1592 2703 1786 2742 sublimten
1813 2705 1875 2742 de-

308 2765 544 2814 fensitantes,
557 2776 682 2812 nuper
697 2766 740 2803 m
753 2767 989 2803 contrariam
994 2767 1150 2813 partem
1162 2767 1254 2813 post
1263 2765 1313 2802 R.
1327 2764 1528 2803 Klotzium
1540 2764 1754 2811 disputavit
1768 2762 1874 2802 Guil.

308 2823 489 2862 Heraeus
504 2818 653 2876 (philol.
669 2836 721 2863 ΙΝ
732 2836 775 2872 p.
798 2832 872 2872 197
890 2819 1011 2876 sqq.),·
1029 2824 1197 2872 intelliyo
1216 2826 1344 2862 autem
1362 2835 1440 2861 non
1461 2824 1590 2872 aspice
1609 2822 1683 2861 hoc
1708 2822 1874 2860 sublime

311 2883 416 2932 quod
436 2883 588 2932 candet,
607 2884 674 2922 secl
692 2883 766 2922 1100
785 2883 890 2934 quod
909 2883 1074 2922 sublime
1093 2878 1192 2936 (11.0.
1205 2884 1247 2921 in
1268 2876 1499 2935 altitudine)
1520 2881 1661 2920 candet
