2054 3282
676 613 882 658 ADDEN
883 611 965 656 DA
989 612 1065 655 ET
1091 611 1471 656 CORRIGENDA

411 722 571 766 Propero
591 719 639 754 ad
658 719 779 762 finem,
799 720 842 753 ut
859 718 921 753 hic
939 717 1046 761 liber,
1066 718 1126 754 cui
1145 730 1220 754 non
1239 718 1363 753 dicam
1382 720 1474 763 quot
1493 729 1610 754 annos
1628 717 1730 754 vitae
1747 729 1854 754 meae

296 769 487 823 tribuerim
509 768 574 802 sed
594 766 659 811 qui
677 766 753 801 iam
771 776 888 811 prope
906 746 1110 801 triennium
1129 766 1197 800 sub
1215 765 1320 812 prelo
1341 766 1462 811 sudat,
1488 766 1642 801 tandem
1659 777 1719 801 me
1738 766 1853 802 etiam

296 817 375 852 vivo
400 816 439 850 in
464 815 583 850 lucem
608 813 798 859 publicam
824 813 997 858 prodeat:
1031 825 1078 849 m.
1104 814 1200 859 Aug.
1228 825 1260 848 a.
1283 817 1375 848 1900
1400 824 1572 849 versuum
1596 813 1853 849 Ennianorum

295 863 459 899 recensio
485 873 567 896 cum
593 860 735 906 duplici
760 861 1004 896 adnotatione
1029 861 1257 906 typographi
1282 872 1393 896 curae
1417 861 1561 896 tradita
1589 862 1659 905 est,
1689 862 1728 896 et
1757 861 1852 896 haec

294 922 383 1000 ἓῗζῖ
405 919 744 999 (11ἳὲἓέἓῖἐῇ
760 907 1063 1001 ἒῖῗέἓῗὲἰὲἲὲἷὲ,
1083 910 1264 991 {effla
1279 908 1470 991 {3333
1489 908 1854 1001 ξωίἰῗᾶιῗέἒώἓξῗ

294 1016 364 1049 (1110
383 1003 623 1039 necessitates
643 1002 862 1045 litterariae,
888 1002 954 1038 diu
958 985 1178 1048 ‘’impedims
1197 1004 1284 1049 post
1300 1014 1480 1049 magnum
1498 1002 1737 1038 intervallum
1755 1003 1853 1038 hanc

293 1062 442 1097 operam
466 1049 601 1096 repetii
624 1051 662 1084 et
680 1049 927 1095 praefationis
946 1052 1072 1095 partes
1092 1051 1189 1086 duae
1207 1051 1437 1096 perscriptae
1456 1051 1544 1086 inde
1565 1062 1588 1086 a
1605 1062 1653 1085 m.
1674 1050 1852 1086 Novemb.

294 1111 325 1134 a.
348 1102 437 1134 1902
463 1097 746 1143 typothetarum
769 1108 902 1132 manus
928 1100 1181 1133 exercuerunt.

409 1145 562 1180 Interim
586 1144 644 1179 his
675 1144 784 1179 tarde
815 1145 1103 1190 procedentibus
1135 1145 1321 1190 quaedam
1351 1145 1681 1191 grammaticorum
1712 1145 1853 1191 scripta

293 1195 413 1229 denuo
438 1192 630 1238 recognita
655 1191 777 1227 lucem
802 1192 986 1237 viderunt,
1019 1204 1114 1238 quae
1139 1203 1345 1228 memorare
1369 1193 1409 1227 in
1438 1192 1673 1238 praefatione
1703 1193 1853 1238 perbre-

291 1241 386 1276 viter
411 1242 590 1286 poteram,
615 1240 924 1285 recognoscendis
944 1240 1110 1275 versibus
1130 1240 1309 1276 adhibere
1328 1251 1402 1275 non
1420 1242 1601 1286 poteram,
1625 1239 1795 1276 Donatus
1813 1240 1853 1275 in

291 1288 504 1324 Terentium
529 1287 659 1332 (praef
680 1288 874 1332 p.cxt.111),
898 1287 995 1323 Acro
1020 1287 1059 1322 in
1081 1288 1279 1323 Horatium
1304 1289 1495 1334 (p.cx1.11),
1522 1287 1639 1323 Servii
1664 1288 1854 1333 appendix

290 1339 337 1382 (p
360 1336 465 1378 cxm),
485 1335 620 1379 quibus
640 1334 851 1379 nuperrime
872 1335 1031 1370 accessit
1050 1335 1164 1370 etiam
1185 1335 1327 1371 Gellius
1345 1337 1554 1371 renovatus.
1581 1335 1636 1370 Ex
1655 1334 1731 1370 illis
1750 1337 1853 1380 (nam

290 1384 387 1418 hunc
412 1382 577 1418 nondum
601 1382 761 1427 inspexi)
788 1393 884 1426 quae
908 1383 994 1417 usui
1013 1382 1237 1418 videbantur
1259 1383 1307 1417 ad
1328 1383 1549 1429 corrigenda
1566 1382 1626 1417 vel
1644 1382 1854 1428 supplenda

289 1430 503 1466 testimonia
528 1441 626 1464 nunc
652 1429 846 1474 adscripsi,
873 1429 938 1464 sed
963 1430 1083 1465 multa
1107 1441 1183 1465 non
1208 1432 1315 1466 erant
1339 1442 1460 1475 neque
1485 1430 1615 1476 gravia
1638 1430 1852 1465 admodum.

406 1477 461 1512 Ex
485 1477 524 1511 P
546 1476 676 1512 Canali
697 1476 863 1512 Varrone
889 1477 935 1512 de
959 1477 983 1511 1.
1004 1478 1056 1520 L.
1083 1478 1129 1513 de
1154 1489 1228 1522 quo
1252 1490 1289 1523 p.
1311 1491 1443 1513 cxxx1x
1462 1477 1550 1521 dixi,
1576 1488 1766 1523 perpauca
1788 1478 1853 1512 ad-

288 1525 424 1561 notavi.
445 1525 484 1559 L.
505 1524 667 1570 Valmag
667 1524 721 1569 gii
742 1525 779 1559 et
799 1523 835 1560 C
853 1524 1000 1560 Pascali
1019 1507 1082 1560 hic
1100 1525 1209 1560 illic
1198 1537 1238 1560 111
1258 1525 1502 1561 adnotatione
1520 1525 1748 1561 mentionem
1766 1524 1851 1567 feci,

290 1574 354 1608 sed
380 1584 402 1607 a
420 1537 667 1618 Valmaggiog
677 1572 870 1606 annalium
894 1572 1079 1616 reliquiae
1105 1573 1230 1608 editae
1255 1574 1294 1608 et
1326 1573 1536 1618 explicatae
1569 1583 1601 1607 a.
1624 1576 1716 1607 1900
1746 1572 1852 1615 1111111,

289 1620 388 1665 quod
413 1620 452 1655 in
476 1619 593 1665 praef.
619 1631 654 1664 p.
676 1632 821 1653 cxxxvn
846 1620 1059 1664 memoravi,
1085 1621 1174 1655 dum
1198 1631 1323 1656 versus
1349 1620 1538 1655 Ennianos
1563 1631 1788 1666 recognosco
1813 1620 1849 1655 in

287 1669 461 1713 promptu
480 1677 554 1701 non
572 1667 740 1710 fuerunt3
760 1677 881 1712 neque
899 1679 998 1702 nunc
1016 1667 1138 1703 habeo
1158 1679 1202 1703 ex
1220 1668 1267 1703 iis
1286 1668 1448 1713 repetita
1471 1678 1566 1713 quae
1586 1667 1724 1703 addam
1741 1678 1853 1713 prop-

287 1718 390 1751 terea
415 1715 515 1760 quod
541 1714 662 1749 editor
687 1714 924 1749 doctissimus
949 1714 1069 1750 multa
1089 1715 1241 1760 quidem
1260 1717 1298 1751 et
1315 1715 1428 1750 utilia
1446 1715 1486 1750 in
1506 1715 1771 1750 commentario
1791 1725 1853 1750 ex-
1870 1733 1874 1738 ·

288 1762 415 1808 posuit
440 1762 505 1796 sed
531 1772 628 1806 quae
652 1772 711 1796 me
737 1761 777 1796 in
802 1773 886 1797 mea
911 1774 1024 1808 opera
1049 1763 1226 1798 adiuvare
1251 1774 1326 1798 non
1345 1765 1536 1808 poterant:
1562 1774 1650 1797 nam
1668 1763 1708 1798 in
1728 1773 1852 1797 emen-

289 1810 422 1845 dandis
448 1808 667 1845 ordinandis
693 1808 925 1854 explicandis
950 1810 1129 1854 versibus,
1161 1821 1387 1855 quamquam
1413 1810 1528 1845 etiam
1552 1821 1637 1845 mea
1665 1810 1851 1854 quaedam

288 1858 328 1892 in
353 1856 518 1892 editione
542 1856 736 1901 proposita
760 1856 944 1901 probavit,
970 1859 1097 1892 tamen
1121 1858 1291 1892 universe
1318 1857 1367 1892 ad
1385 1857 1558 1893 Muelleri
1577 1859 1616 1893 et
1633 1856 1852 1892 Baehrensii

288 1905 428 1940 iudicia
455 1915 494 1939 se
519 1903 729 1948 composuit
752 1914 848 1947 quae
875 1915 943 1949 ego
970 1915 1044 1939 non
1062 1906 1232 1949 poteram
1250 1915 1325 1939 non
1343 1904 1556 1940 reiectanea
1574 1905 1722 1940 habere.
1749 1903 1852 1946 Quae

289 1954 375 1998 post
400 1951 543 1986 editum
569 1961 601 1985 a.
624 1953 716 1985 1854
742 1961 764 1984 a
789 1961 849 1985 me
868 1951 1030 1986 Ennium
1054 1951 1167 1987 variis
1186 1951 1278 1987 locis
1304 1952 1350 1986 de
1370 1951 1651 1995 quaestionibus
1670 1951 1852 1986 Ennianis

289 1999 458 2041 disserui,
485 2009 611 2033 eorum
635 1999 781 2042 partem
799 1998 1045 2044 Valmaggius
1070 2011 1106 2044 p.
1127 2011 1263 2042 xv11sq.
1290 1999 1476 2034 recensuit
1501 1999 1566 2034 sed
1590 1998 1637 2033 iis
1663 2010 1751 2033 usus
1772 2009 1852 2034 esse

287 2048 348 2082 vix
371 2046 528 2081 videtur.
556 2045 736 2080 Similiter
760 2045 852 2080 mihi
878 2046 1122 2081 iudicandum
1148 2047 1204 2081 est
1230 2046 1275 2080 de
1296 2045 1333 2081 C.
1353 2045 1501 2081 Pascali
1525 2045 1633 2090 libro,
1660 2056 1771 2091 quem
1790 2056 1850 2081 eo-

289 2095 374 2130 dem
397 2094 479 2128 loco
505 2092 716 2127 memoravi.

405 2140 616 2176 Dolendum
641 2139 734 2174 mihi
760 2141 816 2174 est
841 2141 941 2185 quod
967 2139 1055 2176 sero‘
1073 2141 1113 2175 in
1138 2151 1240 2176 meas
1265 2152 1398 2176 manus
1423 2142 1605 2176 venerunt
1623 2141 1850 2176 commenta-

288 2189 409 2224 tiones
436 2188 531 2223 duae
557 2187 693 2232 quibus
718 2187 901 2222 Iohannes
926 2187 1081 2224 Kvicala
1105 2188 1291 2233 professor
1309 2188 1507 2234 Pragensis
1526 2188 1569 2222 V.
1592 2187 1642 2223 Cl.
1671 2188 1717 2223 de
1739 2187 1852 2222 Ennii

288 2235 480 2271 annalium
503 2234 673 2288 reliquiis
698 2234 793 2270 bene
819 2236 973 2270 meritus
999 2237 1066 2279 est,
1093 2246 1250 2280 quarum
1275 2235 1388 2280 prior,
1413 2235 1473 2270 cui
1498 2235 1689 2280 inscripsit
1717 2235 1850 2280 Quaes-

289 2285 403 2319 tiones
421 2283 635 2325 Ennianae,
658 2282 697 2316 in
716 2282 974 2327 ephemeridos
993 2283 1260 2328 Leopolitanae
1279 2282 1352 2318 Eos
1371 2282 1442 2318 vol
1462 2295 1529 2317 v111
1549 2286 1640 2317 1902
1660 2282 1763 2317 edita
1783 2283 1851 2325 est,

290 2331 408 2365 altera
424 2330 694 2365 Observationes
713 2330 763 2364 ad
775 2331 898 2365 Emzzi
916 2332 1111 2366 annalium
1123 2331 1331 2377 fraymenta
1344 2330 1547 2374 inscripta
1536 2341 1576 2364 111
1588 2340 1715 2365 museo
1728 2329 1851 2375 philo-

287 2377 409 2423 logico
430 2376 624 2412 Bohemico
643 2389 710 2411 v111
728 2388 763 2421 p.
786 2380 852 2411 331
863 2389 942 2422 sqq.
968 2377 1118 2423 prodiit
1144 2377 1179 2412 Is
1205 2377 1343 2412 multos
1360 2388 1486 2412 versus
1505 2377 1695 2412 Ennianos
1721 2377 1767 2412 de
1786 2387 1850 2411 an-

288 2425 437 2460 nalibus
462 2424 600 2469 petitos
625 2423 802 2458 tractavit
820 2426 863 2459 ut
882 2426 948 2459 aut
967 2425 1190 2469 scripturam
1210 2435 1335 2460 eorum
1356 2424 1525 2459 stabilire
1544 2426 1610 2459 aut
1629 2423 1851 2469 explicanda

289 2484 329 2508 re
354 2473 392 2506 et
417 2471 606 2506 sententia
629 2470 770 2506 iustum
794 2471 840 2506 iis
866 2471 988 2506 locum
1015 2472 1207 2518 assignare
1232 2472 1410 2507 studeret
1444 2471 1515 2514 Qui
1540 2482 1625 2506 rara
1654 2482 1713 2506 me
1738 2471 1851 2506 bene-

288 2518 453 2555 volentia
476 2520 693 2563 prosecutus
720 2519 821 2563 (nam
845 2518 1064 2563 plerumque
1088 2519 1185 2554 nihil
1210 2519 1283 2554 nisi
1308 2519 1586 2554 acerbissimam
1611 2517 1851 2562 iniquitatem

288 2577 485 2613 perpessus
511 2567 605 2610 sum)
630 2575 733 2600 meas
759 2577 843 2600 cum
867 2565 1123 2602 Muellerianis
1150 2568 1188 2601 et
1211 2566 1495 2620 Valmaggianis
1521 2565 1727 2600 sententias
1752 2575 1850 2600 com-

288 2614 425 2660 posuit,
450 2623 524 2648 non
548 2622 631 2647 raro
656 2613 700 2647 ut
723 2623 825 2647 meas
850 2615 976 2667 partes
1002 2613 1221 2648 defenderet
1245 2615 1284 2648 et
1309 2614 1384 2648 suis
1410 2613 1640 2659 argumentis
1663 2623 1686 2647 a
1705 2612 1849 2657 vitupe-

288 2661 433 2697 ratione
459 2660 582 2695 aliena
606 2659 824 2704 vindicaret,
850 2660 890 2695 in
915 2661 1049 2705 quibus
1074 2671 1164 2706 prae
1190 2660 1322 2696 ceteris
1347 2660 1441 2695 mihi
1460 2660 1586 2695 arrisit
1604 2659 1704 2704 quod
1724 2670 1849 2694 versus

290 2710 337 2744 de
360 2707 524 2744 tumultu
544 2706 687 2741 Gallico
708 2709 790 2752 <164
799 2709 867 2753 sq.)
893 2719 915 2743 a
939 2719 998 2743 me
1023 2708 1063 2743 in
1083 2710 1215 2753 quarto
1236 2709 1286 2753 (v)
1304 2707 1446 2753 positos
1467 2718 1532 2742 suo
1553 2707 1696 2742 calculo
1714 2706 1849 2751 proba-

289 2757 353 2800 vit,
378 2755 553 2799 idemque
578 2764 675 2798 quae
694 2754 741 2788 (10
761 2765 845 2789 31111.
865 2768 888 2789 v
906 2755 950 2790 fr.
971 2769 984 2790 1
1004 2757 1041 2791 et
1060 2769 1087 2789 11
1108 2757 1312 2790 statueram
1333 2754 1526 2799 multaque
1545 2754 1622 2789 alia
1640 2753 1730 2789 011111
1749 2764 1772 2788 a
1790 2764 1850 2788 me

288 2803 482 2848 proposita
506 2800 764 2836 ratiocinando
790 2801 922 2838 fulcire
946 2814 1021 2837 non
1047 2802 1279 2846 detrectavit,
1305 2812 1402 2847 quae
1426 2813 1525 2836 nunc
1550 2800 1772 2846 singillatim
1790 2811 1846 2834 re-

290 2861 438 2885 censere
457 2847 691 2884 ambitiosius
711 2850 818 2883 esset.
839 2849 881 2883 In
901 2849 986 2884 aliis
1006 2861 1028 2885 a
1046 2849 1138 2884 meis
1157 2831 1366 2884 ratioiiibus
1387 2859 1451 2884 seu
1470 2848 1580 2893 plene
1600 2859 1665 2882 seu
1684 2858 1729 2882 ex
1740 2849 1848 2892 parte

291 2897 478 2941 discessit,
509 2895 667 2931 forsitan
691 2894 731 2929 in
757 2895 983 2950 quibusdam
1006 2908 1081 2931 non
1105 2896 1288 2939 facturus,
1322 2897 1354 2931 si
1385 2895 1619 2941 cognovisset
1649 2905 1746 2939 quae
1778 2905 1848 2940 080

289 2946 375 2989 post
393 2943 506 2978 Ennii
525 2942 729 2978 editionem
747 2943 836 2978 anni
858 2947 959 2987 1854,
986 2955 1061 2988 qua
1080 2944 1159 2978 sola
1177 2955 1266 2978 usus
1286 2945 1353 2987 est,
1373 2942 1626 2988 compluribus
1646 2940 1847 2976 occasioni-

288 2992 359 3026 bus
384 2991 431 3026 de
455 2990 625 3035 partibus
650 2989 839 3024 nonnullis
864 2972 1044 3025 Ennianis
1071 2990 1243 3036 explicui,
1269 2990 1371 3025 velut
1395 2990 1442 3025 de
1467 2989 1623 3035 augurio
1649 2989 1800 3033 captato
1827 2999 1849 3023 a

290 3039 405 3074 Remo
425 3039 463 3074 et
455 3003 669 3073 p'Romulo
658 3048 699 3072 111
717 3035 822 3071 relat.
844 3038 947 3072 acad.
969 3049 1001 3073 a.
1025 3041 1115 3072 1894
1134 3038 1221 3074 ‘aber
1242 3038 1310 3074 das
1328 3036 1849 3083 Stadtqmvndaemysauyurium
