<?xml version="1.0" encoding="UTF-8"?>
<!DOCTYPE html PUBLIC "-//W3C//DTD XHTML 1.0 Transitional//EN"
    "http://www.w3.org/TR/xhtml1/DTD/xhtml1-transitional.dtd">
<html xmlns="http://www.w3.org/1999/xhtml" xml:lang="en" lang="en">
 <head>
  <title>
</title>
<meta http-equiv="Content-Type" content="text/html;charset=utf-8" />
  <meta name='ocr-system' content='tesseract 3.04.00' />
  <meta name='ocr-capabilities' content='ocr_page ocr_carea ocr_par ocr_line ocrx_word'/>
</head>
<body>
  <div class='ocr_page' id='page_1' title='image "./ennianaepoesisre00enniuoft/ennianaepoesisre00enniuoft_0422.png"; bbox 0 0 2054 3282; ppageno 0'>
   <div class='ocr_carea' id='block_1_1' title="bbox 327 176 1236 242">
    <p class='ocr_par' dir='ltr' id='par_1_1' title="bbox 327 176 1236 242">
     <span class='ocr_line' id='line_1_1' title="bbox 327 176 1236 242; baseline -0.019 -13"><span class='ocrx_word' id='word_1_1' title='bbox 327 186 411 229; x_wconf 89' lang='grc'>194</span> <span class='ocrx_word' id='word_1_2' title='bbox 999 176 1199 214; x_wconf 79' lang='lat' dir='ltr'>SGENIOA</span> <span class='ocrx_word' id='word_1_3' title='bbox 1229 233 1236 242; x_wconf 32' lang='grc' dir='ltr'>ι</span> 
     </span>
    </p>
   </div>
   <div class='ocr_carea' id='block_1_2' title="bbox 323 296 1595 413">
    <p class='ocr_par' dir='ltr' id='par_1_2' title="bbox 323 296 1595 413">
     <span class='ocr_line' id='line_1_2' title="bbox 1073 296 1124 330; baseline 0 0"><span class='ocrx_word' id='word_1_4' title='bbox 1073 296 1124 330; x_wconf 91' lang='lat' dir='ltr'>XI</span> 
     </span>
     <span class='ocr_line' id='line_1_3' title="bbox 323 356 1595 413; baseline -0.006 -7"><span class='ocrx_word' id='word_1_5' title='bbox 323 363 409 406; x_wconf 87' lang='lat'>390</span> <span class='ocrx_word' id='word_1_6' title='bbox 440 363 527 404; x_wconf 87' lang='lat' dir='ltr'>Eos</span> <span class='ocrx_word' id='word_1_7' title='bbox 558 361 699 403; x_wconf 81' lang='lat' dir='ltr'>reduci</span> <span class='ocrx_word' id='word_1_8' title='bbox 731 374 859 413; x_wconf 89' lang='lat' dir='ltr'>quam</span> <span class='ocrx_word' id='word_1_9' title='bbox 890 357 1087 412; x_wconf 80' lang='lat' dir='ltr'>relinqui,</span> <span class='ocrx_word' id='word_1_10' title='bbox 1119 356 1270 399; x_wconf 84' lang='lat' dir='ltr'>devehi</span> <span class='ocrx_word' id='word_1_11' title='bbox 1301 371 1428 411; x_wconf 89' lang='lat' dir='ltr'>quam</span> <span class='ocrx_word' id='word_1_12' title='bbox 1461 357 1595 399; x_wconf 89' lang='lat' dir='ltr'>deseri</span> 
     </span>
    </p>
   </div>
   <div class='ocr_carea' id='block_1_3' title="bbox 439 433 1135 531">
    <p class='ocr_par' dir='ltr' id='par_1_3' title="bbox 439 433 1135 531">
     <span class='ocr_line' id='line_1_4' title="bbox 439 433 573 474; baseline -0.007 0"><span class='ocrx_word' id='word_1_13' title='bbox 439 433 573 474; x_wconf 88' lang='lat' dir='ltr'>Malui</span> 
     </span>
     <span class='ocr_line' id='line_1_5' title="bbox 1068 496 1135 531; baseline 0 0"><span class='ocrx_word' id='word_1_14' title='bbox 1068 496 1135 531; x_wconf 91' lang='lat' dir='ltr'>XII</span> 
     </span>
    </p>
   </div>
   <div class='ocr_carea' id='block_1_4' title="bbox 325 559 1783 685">
    <p class='ocr_par' dir='ltr' id='par_1_4' title="bbox 325 559 1783 685">
     <span class='ocr_line' id='line_1_6' title="bbox 325 559 1783 615; baseline -0.003 -10"><span class='ocrx_word' id='word_1_15' title='bbox 325 563 410 605; x_wconf 82' lang='lat'>392</span> <span class='ocrx_word' id='word_1_16' title='bbox 441 561 624 603; x_wconf 89' lang='lat' dir='ltr'>Animus</span> <span class='ocrx_word' id='word_1_17' title='bbox 656 573 781 615; x_wconf 84' lang='lat' dir='ltr'>aeger</span> <span class='ocrx_word' id='word_1_18' title='bbox 813 573 978 613; x_wconf 84' lang='lat' dir='ltr'>semper</span> <span class='ocrx_word' id='word_1_19' title='bbox 1008 560 1131 612; x_wconf 84' lang='lat' dir='ltr'>errat,</span> <span class='ocrx_word' id='word_1_20' title='bbox 1162 572 1299 612; x_wconf 89' lang='lat' dir='ltr'>neque</span> <span class='ocrx_word' id='word_1_21' title='bbox 1330 559 1420 613; x_wconf 89' lang='lat' dir='ltr'>pati</span> <span class='ocrx_word' id='word_1_22' title='bbox 1450 573 1588 613; x_wconf 89' lang='lat' dir='ltr'>neque</span> <span class='ocrx_word' id='word_1_23' title='bbox 1619 560 1783 615; x_wconf 77' lang='lat' dir='ltr'>perpeti</span> 
     </span>
     <span class='ocr_line' id='line_1_7' title="bbox 533 629 1340 685; baseline -0.004 -12"><span class='ocrx_word' id='word_1_24' title='bbox 533 631 692 685; x_wconf 86' lang='lat' dir='ltr'>Potest,</span> <span class='ocrx_word' id='word_1_25' title='bbox 725 633 876 685; x_wconf 79' lang='lat' dir='ltr'>cupere</span> <span class='ocrx_word' id='word_1_26' title='bbox 906 643 1141 684; x_wconf 86' lang='lat' dir='ltr'><strong>numquam</strong></span> <span class='ocrx_word' id='word_1_27' title='bbox 1173 629 1340 671; x_wconf 89' lang='lat' dir='ltr'>desinit.</span> 
     </span>
    </p>
   </div>
   <div class='ocr_carea' id='block_1_5' title="bbox 314 792 1883 1950">
    <p class='ocr_par' dir='ltr' id='par_1_5' title="bbox 316 792 1883 1265">
     <span class='ocr_line' id='line_1_8' title="bbox 319 792 1882 840; baseline -0.001 -9"><span class='ocrx_word' id='word_1_28' title='bbox 319 799 361 831; x_wconf 88' lang='lat' dir='ltr'>ut</span> <span class='ocrx_word' id='word_1_29' title='bbox 379 807 476 831; x_wconf 86' lang='lat' dir='ltr'>nunc</span> <span class='ocrx_word' id='word_1_30' title='bbox 496 795 626 830; x_wconf 88' lang='lat' dir='ltr'>dicunt</span> <span class='ocrx_word' id='word_1_31' title='bbox 645 793 877 829; x_wconf 87' lang='lat' dir='ltr'>collocatum.</span> <span class='ocrx_word' id='word_1_32' title='bbox 894 793 1086 839; x_wconf 88' lang='lat' dir='ltr'>(locatum)</span> <span class='ocrx_word' id='word_1_33' title='bbox 1100 793 1241 828; x_wconf 86' lang='lat' dir='ltr'>veteres</span> <span class='ocrx_word' id='word_1_34' title='bbox 1255 792 1295 827; x_wconf 91' lang='lat' dir='ltr'>id</span> <span class='ocrx_word' id='word_1_35' title='bbox 1309 793 1432 828; x_wconf 86' lang='lat' dir='ltr'>dicere</span> <span class='ocrx_word' id='word_1_36' title='bbox 1453 793 1582 828; x_wconf 88' lang='lat' dir='ltr'>solitos</span> <span class='ocrx_word' id='word_1_37' title='bbox 1602 794 1760 839; x_wconf 88' lang='lat' dir='ltr'>apparet</span> <span class='ocrx_word' id='word_1_38' title='bbox 1780 795 1882 840; x_wconf 84' lang='lat' dir='ltr'>apud</span> 
     </span>
     <span class='ocr_line' id='line_1_9' title="bbox 318 846 1881 894; baseline -0.001 -10"><span class='ocrx_word' id='word_1_39' title='bbox 318 850 492 884; x_wconf 86' lang='lat' dir='ltr'>Plautum</span> <span class='ocrx_word' id='word_1_40' title='bbox 508 848 595 894; x_wconf 88' lang='lat' dir='ltr'>[aul.</span> <span class='ocrx_word' id='word_1_41' title='bbox 614 851 678 882; x_wconf 90' lang='lat'>191</span> <span class='ocrx_word' id='word_1_42' title='bbox 695 847 782 893; x_wconf 84' lang='lat' dir='ltr'>sq.];</span> <span class='ocrx_word' id='word_1_43' title='bbox 798 846 899 891; x_wconf 88' lang='lat' dir='ltr'>apud</span> <span class='ocrx_word' id='word_1_44' title='bbox 913 846 1075 881; x_wconf 89' lang='lat' dir='ltr'>Ennium</span> <span class='ocrx_word' id='word_1_45' title='bbox 1090 857 1133 883; x_wconf 90' lang='lat' dir='ltr'>«o</span> <span class='ocrx_word' id='word_1_46' title='bbox 1147 847 1247 881; x_wconf 87' lang='lat' dir='ltr'>terra</span> <span class='ocrx_word' id='word_1_47' title='bbox 1260 851 1357 882; x_wconf 88' lang='lat' dir='ltr'>treea</span> <span class='ocrx_word' id='word_1_48' title='bbox 1371 875 1377 881; x_wconf 88' lang='lat'><strong>.</strong></span> <span class='ocrx_word' id='word_1_49' title='bbox 1395 875 1401 881; x_wconf 93' lang='lat'><strong>.</strong></span> <span class='ocrx_word' id='word_1_50' title='bbox 1419 875 1425 881; x_wconf 91' lang='lat'>.</span> <span class='ocrx_word' id='word_1_51' title='bbox 1441 847 1618 883; x_wconf 79' lang='lat' dir='ltr'>inciviam</span> <span class='ocrx_word' id='word_1_52' title='bbox 1630 858 1733 883; x_wconf 85' lang='lat' dir='ltr'>maro</span> <span class='ocrx_word' id='word_1_53' title='bbox 1749 850 1881 894; x_wconf 90' lang='lat' dir='ltr'>(maro</span> 
     </span>
     <span class='ocr_line' id='line_1_10' title="bbox 318 899 1883 946; baseline -0.001 -9"><span class='ocrx_word' id='word_1_54' title='bbox 318 903 375 937; x_wconf 88' lang='lat' dir='ltr'>vel</span> <span class='ocrx_word' id='word_1_55' title='bbox 395 914 517 937; x_wconf 91' lang='lat' dir='ltr'>muro</span> <span class='ocrx_word' id='word_1_56' title='bbox 537 902 632 936; x_wconf 88' lang='lat' dir='ltr'>Flor.</span> <span class='ocrx_word' id='word_1_57' title='bbox 648 913 695 935; x_wconf 87' lang='lat' dir='ltr'>m.</span> <span class='ocrx_word' id='word_1_58' title='bbox 709 902 779 945; x_wconf 91' lang='lat' dir='ltr'>pr.)</span> <span class='ocrx_word' id='word_1_59' title='bbox 794 900 960 936; x_wconf 84' lang='lat' dir='ltr'>loeavi».&#39;</span> <span class='ocrx_word' id='word_1_60' title='bbox 1064 900 1106 934; x_wconf 90' lang='lat' dir='ltr'>In</span> <span class='ocrx_word' id='word_1_61' title='bbox 1125 900 1316 945; x_wconf 78' lang='lat' dir='ltr'>Euripidis</span> <span class='ocrx_word' id='word_1_62' title='bbox 1335 899 1490 935; x_wconf 88' lang='lat' dir='ltr'>Hecuba</span> <span class='ocrx_word' id='word_1_63' title='bbox 1511 902 1630 946; x_wconf 87' lang='lat'>(1088)</span> <span class='ocrx_word' id='word_1_64' title='bbox 1650 900 1883 946; x_wconf 81' lang='lat' dir='ltr'>Polymestor</span> 
     </span>
     <span class='ocr_line' id='line_1_11' title="bbox 318 952 1882 1000; baseline 0 -10"><span class='ocrx_word' id='word_1_65' title='bbox 318 956 462 990; x_wconf 78' lang='lat' dir='ltr'>Thraex</span> <span class='ocrx_word' id='word_1_66' title='bbox 486 955 541 989; x_wconf 81' lang='lat' dir='ltr'>ita</span> <span class='ocrx_word' id='word_1_67' title='bbox 566 954 794 989; x_wconf 86' lang='lat' dir='ltr'>lamentatur</span> <span class='ocrx_word' id='word_1_68' title='bbox 819 953 911 996; x_wconf 86' lang='grc' dir='ltr'><em>αἰαῖ,</em></span> <span class='ocrx_word' id='word_1_69' title='bbox 933 953 975 988; x_wconf 85' lang='grc' dir='ltr'>ἰὼ</span> <span class='ocrx_word' id='word_1_70' title='bbox 1000 952 1149 1000; x_wconf 80' lang='grc' dir='ltr'><em>Θρῄκης</em></span> <span class='ocrx_word' id='word_1_71' title='bbox 1167 952 1399 999; x_wconf 81' lang='grc' dir='ltr'><em>λογχοφόρον</em></span> <span class='ocrx_word' id='word_1_72' title='bbox 1426 954 1582 989; x_wconf 78' lang='grc' dir='ltr'><em>ἔνοπλον</em></span> <span class='ocrx_word' id='word_1_73' title='bbox 1607 953 1767 990; x_wconf 76' lang='grc' dir='ltr'><em>εὔιππον</em></span> <span class='ocrx_word' id='word_1_74' title='bbox 1785 952 1882 999; x_wconf 78' lang='grc' dir='ltr'><em>Ἄρει</em></span> 
     </span>
     <span class='ocr_line' id='line_1_12' title="bbox 318 1006 1883 1055; baseline -0.001 -11"><span class='ocrx_word' id='word_1_75' title='bbox 318 1009 476 1055; x_wconf 82' lang='grc' dir='ltr'><em>κάτοχον</em></span> <span class='ocrx_word' id='word_1_76' title='bbox 499 1007 614 1053; x_wconf 79' lang='grc' dir='ltr'><em>γένος.</em></span> <span class='ocrx_word' id='word_1_77' title='bbox 639 1007 703 1052; x_wconf 90' lang='lat' dir='ltr'>qui</span> <span class='ocrx_word' id='word_1_78' title='bbox 725 1006 867 1041; x_wconf 87' lang='lat' dir='ltr'>ibidem</span> <span class='ocrx_word' id='word_1_79' title='bbox 892 1010 983 1042; x_wconf 82' lang='grc'>1267</span> <span class='ocrx_word' id='word_1_80' title='bbox 1006 1006 1180 1041; x_wconf 90' lang='lat' dir='ltr'>Liberum</span> <span class='ocrx_word' id='word_1_81' title='bbox 1206 1006 1414 1042; x_wconf 90' lang='lat' dir='ltr'>Thraecum</span> <span class='ocrx_word' id='word_1_82' title='bbox 1438 1008 1562 1042; x_wconf 89' lang='lat' dir='ltr'>vatem</span> <span class='ocrx_word' id='word_1_83' title='bbox 1588 1007 1698 1042; x_wconf 87' lang='lat' dir='ltr'>affert</span> <span class='ocrx_word' id='word_1_84' title='bbox 1720 1007 1739 1043; x_wconf 87' lang='grc' dir='ltr'><strong><em>ὁ</em></strong></span> <span class='ocrx_word' id='word_1_85' title='bbox 1767 1008 1883 1055; x_wconf 81' lang='grc' dir='ltr'><em>Θρῃξὶ</em></span> 
     </span>
     <span class='ocr_line' id='line_1_13' title="bbox 318 1058 1882 1107; baseline -0.001 -10"><span class='ocrx_word' id='word_1_86' title='bbox 318 1062 447 1107; x_wconf 75' lang='grc' dir='ltr'><em>μάντις</em></span> <span class='ocrx_word' id='word_1_87' title='bbox 466 1058 545 1096; x_wconf 82' lang='grc' dir='ltr'><em>εἶπε</em></span> <span class='ocrx_word' id='word_1_88' title='bbox 559 1059 744 1102; x_wconf 84' lang='grc' dir='ltr'><em>Διόνυσος</em></span> <span class='ocrx_word' id='word_1_89' title='bbox 761 1059 861 1096; x_wconf 79' lang='grc' dir='ltr'><em>τάδε.</em></span> <span class='ocrx_word' id='word_1_90' title='bbox 876 1060 931 1095; x_wconf 84' lang='grc' dir='ltr'>Ι)6</span> <span class='ocrx_word' id='word_1_91' title='bbox 951 1070 1025 1105; x_wconf 87' lang='lat' dir='ltr'>quo</span> <span class='ocrx_word' id='word_1_92' title='bbox 1046 1059 1196 1095; x_wconf 91' lang='lat' dir='ltr'>oraculo</span> <span class='ocrx_word' id='word_1_93' title='bbox 1216 1060 1341 1095; x_wconf 89' lang='lat' dir='ltr'>Liberi</span> <span class='ocrx_word' id='word_1_94' title='bbox 1361 1061 1461 1105; x_wconf 88' lang='lat' dir='ltr'>quod</span> <span class='ocrx_word' id='word_1_95' title='bbox 1481 1061 1563 1095; x_wconf 86' lang='lat' dir='ltr'>erat</span> <span class='ocrx_word' id='word_1_96' title='bbox 1582 1061 1683 1106; x_wconf 85' lang='lat' dir='ltr'>apud</span> <span class='ocrx_word' id='word_1_97' title='bbox 1697 1060 1882 1096; x_wconf 83' lang='lat' dir='ltr'>Thraecas</span> 
     </span>
     <span class='ocr_line' id='line_1_14' title="bbox 318 1113 1882 1157; baseline -0.001 -7"><span class='ocrx_word' id='word_1_98' title='bbox 318 1127 401 1150; x_wconf 89' lang='lat' dir='ltr'>cum</span> <span class='ocrx_word' id='word_1_99' title='bbox 414 1115 622 1150; x_wconf 88' lang='lat' dir='ltr'>Herodotus</span> <span class='ocrx_word' id='word_1_100' title='bbox 635 1113 753 1148; x_wconf 90' lang='lat' dir='ltr'>tradit</span> <span class='ocrx_word' id='word_1_101' title='bbox 766 1127 817 1149; x_wconf 87' lang='lat' dir='ltr'>v11</span> <span class='ocrx_word' id='word_1_102' title='bbox 833 1117 897 1148; x_wconf 90' lang='lat'>111</span> <span class='ocrx_word' id='word_1_103' title='bbox 914 1114 994 1148; x_wconf 86' lang='lat' dir='ltr'>tum</span> <span class='ocrx_word' id='word_1_104' title='bbox 1008 1113 1220 1149; x_wconf 79' lang='lat' dir='ltr'>Macrobius</span> <span class='ocrx_word' id='word_1_105' title='bbox 1234 1113 1309 1148; x_wconf 86' lang='lat' dir='ltr'>Sat.</span> <span class='ocrx_word' id='word_1_106' title='bbox 1319 1127 1331 1148; x_wconf 95' lang='lat'>1</span> <span class='ocrx_word' id='word_1_107' title='bbox 1347 1117 1402 1157; x_wconf 89' lang='lat'>18,</span> <span class='ocrx_word' id='word_1_108' title='bbox 1413 1117 1431 1148; x_wconf 94' lang='lat'>1</span> <span class='ocrx_word' id='word_1_109' title='bbox 1447 1124 1492 1148; x_wconf 86' lang='lat' dir='ltr'>ex</span> <span class='ocrx_word' id='word_1_110' title='bbox 1505 1113 1707 1150; x_wconf 87' lang='lat' dir='ltr'>Aristotele</span> <span class='ocrx_word' id='word_1_111' title='bbox 1719 1114 1882 1149; x_wconf 87' lang='lat' dir='ltr'>referens</span> 
     </span>
     <span class='ocr_line' id='line_1_15' title="bbox 320 1166 1882 1213; baseline -0.001 -10"><span class='ocrx_word' id='word_1_112' title='bbox 320 1169 330 1185; x_wconf 82' lang='lat'><em>‘</em></span> <span class='ocrx_word' id='word_1_113' title='bbox 341 1169 439 1213; x_wconf 84' lang='lat' dir='ltr'>apud</span> <span class='ocrx_word' id='word_1_114' title='bbox 453 1169 630 1213; x_wconf 85' lang='lat' dir='ltr'>Ligyreos</span> <span class='ocrx_word' id='word_1_115' title='bbox 649 1167 689 1201; x_wconf 88' lang='lat' dir='ltr'>in</span> <span class='ocrx_word' id='word_1_116' title='bbox 702 1166 862 1202; x_wconf 80' lang='lat' dir='ltr'>Thracia</span> <span class='ocrx_word' id='word_1_117' title='bbox 876 1178 956 1202; x_wconf 86' lang='lat' dir='ltr'>esse</span> <span class='ocrx_word' id='word_1_118' title='bbox 971 1167 1125 1212; x_wconf 81' lang='lat' dir='ltr'>adytum</span> <span class='ocrx_word' id='word_1_119' title='bbox 1139 1167 1272 1202; x_wconf 92' lang='lat' dir='ltr'>Libero</span> <span class='ocrx_word' id='word_1_120' title='bbox 1288 1168 1555 1211; x_wconf 75' lang='lat' dir='ltr'>consecratum,</span> <span class='ocrx_word' id='word_1_121' title='bbox 1570 1178 1615 1202; x_wconf 86' lang='lat' dir='ltr'>ex</span> <span class='ocrx_word' id='word_1_122' title='bbox 1627 1179 1701 1212; x_wconf 90' lang='lat' dir='ltr'>quo</span> <span class='ocrx_word' id='word_1_123' title='bbox 1721 1168 1882 1202; x_wconf 89' lang='lat' dir='ltr'>reddun-</span> 
     </span>
     <span class='ocr_line' id='line_1_16' title="bbox 316 1220 1879 1265; baseline -0.001 -9"><span class='ocrx_word' id='word_1_124' title='bbox 316 1223 376 1256; x_wconf 90' lang='lat' dir='ltr'>tur</span> <span class='ocrx_word' id='word_1_125' title='bbox 395 1221 578 1265; x_wconf 80' lang='lat' dir='ltr'>oracula&#39;3</span> <span class='ocrx_word' id='word_1_126' title='bbox 597 1221 641 1255; x_wconf 87' lang='lat' dir='ltr'>cf.</span> <span class='ocrx_word' id='word_1_127' title='bbox 657 1220 747 1255; x_wconf 87' lang='lat' dir='ltr'>ibid.</span> <span class='ocrx_word' id='word_1_128' title='bbox 766 1224 806 1255; x_wconf 91' lang='lat'>11</span> <span class='ocrx_word' id='word_1_129' title='bbox 824 1220 870 1255; x_wconf 92' lang='lat' dir='ltr'>de</span> <span class='ocrx_word' id='word_1_130' title='bbox 885 1221 978 1256; x_wconf 88' lang='lat' dir='ltr'>aede</span> <span class='ocrx_word' id='word_1_131' title='bbox 997 1220 1131 1256; x_wconf 91' lang='lat' dir='ltr'>Libero</span> <span class='ocrx_word' id='word_1_132' title='bbox 1152 1220 1328 1255; x_wconf 86' lang='lat' dir='ltr'>dedicata</span> <span class='ocrx_word' id='word_1_133' title='bbox 1348 1222 1386 1255; x_wconf 87' lang='lat' dir='ltr'>et</span> <span class='ocrx_word' id='word_1_134' title='bbox 1406 1220 1603 1256; x_wconf 73' lang='lat' dir='ltr'>Suetonius</span> <span class='ocrx_word' id='word_1_135' title='bbox 1618 1220 1808 1257; x_wconf 84' lang='lat' dir='ltr'>Octavian.</span> <span class='ocrx_word' id='word_1_136' title='bbox 1824 1225 1879 1256; x_wconf 86' lang='lat'>94.</span> 
     </span>
    </p>

    <p class='ocr_par' dir='ltr' id='par_1_6' title="bbox 314 1274 1883 1746">
     <span class='ocr_line' id='line_1_17' title="bbox 434 1274 1880 1320; baseline 0.001 -12"><span class='ocrx_word' id='word_1_137' title='bbox 434 1275 482 1308; x_wconf 89' lang='lat' dir='ltr'>XI</span> <span class='ocrx_word' id='word_1_138' title='bbox 497 1275 593 1320; x_wconf 87' lang='lat'>(390)</span> <span class='ocrx_word' id='word_1_139' title='bbox 620 1274 818 1309; x_wconf 86' lang='lat' dir='ltr'>Diomedes</span> <span class='ocrx_word' id='word_1_140' title='bbox 835 1287 863 1309; x_wconf 90' lang='lat'>11</span> <span class='ocrx_word' id='word_1_141' title='bbox 878 1287 913 1319; x_wconf 89' lang='lat' dir='ltr'>p.</span> <span class='ocrx_word' id='word_1_142' title='bbox 927 1277 1007 1317; x_wconf 84' lang='lat'>447,</span> <span class='ocrx_word' id='word_1_143' title='bbox 1021 1278 1040 1309; x_wconf 86' lang='grc'><strong>6</strong></span> <span class='ocrx_word' id='word_1_144' title='bbox 1054 1274 1097 1308; x_wconf 90' lang='grc' dir='ltr'>Κ.</span> <span class='ocrx_word' id='word_1_145' title='bbox 1115 1274 1460 1309; x_wconf 72' lang='lat' dir='ltr'>‘homoeoteleuton</span> <span class='ocrx_word' id='word_1_146' title='bbox 1481 1276 1537 1310; x_wconf 90' lang='lat' dir='ltr'>est</span> <span class='ocrx_word' id='word_1_147' title='bbox 1555 1274 1675 1309; x_wconf 83' lang='lat' dir='ltr'>oratio</span> <span class='ocrx_word' id='word_1_148' title='bbox 1696 1274 1880 1309; x_wconf 80' lang='lat' dir='ltr'>similibus</span> 
     </span>
     <span class='ocr_line' id='line_1_18' title="bbox 317 1327 1883 1373; baseline 0 -10"><span class='ocrx_word' id='word_1_149' title='bbox 317 1328 492 1363; x_wconf 85' lang='lat' dir='ltr'>clausulis</span> <span class='ocrx_word' id='word_1_150' title='bbox 512 1327 725 1370; x_wconf 83' lang='lat' dir='ltr'>terminata,</span> <span class='ocrx_word' id='word_1_151' title='bbox 745 1327 785 1361; x_wconf 91' lang='lat' dir='ltr'>id</span> <span class='ocrx_word' id='word_1_152' title='bbox 805 1329 862 1362; x_wconf 89' lang='lat' dir='ltr'>est</span> <span class='ocrx_word' id='word_1_153' title='bbox 880 1327 963 1372; x_wconf 89' lang='lat' dir='ltr'>pari</span> <span class='ocrx_word' id='word_1_154' title='bbox 984 1327 1177 1362; x_wconf 89' lang='lat' dir='ltr'>verborum</span> <span class='ocrx_word' id='word_1_155' title='bbox 1198 1327 1299 1362; x_wconf 83' lang='lat' dir='ltr'>exitu</span> <span class='ocrx_word' id='word_1_156' title='bbox 1318 1327 1436 1371; x_wconf 85' lang='lat' dir='ltr'>finita,</span> <span class='ocrx_word' id='word_1_157' title='bbox 1456 1329 1499 1362; x_wconf 90' lang='lat' dir='ltr'>ut</span> <span class='ocrx_word' id='word_1_158' title='bbox 1512 1327 1613 1373; x_wconf 87' lang='lat' dir='ltr'>apud</span> <span class='ocrx_word' id='word_1_159' title='bbox 1626 1327 1788 1362; x_wconf 87' lang='lat' dir='ltr'>Ennium</span> <span class='ocrx_word' id='word_1_160' title='bbox 1802 1339 1883 1364; x_wconf 86' lang='lat' dir='ltr'>«eos</span> 
     </span>
     <span class='ocr_line' id='line_1_19' title="bbox 317 1380 1881 1426; baseline -0.001 -10"><span class='ocrx_word' id='word_1_161' title='bbox 317 1382 445 1416; x_wconf 68' lang='lat' dir='ltr'>deduci·</span> <span class='ocrx_word' id='word_1_162' title='bbox 464 1382 610 1426; x_wconf 79' lang='lat' dir='ltr'>(coste</span> <span class='ocrx_word' id='word_1_163' title='bbox 638 1380 743 1415; x_wconf 89' lang='lat' dir='ltr'>duci</span> <span class='ocrx_word' id='word_1_164' title='bbox 766 1380 879 1426; x_wconf 88' lang='lat' dir='ltr'>Mon.)</span> <span class='ocrx_word' id='word_1_165' title='bbox 901 1381 1023 1416; x_wconf 80' lang='lat' dir='ltr'>devehi</span> <span class='ocrx_word' id='word_1_166' title='bbox 1042 1380 1232 1426; x_wconf 87' lang='lat' dir='ltr'>(devihi</span> <span class='ocrx_word' id='word_1_167' title='bbox 1254 1380 1351 1416; x_wconf 92' lang='lat' dir='ltr'>Mon.</span> <span class='ocrx_word' id='word_1_168' title='bbox 1374 1381 1516 1416; x_wconf 90' lang='lat' dir='ltr'>devei</span> <span class='ocrx_word' id='word_1_169' title='bbox 1541 1381 1623 1416; x_wconf 89' lang='lat' dir='ltr'>Par.</span> <span class='ocrx_word' id='word_1_170' title='bbox 1639 1381 1684 1426; x_wconf 89' lang='lat' dir='ltr'>A)</span> <span class='ocrx_word' id='word_1_171' title='bbox 1705 1393 1738 1425; x_wconf 93' lang='lat' dir='ltr'>q.</span> <span class='ocrx_word' id='word_1_172' title='bbox 1761 1381 1881 1416; x_wconf 89' lang='lat' dir='ltr'>deseri</span> 
     </span>
     <span class='ocr_line' id='line_1_20' title="bbox 316 1433 1879 1480; baseline 0 -12"><span class='ocrx_word' id='word_1_173' title='bbox 316 1435 360 1480; x_wconf 90' lang='lat' dir='ltr'>(d</span> <span class='ocrx_word' id='word_1_174' title='bbox 372 1446 390 1469; x_wconf 91' lang='lat' dir='ltr'>e</span> <span class='ocrx_word' id='word_1_175' title='bbox 402 1446 418 1468; x_wconf 95' lang='lat' dir='ltr'>s</span> <span class='ocrx_word' id='word_1_176' title='bbox 430 1434 500 1469; x_wconf 89' lang='lat' dir='ltr'>eri</span> <span class='ocrx_word' id='word_1_177' title='bbox 512 1435 528 1468; x_wconf 92' lang='lat' dir='ltr'>t</span> <span class='ocrx_word' id='word_1_178' title='bbox 553 1434 666 1479; x_wconf 85' lang='lat' dir='ltr'>Mon.)</span> <span class='ocrx_word' id='word_1_179' title='bbox 686 1434 804 1468; x_wconf 80' lang='lat' dir='ltr'>malui</span> <span class='ocrx_word' id='word_1_180' title='bbox 823 1435 880 1479; x_wconf 84' lang='lat' dir='ltr'>(m</span> <span class='ocrx_word' id='word_1_181' title='bbox 890 1434 1008 1469; x_wconf 89' lang='lat' dir='ltr'>aluit</span> <span class='ocrx_word' id='word_1_182' title='bbox 1032 1434 1114 1469; x_wconf 91' lang='lat' dir='ltr'>Par.</span> <span class='ocrx_word' id='word_1_183' title='bbox 1130 1434 1226 1479; x_wconf 86' lang='lat' dir='ltr'>B)».&#39;</span> <span class='ocrx_word' id='word_1_184' title='bbox 1362 1433 1550 1469; x_wconf 87' lang='lat' dir='ltr'>Charisius</span> <span class='ocrx_word' id='word_1_185' title='bbox 1570 1447 1607 1469; x_wconf 90' lang='lat' dir='ltr'>1v</span> <span class='ocrx_word' id='word_1_186' title='bbox 1625 1446 1660 1479; x_wconf 91' lang='lat' dir='ltr'>p.</span> <span class='ocrx_word' id='word_1_187' title='bbox 1677 1437 1757 1477; x_wconf 82' lang='lat'>282,</span> <span class='ocrx_word' id='word_1_188' title='bbox 1773 1437 1816 1468; x_wconf 91' lang='grc'>10</span> <span class='ocrx_word' id='word_1_189' title='bbox 1836 1434 1879 1468; x_wconf 90' lang='lat' dir='ltr'>K.</span> 
     </span>
     <span class='ocr_line' id='line_1_21' title="bbox 318 1487 1882 1533; baseline 0.001 -12"><span class='ocrx_word' id='word_1_190' title='bbox 318 1487 660 1522; x_wconf 81' lang='lat' dir='ltr'>‘homoeoteleuton</span> <span class='ocrx_word' id='word_1_191' title='bbox 680 1488 737 1522; x_wconf 82' lang='lat' dir='ltr'>est</span> <span class='ocrx_word' id='word_1_192' title='bbox 756 1487 875 1522; x_wconf 86' lang='lat' dir='ltr'>oratio</span> <span class='ocrx_word' id='word_1_193' title='bbox 895 1487 979 1533; x_wconf 83' lang='lat' dir='ltr'>pari</span> <span class='ocrx_word' id='word_1_194' title='bbox 997 1487 1192 1522; x_wconf 89' lang='lat' dir='ltr'>verborum</span> <span class='ocrx_word' id='word_1_195' title='bbox 1212 1487 1314 1522; x_wconf 83' lang='lat' dir='ltr'>exitu</span> <span class='ocrx_word' id='word_1_196' title='bbox 1333 1487 1451 1530; x_wconf 87' lang='lat' dir='ltr'>finita,</span> <span class='ocrx_word' id='word_1_197' title='bbox 1470 1488 1514 1522; x_wconf 84' lang='lat' dir='ltr'>ut</span> <span class='ocrx_word' id='word_1_198' title='bbox 1527 1488 1613 1524; x_wconf 73' lang='lat' dir='ltr'>«hos</span> <span class='ocrx_word' id='word_1_199' title='bbox 1629 1488 1754 1522; x_wconf 82' lang='lat' dir='ltr'>seduci</span> <span class='ocrx_word' id='word_1_200' title='bbox 1772 1499 1882 1532; x_wconf 78' lang='lat' dir='ltr'>quam</span> 
     </span>
     <span class='ocr_line' id='line_1_22' title="bbox 314 1540 1880 1586; baseline 0 -11"><span class='ocrx_word' id='word_1_201' title='bbox 314 1542 472 1586; x_wconf 76' lang='lat' dir='ltr'>relinqui</span> <span class='ocrx_word' id='word_1_202' title='bbox 485 1541 566 1576; x_wconf 78' lang='lat' dir='ltr'>clevi</span> <span class='ocrx_word' id='word_1_203' title='bbox 578 1553 612 1585; x_wconf 90' lang='lat' dir='ltr'>q.</span> <span class='ocrx_word' id='word_1_204' title='bbox 626 1540 660 1575; x_wconf 84' lang='lat' dir='ltr'>d.</span> <span class='ocrx_word' id='word_1_205' title='bbox 675 1541 841 1586; x_wconf 79' lang='lat' dir='ltr'>malla».’</span> <span class='ocrx_word' id='word_1_206' title='bbox 941 1541 1109 1575; x_wconf 86' lang='lat' dir='ltr'>Donatus</span> <span class='ocrx_word' id='word_1_207' title='bbox 1125 1542 1191 1575; x_wconf 85' lang='lat' dir='ltr'>art.</span> <span class='ocrx_word' id='word_1_208' title='bbox 1205 1553 1256 1586; x_wconf 87' lang='lat' dir='ltr'>gr.</span> <span class='ocrx_word' id='word_1_209' title='bbox 1271 1540 1311 1575; x_wconf 87' lang='lat' dir='ltr'>G.</span> <span class='ocrx_word' id='word_1_210' title='bbox 1324 1541 1362 1575; x_wconf 91' lang='lat' dir='ltr'>L.</span> <span class='ocrx_word' id='word_1_211' title='bbox 1375 1541 1418 1575; x_wconf 90' lang='lat' dir='ltr'>K.</span> <span class='ocrx_word' id='word_1_212' title='bbox 1434 1554 1471 1576; x_wconf 80' lang='lat' dir='ltr'>iv</span> <span class='ocrx_word' id='word_1_213' title='bbox 1483 1553 1518 1586; x_wconf 89' lang='lat' dir='ltr'>p.</span> <span class='ocrx_word' id='word_1_214' title='bbox 1532 1544 1611 1584; x_wconf 85' lang='lat'>398,</span> <span class='ocrx_word' id='word_1_215' title='bbox 1627 1544 1671 1575; x_wconf 88' lang='grc'>25</span> <span class='ocrx_word' id='word_1_216' title='bbox 1688 1541 1880 1576; x_wconf 76' lang='lat' dir='ltr'>‘homoeo-</span> 
     </span>
     <span class='ocr_line' id='line_1_23' title="bbox 314 1594 1881 1639; baseline 0 -11"><span class='ocrx_word' id='word_1_217' title='bbox 314 1594 480 1629; x_wconf 89' lang='lat' dir='ltr'>teleuton</span> <span class='ocrx_word' id='word_1_218' title='bbox 505 1596 562 1629; x_wconf 89' lang='lat' dir='ltr'>est</span> <span class='ocrx_word' id='word_1_219' title='bbox 587 1605 671 1629; x_wconf 86' lang='lat' dir='ltr'>cum</span> <span class='ocrx_word' id='word_1_220' title='bbox 697 1594 811 1629; x_wconf 86' lang='lat' dir='ltr'>simili</span> <span class='ocrx_word' id='word_1_221' title='bbox 836 1594 946 1628; x_wconf 89' lang='lat' dir='ltr'>modo</span> <span class='ocrx_word' id='word_1_222' title='bbox 973 1594 1156 1629; x_wconf 86' lang='lat' dir='ltr'>dictiones</span> <span class='ocrx_word' id='word_1_223' title='bbox 1175 1594 1359 1639; x_wconf 87' lang='lat' dir='ltr'>plurimae</span> <span class='ocrx_word' id='word_1_224' title='bbox 1385 1594 1573 1638; x_wconf 85' lang='lat' dir='ltr'>finiuntur,</span> <span class='ocrx_word' id='word_1_225' title='bbox 1594 1595 1638 1628; x_wconf 91' lang='lat' dir='ltr'>ut</span> <span class='ocrx_word' id='word_1_226' title='bbox 1657 1605 1737 1630; x_wconf 87' lang='lat' dir='ltr'>«eos</span> <span class='ocrx_word' id='word_1_227' title='bbox 1755 1594 1881 1629; x_wconf 81' lang='lat' dir='ltr'>reduci</span> 
     </span>
     <span class='ocr_line' id='line_1_24' title="bbox 315 1647 1881 1693; baseline 0.001 -12"><span class='ocrx_word' id='word_1_228' title='bbox 315 1648 454 1693; x_wconf 88' lang='lat' dir='ltr'>(revei</span> <span class='ocrx_word' id='word_1_229' title='bbox 475 1647 575 1682; x_wconf 84' lang='lat' dir='ltr'>Sant</span> <span class='ocrx_word' id='word_1_230' title='bbox 592 1647 657 1682; x_wconf 89' lang='lat' dir='ltr'>sed</span> <span class='ocrx_word' id='word_1_231' title='bbox 672 1649 901 1693; x_wconf 78' lang='lat' dir='ltr'>corr.)qnam</span> <span class='ocrx_word' id='word_1_232' title='bbox 919 1648 1080 1692; x_wconf 76' lang='lat' dir='ltr'>relinqui</span> <span class='ocrx_word' id='word_1_233' title='bbox 1098 1648 1221 1683; x_wconf 81' lang='lat' dir='ltr'>devehi</span> <span class='ocrx_word' id='word_1_234' title='bbox 1240 1647 1522 1693; x_wconf 87' lang='lat' dir='ltr'>(relinquere</span> <span class='ocrx_word' id='word_1_235' title='bbox 1548 1647 1677 1682; x_wconf 87' lang='lat' dir='ltr'>devei</span> <span class='ocrx_word' id='word_1_236' title='bbox 1697 1647 1799 1682; x_wconf 83' lang='lat' dir='ltr'>Sant.</span> <span class='ocrx_word' id='word_1_237' title='bbox 1815 1647 1881 1682; x_wconf 86' lang='lat' dir='ltr'>sed</span> 
     </span>
     <span class='ocr_line' id='line_1_25' title="bbox 316 1701 1019 1746; baseline 0.001 -11"><span class='ocrx_word' id='word_1_238' title='bbox 316 1712 403 1736; x_wconf 67' lang='lat' dir='ltr'>corn</span> <span class='ocrx_word' id='word_1_239' title='bbox 425 1701 648 1746; x_wconf 88' lang='lat' dir='ltr'>relinqui)</span> <span class='ocrx_word' id='word_1_240' title='bbox 669 1712 782 1746; x_wconf 90' lang='lat' dir='ltr'>quam</span> <span class='ocrx_word' id='word_1_241' title='bbox 802 1701 836 1735; x_wconf 90' lang='lat' dir='ltr'>d.</span> <span class='ocrx_word' id='word_1_242' title='bbox 852 1701 1019 1736; x_wconf 54' lang='lat' dir='ltr'>malum?</span> 
     </span>
    </p>

    <p class='ocr_par' dir='ltr' id='par_1_7' title="bbox 314 1753 1880 1950">
     <span class='ocr_line' id='line_1_26' title="bbox 432 1753 1880 1814; baseline 0 -26"><span class='ocrx_word' id='word_1_243' title='bbox 432 1754 499 1788; x_wconf 93' lang='lat' dir='ltr'>XII</span> <span class='ocrx_word' id='word_1_244' title='bbox 519 1755 616 1800; x_wconf 85' lang='grc'>(392)</span> <span class='ocrx_word' id='word_1_245' title='bbox 643 1754 768 1789; x_wconf 87' lang='lat' dir='ltr'>Cicero</span> <span class='ocrx_word' id='word_1_246' title='bbox 784 1754 890 1788; x_wconf 88' lang='lat' dir='ltr'>Tusc.</span> <span class='ocrx_word' id='word_1_247' title='bbox 908 1754 1002 1799; x_wconf 88' lang='lat' dir='ltr'>disp.</span> <span class='ocrx_word' id='word_1_248' title='bbox 1018 1767 1059 1788; x_wconf 93' lang='lat'>111</span> <span class='ocrx_word' id='word_1_249' title='bbox 1074 1757 1105 1796; x_wconf 89' lang='lat'>3,</span> <span class='ocrx_word' id='word_1_250' title='bbox 1122 1757 1142 1788; x_wconf 88' lang='lat'>5</span> <span class='ocrx_word' id='word_1_251' title='bbox 1159 1754 1220 1789; x_wconf 76' lang='lat' dir='ltr'>‘at</span> <span class='ocrx_word' id='word_1_252' title='bbox 1239 1755 1277 1789; x_wconf 90' lang='lat' dir='ltr'>et</span> <span class='ocrx_word' id='word_1_253' title='bbox 1296 1753 1415 1788; x_wconf 90' lang='lat' dir='ltr'>morbi</span> <span class='ocrx_word' id='word_1_254' title='bbox 1435 1754 1718 1799; x_wconf 83' lang='lat' dir='ltr'>perniciosiores</span> <span class='ocrx_word' id='word_1_255' title='bbox 1737 1753 1880 1814; x_wconf 85' lang='lat' dir='ltr'>plures-</span> 
     </span>
     <span class='ocr_line' id='line_1_27' title="bbox 316 1807 1879 1852; baseline -0.001 -10"><span class='ocrx_word' id='word_1_256' title='bbox 316 1819 386 1852; x_wconf 90' lang='lat' dir='ltr'>que</span> <span class='ocrx_word' id='word_1_257' title='bbox 412 1809 498 1842; x_wconf 82' lang='lat' dir='ltr'>sunt</span> <span class='ocrx_word' id='word_1_258' title='bbox 524 1807 639 1842; x_wconf 82' lang='lat' dir='ltr'>animi</span> <span class='ocrx_word' id='word_1_259' title='bbox 659 1819 772 1852; x_wconf 81' lang='lat' dir='ltr'>quam</span> <span class='ocrx_word' id='word_1_260' title='bbox 798 1807 971 1852; x_wconf 89' lang='lat' dir='ltr'>corporis.</span> <span class='ocrx_word' id='word_1_261' title='bbox 992 1807 1032 1841; x_wconf 86' lang='lat' dir='ltr'>hi</span> <span class='ocrx_word' id='word_1_262' title='bbox 1052 1807 1150 1842; x_wconf 90' lang='lat' dir='ltr'>enim</span> <span class='ocrx_word' id='word_1_263' title='bbox 1170 1807 1244 1852; x_wconf 91' lang='lat' dir='ltr'>ipsi</span> <span class='ocrx_word' id='word_1_264' title='bbox 1264 1807 1383 1842; x_wconf 87' lang='lat' dir='ltr'>odiosi</span> <span class='ocrx_word' id='word_1_265' title='bbox 1404 1809 1501 1850; x_wconf 89' lang='lat' dir='ltr'>sunt,</span> <span class='ocrx_word' id='word_1_266' title='bbox 1523 1808 1624 1852; x_wconf 90' lang='lat' dir='ltr'>quod</span> <span class='ocrx_word' id='word_1_267' title='bbox 1644 1807 1693 1842; x_wconf 86' lang='lat' dir='ltr'>ad</span> <span class='ocrx_word' id='word_1_268' title='bbox 1713 1807 1879 1842; x_wconf 84' lang='lat' dir='ltr'>animum</span> 
     </span>
     <span class='ocr_line' id='line_1_28' title="bbox 314 1860 1880 1906; baseline -0.001 -11"><span class='ocrx_word' id='word_1_269' title='bbox 314 1861 502 1905; x_wconf 86' lang='lat' dir='ltr'>pertinent</span> <span class='ocrx_word' id='word_1_270' title='bbox 527 1871 685 1905; x_wconf 88' lang='lat' dir='ltr'>eumque</span> <span class='ocrx_word' id='word_1_271' title='bbox 712 1860 928 1905; x_wconf 86' lang='lat' dir='ltr'>sollicitant,</span> <span class='ocrx_word' id='word_1_272' title='bbox 949 1861 1216 1905; x_wconf 86' lang='lat' dir='ltr'>«animus»que</span> <span class='ocrx_word' id='word_1_273' title='bbox 1237 1871 1393 1906; x_wconf 74' lang='lat' dir='ltr'>«aeger»</span> <span class='ocrx_word' id='word_1_274' title='bbox 1414 1861 1457 1894; x_wconf 91' lang='lat' dir='ltr'>ut</span> <span class='ocrx_word' id='word_1_275' title='bbox 1477 1860 1531 1895; x_wconf 88' lang='lat' dir='ltr'>ait</span> <span class='ocrx_word' id='word_1_276' title='bbox 1549 1860 1691 1895; x_wconf 88' lang='lat' dir='ltr'>Ennius</span> <span class='ocrx_word' id='word_1_277' title='bbox 1712 1871 1880 1905; x_wconf 72' lang='lat' dir='ltr'>«semper</span> 
     </span>
     <span class='ocr_line' id='line_1_29' title="bbox 316 1914 574 1950; baseline 0.008 -2"><span class='ocrx_word' id='word_1_278' title='bbox 316 1943 322 1948; x_wconf 92' lang='lat'>.</span> <span class='ocrx_word' id='word_1_279' title='bbox 340 1943 345 1948; x_wconf 88' lang='lat'>.</span> <span class='ocrx_word' id='word_1_280' title='bbox 365 1943 370 1948; x_wconf 91' lang='lat'>.</span> <span class='ocrx_word' id='word_1_281' title='bbox 386 1914 574 1950; x_wconf 81' lang='lat' dir='ltr'>desinit».&#39;</span> 
     </span>
    </p>
   </div>
   <div class='ocr_carea' id='block_1_6' title="bbox 316 2013 598 2017">
    <p class='ocr_par' dir='ltr' id='par_1_8' title="bbox 316 2013 598 2017">
     <span class='ocr_line' id='line_1_30' title="bbox 316 2013 598 2017; baseline 0 0"><span class='ocrx_word' id='word_1_282' title='bbox 316 2013 598 2017; x_wconf 95' lang='lat' dir='ltr'> </span> 
     </span>
    </p>
   </div>
   <div class='ocr_carea' id='block_1_7' title="bbox 306 2081 1879 2968">
    <p class='ocr_par' dir='ltr' id='par_1_9' title="bbox 306 2081 1879 2372">
     <span class='ocr_line' id='line_1_31' title="bbox 314 2081 1879 2139; baseline -0.001 -16"><span class='ocrx_word' id='word_1_283' title='bbox 314 2086 441 2124; x_wconf 84' lang='lat' dir='ltr'>locavi</span> <span class='ocrx_word' id='word_1_284' title='bbox 465 2087 527 2124; x_wconf 81' lang='lat' dir='ltr'>vir</span> <span class='ocrx_word' id='word_1_285' title='bbox 551 2087 682 2125; x_wconf 81' lang='lat' dir='ltr'>doctas</span> <span class='ocrx_word' id='word_1_286' title='bbox 701 2087 750 2125; x_wconf 89' lang='lat' dir='ltr'>ab</span> <span class='ocrx_word' id='word_1_287' title='bbox 770 2087 805 2124; x_wconf 92' lang='lat' dir='ltr'>I.</span> <span class='ocrx_word' id='word_1_288' title='bbox 828 2086 875 2126; x_wconf 75' lang='lat' dir='ltr'>G.</span> <span class='ocrx_word' id='word_1_289' title='bbox 892 2086 1121 2125; x_wconf 74' lang='lat' dir='ltr'>Schneidero</span> <span class='ocrx_word' id='word_1_290' title='bbox 1140 2081 1201 2139; x_wconf 87' lang='lat' dir='ltr'>(in</span> <span class='ocrx_word' id='word_1_291' title='bbox 1220 2098 1348 2124; x_wconf 80' lang='lat' dir='ltr'>comm.</span> <span class='ocrx_word' id='word_1_292' title='bbox 1371 2086 1424 2124; x_wconf 81' lang='lat' dir='ltr'>ad</span> <span class='ocrx_word' id='word_1_293' title='bbox 1442 2087 1569 2133; x_wconf 78' lang='lat' dir='ltr'>script.</span> <span class='ocrx_word' id='word_1_294' title='bbox 1589 2086 1647 2124; x_wconf 86' lang='lat' dir='ltr'>rei</span> <span class='ocrx_word' id='word_1_295' title='bbox 1664 2088 1758 2124; x_wconf 79' lang='lat' dir='ltr'>rust.</span> <span class='ocrx_word' id='word_1_296' title='bbox 1778 2085 1849 2124; x_wconf 85' lang='lat' dir='ltr'>vol.</span> <span class='ocrx_word' id='word_1_297' title='bbox 1864 2097 1879 2122; x_wconf 95' lang='lat'>1</span> 
     </span>
     <span class='ocr_line' id='line_1_32' title="bbox 307 2140 1879 2198; baseline 0.001 -18"><span class='ocrx_word' id='word_1_298' title='bbox 307 2157 348 2192; x_wconf 87' lang='lat' dir='ltr'>p.</span> <span class='ocrx_word' id='word_1_299' title='bbox 367 2140 469 2198; x_wconf 85' lang='lat'>240)</span> <span class='ocrx_word' id='word_1_300' title='bbox 489 2149 732 2191; x_wconf 80' lang='lat' dir='ltr'>memoratus,</span> <span class='ocrx_word' id='word_1_301' title='bbox 746 2146 872 2184; x_wconf 74' lang='lat' dir='ltr'>Ennii</span> <span class='ocrx_word' id='word_1_302' title='bbox 890 2147 1008 2184; x_wconf 81' lang='lat' dir='ltr'>verba</span> <span class='ocrx_word' id='word_1_303' title='bbox 1025 2147 1283 2193; x_wconf 84' lang='lat' dir='ltr'>interpretans</span> <span class='ocrx_word' id='word_1_304' title='bbox 1302 2142 1364 2183; x_wconf 71' lang='lat' dir='ltr'>‘de</span> <span class='ocrx_word' id='word_1_305' title='bbox 1379 2141 1568 2183; x_wconf 86' lang='lat' dir='ltr'>Marone’</span> <span class='ocrx_word' id='word_1_306' title='bbox 1582 2147 1627 2183; x_wconf 82' lang='lat' dir='ltr'>at</span> <span class='ocrx_word' id='word_1_307' title='bbox 1643 2147 1701 2183; x_wconf 90' lang='lat' dir='ltr'>ait</span> <span class='ocrx_word' id='word_1_308' title='bbox 1716 2141 1879 2183; x_wconf 76' lang='lat' dir='ltr'>‘Bacchi</span> 
     </span>
     <span class='ocr_line' id='line_1_33' title="bbox 315 2201 1877 2253; baseline 0.001 -12"><span class='ocrx_word' id='word_1_309' title='bbox 315 2205 563 2243; x_wconf 70' lang='lat' dir='ltr'>commilitone</span> <span class='ocrx_word' id='word_1_310' title='bbox 582 2217 608 2243; x_wconf 91' lang='lat' dir='ltr'>a</span> <span class='ocrx_word' id='word_1_311' title='bbox 633 2217 705 2253; x_wconf 80' lang='lat' dir='ltr'>qao</span> <span class='ocrx_word' id='word_1_312' title='bbox 725 2206 921 2244; x_wconf 87' lang='lat' dir='ltr'>Maronea</span> <span class='ocrx_word' id='word_1_313' title='bbox 942 2205 1132 2243; x_wconf 76' lang='lat' dir='ltr'>Thraciae</span> <span class='ocrx_word' id='word_1_314' title='bbox 1157 2206 1251 2243; x_wconf 78' lang='lat' dir='ltr'>urbs</span> <span class='ocrx_word' id='word_1_315' title='bbox 1274 2206 1395 2252; x_wconf 78' lang='lat' dir='ltr'>faerit</span> <span class='ocrx_word' id='word_1_316' title='bbox 1418 2201 1597 2242; x_wconf 84' lang='lat' dir='ltr'>condita.&#39;</span> <span class='ocrx_word' id='word_1_317' title='bbox 1617 2205 1680 2242; x_wconf 91' lang='lat' dir='ltr'>De</span> <span class='ocrx_word' id='word_1_318' title='bbox 1699 2205 1768 2242; x_wconf 82' lang='lat' dir='ltr'>hoc</span> <span class='ocrx_word' id='word_1_319' title='bbox 1785 2204 1877 2242; x_wconf 86' lang='lat' dir='ltr'>Ma-</span> 
     </span>
     <span class='ocr_line' id='line_1_34' title="bbox 314 2263 1877 2312; baseline -0.001 -11"><span class='ocrx_word' id='word_1_320' title='bbox 314 2275 406 2301; x_wconf 86' lang='lat' dir='ltr'>rone</span> <span class='ocrx_word' id='word_1_321' title='bbox 429 2264 565 2302; x_wconf 81' lang='lat' dir='ltr'>Liberi</span> <span class='ocrx_word' id='word_1_322' title='bbox 595 2265 677 2312; x_wconf 81' lang='lat' dir='ltr'>filio</span> <span class='ocrx_word' id='word_1_323' title='bbox 707 2263 904 2312; x_wconf 76' lang='lat' dir='ltr'>Apollinis</span> <span class='ocrx_word' id='word_1_324' title='bbox 931 2265 1125 2302; x_wconf 77' lang='lat' dir='ltr'>sacerdote</span> <span class='ocrx_word' id='word_1_325' title='bbox 1148 2276 1183 2302; x_wconf 82' lang='lat' dir='ltr'>v.</span> <span class='ocrx_word' id='word_1_326' title='bbox 1215 2264 1454 2303; x_wconf 81' lang='lat' dir='ltr'>Welckeram</span> <span class='ocrx_word' id='word_1_327' title='bbox 1485 2265 1651 2311; x_wconf 84' lang='lat' dir='ltr'>epimetr.</span> <span class='ocrx_word' id='word_1_328' title='bbox 1672 2264 1725 2301; x_wconf 84' lang='lat' dir='ltr'>ad</span> <span class='ocrx_word' id='word_1_329' title='bbox 1756 2263 1877 2311; x_wconf 74' lang='lat' dir='ltr'>triloy.</span> 
     </span>
     <span class='ocr_line' id='line_1_35' title="bbox 306 2320 1749 2372; baseline 0.001 -13"><span class='ocrx_word' id='word_1_330' title='bbox 306 2334 349 2370; x_wconf 87' lang='lat' dir='ltr'>p.</span> <span class='ocrx_word' id='word_1_331' title='bbox 368 2320 449 2357; x_wconf 85' lang='lat'>216</span> <span class='ocrx_word' id='word_1_332' title='bbox 474 2326 508 2360; x_wconf 89' lang='lat' dir='ltr'>et</span> <span class='ocrx_word' id='word_1_333' title='bbox 530 2325 687 2371; x_wconf 79' lang='lat' dir='ltr'>interpr.</span> <span class='ocrx_word' id='word_1_334' title='bbox 709 2325 761 2362; x_wconf 77' lang='lat' dir='ltr'>acl</span> <span class='ocrx_word' id='word_1_335' title='bbox 779 2324 963 2372; x_wconf 79' lang='lat' dir='ltr'>Euripid.</span> <span class='ocrx_word' id='word_1_336' title='bbox 985 2324 1122 2372; x_wconf 74' lang='lat' dir='ltr'>cyclop.</span> <span class='ocrx_word' id='word_1_337' title='bbox 1144 2333 1217 2370; x_wconf 83' lang='lat'>141</span> <span class='ocrx_word' id='word_1_338' title='bbox 1350 2323 1499 2361; x_wconf 86' lang='lat' dir='ltr'>locavit</span> <span class='ocrx_word' id='word_1_339' title='bbox 1518 2322 1749 2361; x_wconf 81' lang='lat' dir='ltr'>Ribbeckius</span> 
     </span>
    </p>

    <p class='ocr_par' dir='ltr' id='par_1_10' title="bbox 314 2381 1879 2968">
     <span class='ocr_line' id='line_1_36' title="bbox 317 2381 1878 2433; baseline 0 -14"><span class='ocrx_word' id='word_1_340' title='bbox 317 2382 400 2420; x_wconf 85' lang='lat'>392</span> <span class='ocrx_word' id='word_1_341' title='bbox 428 2395 553 2430; x_wconf 93' lang='lat' dir='ltr'>neque</span> <span class='ocrx_word' id='word_1_342' title='bbox 581 2384 667 2431; x_wconf 88' lang='lat' dir='ltr'>pati</span> <span class='ocrx_word' id='word_1_343' title='bbox 692 2396 819 2432; x_wconf 89' lang='lat' dir='ltr'>neque</span> <span class='ocrx_word' id='word_1_344' title='bbox 847 2384 1022 2433; x_wconf 88' lang='lat' dir='ltr'>perpeti:</span> <span class='ocrx_word' id='word_1_345' title='bbox 1049 2394 1163 2430; x_wconf 88' lang='lat' dir='ltr'>saepe</span> <span class='ocrx_word' id='word_1_346' title='bbox 1186 2382 1331 2420; x_wconf 82' lang='lat' dir='ltr'>similia</span> <span class='ocrx_word' id='word_1_347' title='bbox 1357 2381 1596 2429; x_wconf 75' lang='lat' dir='ltr'>copulantur,</span> <span class='ocrx_word' id='word_1_348' title='bbox 1628 2393 1761 2419; x_wconf 88' lang='lat' dir='ltr'>omnes</span> <span class='ocrx_word' id='word_1_349' title='bbox 1790 2394 1878 2430; x_wconf 90' lang='lat' dir='ltr'>per-</span> 
     </span>
     <span class='ocr_line' id='line_1_37' title="bbox 314 2435 1877 2493; baseline 0 -15"><span class='ocrx_word' id='word_1_350' title='bbox 314 2440 415 2479; x_wconf 88' lang='lat' dir='ltr'>ferre</span> <span class='ocrx_word' id='word_1_351' title='bbox 446 2453 490 2479; x_wconf 87' lang='lat' dir='ltr'>ac</span> <span class='ocrx_word' id='word_1_352' title='bbox 518 2443 603 2490; x_wconf 88' lang='lat' dir='ltr'>pati</span> <span class='ocrx_word' id='word_1_353' title='bbox 631 2442 832 2480; x_wconf 77' lang='lat' dir='ltr'>Terentius</span> <span class='ocrx_word' id='word_1_354' title='bbox 842 2456 855 2488; x_wconf 90' lang='lat'>,·</span> <span class='ocrx_word' id='word_1_355' title='bbox 887 2443 1011 2480; x_wconf 86' lang='lat' dir='ltr'>feram</span> <span class='ocrx_word' id='word_1_356' title='bbox 1042 2443 1082 2480; x_wconf 86' lang='lat' dir='ltr'>et</span> <span class='ocrx_word' id='word_1_357' title='bbox 1112 2441 1307 2491; x_wconf 84' lang='lat' dir='ltr'>perferam</span> <span class='ocrx_word' id='word_1_358' title='bbox 1332 2441 1514 2485; x_wconf 81' lang='lat' dir='ltr'>Plautus,</span> <span class='ocrx_word' id='word_1_359' title='bbox 1540 2441 1641 2479; x_wconf 87' lang='lat' dir='ltr'>ferre</span> <span class='ocrx_word' id='word_1_360' title='bbox 1668 2435 1877 2493; x_wconf 84' lang='lat' dir='ltr'>(perferre)</span> 
     </span>
     <span class='ocr_line' id='line_1_38' title="bbox 314 2499 1877 2550; baseline 0 -13"><span class='ocrx_word' id='word_1_361' title='bbox 314 2501 478 2550; x_wconf 86' lang='lat' dir='ltr'>patique</span> <span class='ocrx_word' id='word_1_362' title='bbox 506 2499 729 2546; x_wconf 76' lang='lat' dir='ltr'>Lucretius,</span> <span class='ocrx_word' id='word_1_363' title='bbox 759 2503 799 2539; x_wconf 90' lang='lat' dir='ltr'>et</span> <span class='ocrx_word' id='word_1_364' title='bbox 826 2502 927 2540; x_wconf 86' lang='lat' dir='ltr'>ferre</span> <span class='ocrx_word' id='word_1_365' title='bbox 956 2503 996 2539; x_wconf 89' lang='lat' dir='ltr'>et</span> <span class='ocrx_word' id='word_1_366' title='bbox 1022 2501 1175 2550; x_wconf 86' lang='lat' dir='ltr'>perpeti</span> <span class='ocrx_word' id='word_1_367' title='bbox 1207 2500 1357 2545; x_wconf 79' lang='lat' dir='ltr'>Cicero,</span> <span class='ocrx_word' id='word_1_368' title='bbox 1385 2501 1581 2550; x_wconf 87' lang='lat' dir='ltr'>patientia</span> <span class='ocrx_word' id='word_1_369' title='bbox 1609 2502 1649 2538; x_wconf 90' lang='lat' dir='ltr'>et</span> <span class='ocrx_word' id='word_1_370' title='bbox 1678 2501 1877 2549; x_wconf 87' lang='lat' dir='ltr'>perpessio</span> 
     </span>
     <span class='ocr_line' id='line_1_39' title="bbox 314 2557 1879 2607; baseline -0.001 -9"><span class='ocrx_word' id='word_1_371' title='bbox 314 2559 458 2598; x_wconf 83' lang='lat' dir='ltr'>Seneca</span> <span class='ocrx_word' id='word_1_372' title='bbox 483 2561 587 2607; x_wconf 87' lang='lat' dir='ltr'>epist.</span> <span class='ocrx_word' id='word_1_373' title='bbox 611 2557 759 2606; x_wconf 89' lang='lat'>67,10.</span> <span class='ocrx_word' id='word_1_374' title='bbox 786 2560 883 2598; x_wconf 86' lang='lat' dir='ltr'>Rem</span> <span class='ocrx_word' id='word_1_375' title='bbox 903 2563 937 2599; x_wconf 88' lang='lat' dir='ltr'>et</span> <span class='ocrx_word' id='word_1_376' title='bbox 960 2562 1185 2599; x_wconf 76' lang='lat' dir='ltr'>sententiam</span> <span class='ocrx_word' id='word_1_377' title='bbox 1204 2560 1403 2598; x_wconf 80' lang='lat' dir='ltr'>declarant</span> <span class='ocrx_word' id='word_1_378' title='bbox 1427 2562 1496 2597; x_wconf 79' lang='lat' dir='ltr'>aut</span> <span class='ocrx_word' id='word_1_379' title='bbox 1514 2560 1560 2597; x_wconf 80' lang='lat' dir='ltr'>cle</span> <span class='ocrx_word' id='word_1_380' title='bbox 1578 2559 1761 2597; x_wconf 78' lang='lat' dir='ltr'>Phaedra</span> <span class='ocrx_word' id='word_1_381' title='bbox 1780 2570 1879 2606; x_wconf 80' lang='lat' dir='ltr'>quae</span> 
     </span>
     <span class='ocr_line' id='line_1_40' title="bbox 316 2613 1876 2692; baseline -0.001 -35"><span class='ocrx_word' id='word_1_382' title='bbox 316 2619 525 2657; x_wconf 66' lang='lat' dir='ltr'>dicuntur</span> <span class='ocrx_word' id='word_1_383' title='bbox 510 2631 554 2657; x_wconf 76' lang='lat' dir='ltr'>‘tn</span> <span class='ocrx_word' id='word_1_384' title='bbox 565 2618 724 2666; x_wconf 85' lang='lat' dir='ltr'>Hippol.</span> <span class='ocrx_word' id='word_1_385' title='bbox 734 2629 747 2654; x_wconf 97' lang='lat'>1</span> <span class='ocrx_word' id='word_1_386' title='bbox 760 2616 811 2665; x_wconf 82' lang='grc'>83</span> <span class='ocrx_word' id='word_1_387' title='bbox 827 2619 922 2671; x_wconf 84' lang='grc' dir='ltr'><em>ταχὺ</em></span> <span class='ocrx_word' id='word_1_388' title='bbox 941 2618 1027 2692; x_wconf 62' lang='grc' dir='ltr'>γὰρο</span> <span class='ocrx_word' id='word_1_389' title='bbox 1031 2618 1191 2670; x_wconf 79' lang='grc' dir='ltr'><em>σφάλλει</em></span> <span class='ocrx_word' id='word_1_390' title='bbox 1209 2617 1369 2658; x_wconf 81' lang='grc' dir='ltr'><em>κούδενὶ</em></span> <span class='ocrx_word' id='word_1_391' title='bbox 1387 2617 1545 2670; x_wconf 81' lang='grc' dir='ltr'><em>χαίρεις,</em></span> <span class='ocrx_word' id='word_1_392' title='bbox 1559 2615 1653 2656; x_wconf 78' lang='grc' dir='ltr'><em>οὐδέ</em></span> <span class='ocrx_word' id='word_1_393' title='bbox 1672 2613 1708 2655; x_wconf 89' lang='grc' dir='ltr'>σ’</span> <span class='ocrx_word' id='word_1_394' title='bbox 1725 2615 1876 2670; x_wconf 82' lang='grc' dir='ltr'><em>ἀρέσκει</em></span> 
     </span>
     <span class='ocr_line' id='line_1_41' title="bbox 315 2673 1876 2731; baseline -0.001 -15"><span class='ocrx_word' id='word_1_395' title='bbox 315 2676 357 2716; x_wconf 89' lang='grc' dir='ltr'>τὸ</span> <span class='ocrx_word' id='word_1_396' title='bbox 382 2676 524 2730; x_wconf 85' lang='grc' dir='ltr'><em>παρόν,</em></span> <span class='ocrx_word' id='word_1_397' title='bbox 542 2676 585 2716; x_wconf 84' lang='grc' dir='ltr'>τὸ</span> <span class='ocrx_word' id='word_1_398' title='bbox 611 2673 648 2716; x_wconf 79' lang='grc' dir='ltr'>δ’</span> <span class='ocrx_word' id='word_1_399' title='bbox 671 2675 774 2716; x_wconf 84' lang='grc' dir='ltr'><em>ἀπὸν</em></span> <span class='ocrx_word' id='word_1_400' title='bbox 799 2678 980 2731; x_wconf 77' lang='grc' dir='ltr'><em>φίλτερον</em></span> <span class='ocrx_word' id='word_1_401' title='bbox 1004 2675 1116 2730; x_wconf 78' lang='grc' dir='ltr'><em>ἡγεῖ,·</em></span> <span class='ocrx_word' id='word_1_402' title='bbox 1144 2681 1214 2717; x_wconf 78' lang='lat' dir='ltr'>ant</span> <span class='ocrx_word' id='word_1_403' title='bbox 1233 2689 1333 2726; x_wconf 79' lang='lat' dir='ltr'>quae</span> <span class='ocrx_word' id='word_1_404' title='bbox 1354 2677 1503 2716; x_wconf 77' lang='lat' dir='ltr'>Orestes</span> <span class='ocrx_word' id='word_1_405' title='bbox 1520 2679 1565 2715; x_wconf 87' lang='lat' dir='ltr'>in</span> <span class='ocrx_word' id='word_1_406' title='bbox 1583 2678 1797 2725; x_wconf 74' lang='lat' dir='ltr'>coynomini</span> <span class='ocrx_word' id='word_1_407' title='bbox 1814 2677 1876 2723; x_wconf 79' lang='lat' dir='ltr'>fa-</span> 
     </span>
     <span class='ocr_line' id='line_1_42' title="bbox 316 2730 1877 2803; baseline -0.001 -29"><span class='ocrx_word' id='word_1_408' title='bbox 316 2737 408 2774; x_wconf 81' lang='lat' dir='ltr'>bula</span> <span class='ocrx_word' id='word_1_409' title='bbox 431 2745 507 2784; x_wconf 87' lang='lat'>231</span> <span class='ocrx_word' id='word_1_410' title='bbox 533 2730 654 2784; x_wconf 75' lang='grc' dir='ltr'><em>αὗθίς</em></span> <span class='ocrx_word' id='word_1_411' title='bbox 679 2731 720 2788; x_wconf 81' lang='grc' dir='ltr'>μ’</span> <span class='ocrx_word' id='word_1_412' title='bbox 742 2735 782 2783; x_wconf 82' lang='grc' dir='ltr'>ἒς</span> <span class='ocrx_word' id='word_1_413' title='bbox 808 2734 934 2789; x_wconf 80' lang='grc' dir='ltr'><em>ὀρθὸν</em></span> <span class='ocrx_word' id='word_1_414' title='bbox 960 2743 1117 2789; x_wconf 82' lang='grc' dir='ltr'><em>στῆσον,</em></span> <span class='ocrx_word' id='word_1_415' title='bbox 1144 2737 1390 2803; x_wconf 83' lang='grc' dir='ltr'><em>δυσάρεστον</em></span> <span class='ocrx_word' id='word_1_416' title='bbox 1412 2736 1454 2775; x_wconf 84' lang='grc' dir='ltr'><em>οἷ</em></span> <span class='ocrx_word' id='word_1_417' title='bbox 1474 2740 1685 2782; x_wconf 82' lang='grc' dir='ltr'><em>νοσοῦντες</em></span> <span class='ocrx_word' id='word_1_418' title='bbox 1709 2733 1877 2787; x_wconf 83' lang='grc' dir='ltr'><em>ἀπορίας</em></span> 
     </span>
     <span class='ocr_line' id='line_1_43' title="bbox 315 2794 1875 2846; baseline -0.001 -13"><span class='ocrx_word' id='word_1_419' title='bbox 315 2795 415 2842; x_wconf 59' lang='lat' dir='ltr'>fluxo,-</span> <span class='ocrx_word' id='word_1_420' title='bbox 440 2797 602 2843; x_wconf 76' lang='lat' dir='ltr'>demque</span> <span class='ocrx_word' id='word_1_421' title='bbox 619 2795 763 2834; x_wconf 82' lang='lat' dir='ltr'>Seneca</span> <span class='ocrx_word' id='word_1_422' title='bbox 782 2797 828 2834; x_wconf 85' lang='lat' dir='ltr'>de</span> <span class='ocrx_word' id='word_1_423' title='bbox 847 2799 970 2844; x_wconf 81' lang='lat' dir='ltr'>tranq.</span> <span class='ocrx_word' id='word_1_424' title='bbox 992 2798 1109 2835; x_wconf 85' lang='lat' dir='ltr'>anim.</span> <span class='ocrx_word' id='word_1_425' title='bbox 1131 2806 1166 2846; x_wconf 88' lang='lat'>2,</span> <span class='ocrx_word' id='word_1_426' title='bbox 1188 2806 1201 2831; x_wconf 91' lang='lat'>1</span> <span class='ocrx_word' id='word_1_427' title='bbox 1215 2806 1235 2832; x_wconf 94' lang='lat'>2</span> <span class='ocrx_word' id='word_1_428' title='bbox 1258 2797 1462 2845; x_wconf 87' lang='lat' dir='ltr'>proprium</span> <span class='ocrx_word' id='word_1_429' title='bbox 1483 2796 1591 2845; x_wconf 85' lang='lat' dir='ltr'>aegri</span> <span class='ocrx_word' id='word_1_430' title='bbox 1610 2796 1669 2832; x_wconf 87' lang='lat' dir='ltr'>est</span> <span class='ocrx_word' id='word_1_431' title='bbox 1688 2795 1787 2831; x_wconf 83' lang='lat' dir='ltr'>nihil</span> <span class='ocrx_word' id='word_1_432' title='bbox 1807 2794 1875 2831; x_wconf 90' lang='lat' dir='ltr'>diu</span> 
     </span>
     <span class='ocr_line' id='line_1_44' title="bbox 315 2852 1876 2904; baseline -0.002 -11"><span class='ocrx_word' id='word_1_433' title='bbox 315 2856 400 2904; x_wconf 84' lang='lat' dir='ltr'>pati</span> <span class='ocrx_word' id='word_1_434' title='bbox 426 2858 466 2893; x_wconf 86' lang='lat' dir='ltr'>et</span> <span class='ocrx_word' id='word_1_435' title='bbox 490 2855 775 2893; x_wconf 88' lang='lat' dir='ltr'>mutationibus</span> <span class='ocrx_word' id='word_1_436' title='bbox 801 2857 846 2892; x_wconf 89' lang='lat' dir='ltr'>ut</span> <span class='ocrx_word' id='word_1_437' title='bbox 865 2856 1046 2894; x_wconf 88' lang='lat' dir='ltr'>remediis</span> <span class='ocrx_word' id='word_1_438' title='bbox 1066 2857 1138 2900; x_wconf 87' lang='lat' dir='ltr'>uti,</span> <span class='ocrx_word' id='word_1_439' title='bbox 1159 2858 1193 2893; x_wconf 88' lang='lat' dir='ltr'>et</span> <span class='ocrx_word' id='word_1_440' title='bbox 1216 2856 1270 2893; x_wconf 85' lang='lat' dir='ltr'>ibi</span> <span class='ocrx_word' id='word_1_441' title='bbox 1295 2855 1439 2893; x_wconf 82' lang='lat' dir='ltr'>allatas</span> <span class='ocrx_word' id='word_1_442' title='bbox 1458 2854 1689 2892; x_wconf 82' lang='lat' dir='ltr'>Homericus</span> <span class='ocrx_word' id='word_1_443' title='bbox 1707 2852 1876 2891; x_wconf 80' lang='lat' dir='ltr'>Achilles</span> 
     </span>
     <span class='ocr_line' id='line_1_45' title="bbox 316 2909 682 2968; baseline 0.005 -18"><span class='ocrx_word' id='word_1_444' title='bbox 316 2909 389 2967; x_wconf 85' lang='lat' dir='ltr'>(Il.</span> <span class='ocrx_word' id='word_1_445' title='bbox 404 2926 500 2953; x_wconf 87' lang='lat' dir='ltr'>xx1v</span> <span class='ocrx_word' id='word_1_446' title='bbox 521 2924 571 2950; x_wconf 86' lang='lat'>10</span> <span class='ocrx_word' id='word_1_447' title='bbox 584 2909 682 2968; x_wconf 78' lang='lat' dir='ltr'>sqq.)</span> 
     </span>
    </p>
   </div>
   <div class='ocr_carea' id='block_1_8' title="bbox 2036 2403 2054 2849">
    <p class='ocr_par' dir='ltr' id='par_1_11' title="bbox 2036 2403 2054 2849">
     <span class='ocr_line' id='line_1_46' title="bbox 2036 2403 2054 2849; textangle 90"><span class='ocrx_word' id='word_1_448' title='bbox 2036 2464 2054 2849; x_wconf 51' lang='lat' dir='ltr'>.....·.:,2.5.2&#39;¹:-‹*;.mfl==*a—-.cffi</span> <span class='ocrx_word' id='word_1_449' title='bbox 2051 2450 2054 2451; x_wconf 70' lang='grc'>,</span> <span class='ocrx_word' id='word_1_450' title='bbox 2050 2403 2054 2413; x_wconf 75' lang='grc'>.,</span> 
     </span>
    </p>
   </div>
  </div>
 </body>
</html>
