2054 3282
718 181 977 229 ANNALIUM
1002 181 1087 216 LIB.
1108 180 1160 215 IV
1657 179 1713 221 29

909 300 943 334 II

158 363 238 405 161
272 361 457 404 Romani
489 361 633 404 scalis:
664 376 830 404 summa
860 361 1058 403 nituntur
1089 375 1218 415 opum
1250 360 1304 402 vi.

911 490 963 524 [H

157 558 241 600 162
812 557 1045 600 Vulsculus
1076 557 1268 612 perdidit
1295 556 1455 600 Anxur.
1718 571 2003 592 X.u.c.cocx1,vm

910 686 962 721 IV

157 747 239 789 163
389 748 516 790 nonis
545 746 664 789 Iunis
697 747 778 789 soli
809 747 911 789 luna
943 747 1112 789 obstitit
1144 750 1186 789 et
1216 762 1302 789 nox
1762 761 1955 781 &naccon

153 893 269 927 genus
294 882 382 928 iuge
406 881 518 927 longe
537 882 695 917 mittere.
722 882 904 917 Pacuvius
924 881 1090 927 Antiopa
1110 883 1168 927 (20
1188 882 1245 926 R.)
1267 882 1440 924 «salvete,
1464 881 1614 927 gemini,
1634 890 1719 915 mea

152 945 337 981 propages
358 934 583 980 sanguinis».
606 935 746 970 Ennius
767 936 894 971 «novis
911 935 1011 970 unde
1030 936 1159 979 florent
1178 934 1351 981 (forent
1369 934 1496 980 Wolf.)
1517 934 1541 969 f.
1556 935 1718 979 vitaeque

149 989 440 1035 propayinem».'
526 988 630 1023 Idem
654 1001 689 1034 p.
712 992 790 1031 221,
806 992 827 1022 8
857 989 1054 1034 ‘propago‚
1081 999 1266 1034 propages
1291 990 1334 1023 ut
1359 998 1471 1033 saepe
1496 987 1642 1033 generis
1663 988 1719 1022 est

153 1041 334 1076 feminini.
374 1041 555 1076 Pacuvius
587 1042 752 1087 Antiopa
781 1042 954 1084 «salvete,
985 1042 1135 1087 gemini,
1165 1053 1249 1077 mea
1276 1052 1461 1087 propages
1491 1041 1717 1086 sanguinis».

154 1095 276 1130 neutri
296 1094 437 1129 Ennius
457 1096 584 1131 «bonis
602 1096 701 1130 unde
722 1095 841 1141 (boni
862 1096 1058 1130 secunde
1077 1095 1178 1130 Harl.
1199 1108 1246 1130 m.
1267 1107 1321 1140 pr.
1343 1095 1444 1130 Leid.
1466 1095 1590 1129 Escur.
1612 1094 1718 1128 boni

155 1148 343 1183 secundi
368 1148 462 1183 Flor.
484 1161 530 1183 m.
551 1150 620 1194 pr.)
646 1149 768 1192 forent
794 1148 818 1183 f.
845 1153 997 1193 utaeque
1026 1150 1187 1194 (aeque
1212 1148 1307 1183 Flor.
1328 1161 1374 1183 m.
1399 1151 1468 1194 pr.)
1493 1159 1719 1194 propaymen

155 1202 471 1248 (propagimen
491 1202 592 1237 Harl.
608 1202 710 1237 Leid.
725 1214 771 1236 m.
787 1214 840 1247 pr.
856 1202 1048 1248 Escu1·.)».'

272 1255 306 1289 Π
331 1257 426 1301 (161)
464 1255 674 1290 Macrobius
702 1255 776 1290 Sat.
797 1269 833 1290 VI
855 1259 885 1298 1,
903 1259 945 1289 17
975 1256 1139 1290 ‘summa
1164 1256 1334 1290 nituntur
1354 1267 1466 1301 opum
1486 1255 1522 1289 vi
1542 1255 1644 1301 (Aen.
1666 1268 1718 1289 X11

156 1310 247 1354 552).
280 1309 422 1343 Ennius
442 1309 481 1343 in
506 1311 638 1353 quarto
666 1309 847 1345 «Romani
869 1309 1058 1354 (Ennius
1084 1309 1129 1343 in
1150 1309 1411 1356 [interstitium
1436 1308 1549 1342 trium
1574 1308 1718 1342 littera-

154 1363 251 1409 rum]
278 1362 490 1397 Romanis
516 1362 598 1397 Par.
618 1363 831 1397 Romanis
858 1363 972 1397 etiam
996 1363 1129 1408 Neap.)
1156 1362 1266 1397 scalis
1292 1374 1318 1397 s.
1340 1375 1373 1396 n.
1396 1373 1508 1407 opum
1535 1361 1593 1397 vi»
1617 1363 1655 1396 et
1679 1361 1718 1396 in

155 1428 216 1450 xv1
230 1416 330 1462 [111].'
413 1415 559 1450 Servius
578 1416 618 1450 in
632 1415 721 1450 Aen.
734 1429 786 1450 X11
801 1419 868 1450 552
885 1417 896 1433 ‘
907 1427 1050 1450 summa
1063 1416 1234 1450 nituntur
1247 1427 1360 1461 opum
1374 1415 1425 1450 vi:
1440 1414 1718 1449 hemistichium

156 1468 393 1503 Ennianum.’

274 1521 324 1555 n]
344 1523 439 1567 (162)
477 1522 614 1557 Paulus
628 1522 730 1557 Festi
748 1535 783 1567 p.
802 1526 855 1565 16,
872 1526 915 1557 36
930 1522 995 1556 Th.
1014 1522 1161 1557 ‘Anxur
1180 1522 1382 1557 vocabatur
1402 1533 1498 1567 quae
1518 1533 1615 1556 nunc
1629 1521 1718 1556 Tar-

156 1575 284 1610 racina
303 1575 440 1610 dicitur
453 1575 612 1611 Vulscae
632 1576 765 1621 gentis,
787 1576 883 1610 sicut
903 1576 957 1610 ait
970 1576 1110 1610 Ennius
1125 1576 1346 1612 «Vulsculus
1360 1575 1527 1621 perdidit
1540 1575 1715 1611 Anxur».’

273 1628 324 1663 IV
343 1630 438 1674 (163)
477 1629 602 1664 Cicero
623 1630 669 1663 de
688 1640 728 1664 re
746 1642 781 1674 p.
803 1643 815 1663 1
837 1633 890 1672 16,
907 1633 951 1664 25
973 1629 1032 1664 ‘id
1047 1631 1172 1664 autem
1184 1631 1316 1674 postea
1328 1640 1374 1664 ne
1388 1630 1554 1664 nostrum
1568 1628 1719 1672 quidem

156 1699 317 1734 Ennium
336 1699 444 1745 fugit,
466 1700 530 1745 qui
549 1701 591 1734 ut
610 1700 749 1743 scribit,
771 1711 868 1735 anno
888 1683 1294 1746 quinquagesin‘igofere
1312 1702 1399 1746 post
1416 1701 1574 1735 Romam
1593 1700 1719 1734 condi-

155 1754 235 1788 tam
254 1764 347 1789 «non
364 1753 465 1787 Iunis
488 1782 493 1787 .
511 1782 516 1787 .
535 1782 540 1787 .
562 1764 674 1798 n0X»3
695 1754 817 1799 adque
832 1754 904 1788 hac
922 1754 962 1788 in
981 1765 1020 1789 re
1039 1755 1147 1789 tanta
1166 1754 1264 1789 inest
1282 1754 1378 1789 ratio
1400 1754 1522 1798 adque
1542 1753 1718 1795 sollertia,

156 1808 199 1841 ut
224 1818 268 1842 ex
292 1807 362 1841 hoc
388 1806 449 1842 die
475 1818 584 1852 quem
610 1809 702 1852 aput
727 1807 888 1842 Ennium
914 1809 952 1843 et
976 1807 1016 1842 in
1040 1808 1212 1843 maximis
1238 1807 1435 1842 annalibus
1459 1807 1720 1852 consignatum

157 1860 333 1902 videmus,
361 1860 567 1905 superiores
593 1861 680 1895 solis
707 1860 933 1896 defectiones
958 1863 1154 1906 reputatae
1180 1861 1255 1896 sint
1279 1871 1396 1905 usque
1423 1861 1470 1895 ad
1493 1860 1598 1895 illam
1623 1870 1720 1905 quae

158 1914 264 1948 nonis
285 1913 534 1956 Quinctilibus
553 1913 627 1949 fuit
644 1915 826 1960 regnante
844 1915 1028 1950 Romulo.’

159 2099 238 2125 6336
260 2086 482 2125 Cincinnati
507 2086 556 2124 ab
582 2087 688 2134 ayris
714 2087 766 2124 ad
790 2087 1024 2125 dictaturam
1048 2088 1171 2124 vocati
1191 2098 1226 2124 a.
1246 2099 1284 2124 u.
1303 2097 1463 2130 ccxcvl,
1484 2086 1546 2123 cui
1570 2085 1718 2134 Diony-

159 2148 241 2184 sius
271 2147 364 2183 haec
395 2146 529 2183 tribuit
559 2139 611 2197 (X
639 2154 692 2191 24
712 2158 754 2193 p.
778 2153 845 2194 37,
862 2144 914 2181 26
934 2140 1006 2199 K.)
1038 2143 1236 2184 ἀπολεῖται
1265 2143 1342 2197 ἄρα
1372 2143 1437 2183 καὶ
1474 2143 1616 2183 τούτου
1647 2149 1717 2183 τοῦ

161 2203 344 2243 ἐνιαυτοῦ
373 2201 393 2242 ὅ
418 2202 567 2255 καρπὸς
593 2202 658 2241 διὰ
683 2202 751 2250 τὰς
776 2202 870 2254 ἐμὰς
897 2202 1076 2255 ἀσχολίας
1101 2203 1167 2243 καὶ
1192 2203 1428 2255 πεινήσομεν
1454 2203 1625 2250 ἅπαντες
1648 2218 1717 2242 κα-

158 2269 249 2313 κῶς,
268 2264 439 2311 probare
463 2264 595 2301 studui
612 2274 780 2311 prooem.
809 2259 987 2311 1892l93
1009 2276 1051 2311 p.
1076 2271 1096 2311 7
1224 2265 1303 2303 161
1332 2263 1568 2311 Intelliyitur
1592 2264 1717 2311 temp-

158 2325 249 2361 tant
286 2323 493 2361 ascendere
523 2335 656 2360 muros
690 2322 736 2359 R.
769 2323 904 2361 scalis:
937 2335 1090 2361 summa
1120 2336 1157 2360 n.
1184 2335 1217 2361 0.
1243 2324 1309 2369 vi;
1338 2323 1490 2360 videtur
1521 2323 1622 2360 enim
1651 2323 1720 2359 hoc

158 2383 436 2421 hemistichium
462 2385 496 2420 ct
517 2382 586 2420 hoc
611 2383 688 2420 loco
712 2384 757 2420 ut
780 2383 898 2420 altero
916 2393 992 2430 per
1015 2384 1239 2430 sepositum
1260 2394 1347 2420 esse.
1371 2381 1430 2429 Cf.
1451 2380 1549 2419 Aen.
1570 2394 1611 2418 1X
1634 2390 1716 2428 505

162 2443 357 2491 quaerunt
380 2454 472 2491 pars
499 2441 651 2479 aditum
677 2442 716 2479 et
741 2441 856 2479 scalis
883 2441 1089 2480 ascendere
1114 2453 1246 2480 muros
1255 2455 1270 2488 ,·
1294 2442 1436 2479 Livius
1455 2453 1581 2479 XXXVI
1604 2450 1670 2489 24,
1692 2450 1717 2487 4

158 2502 306 2550 partim
326 2501 441 2540 scalis
462 2513 644 2539 ascensus
665 2502 863 2550 temptant
873 2515 887 2547 ,·
913 2513 1054 2539 XXXVII
1076 2510 1181 2550 32,4
1202 2501 1272 2538 alii
1297 2501 1414 2539 scalis
1440 2501 1560 2538 etiam
1586 2512 1718 2538 ascen-

161 2573 247 2598 sum
275 2562 317 2597 in
350 2573 481 2599 muros
515 2561 767 2610 temptarent.
802 2560 1045 2608 Quamquam
1076 2562 1190 2599 ctiam
1219 2562 1263 2598 in
1289 2572 1412 2598 unum
1441 2561 1540 2598 coire
1566 2561 1720 2607 poterat

161 2619 368 2658 ascendere
393 2632 525 2658 muros
545 2620 590 2658 R.
611 2620 726 2658 scalis
751 2620 944 2668 nituntur,
968 2620 1070 2657 velut
1093 2619 1235 2658 Livius
1261 2631 1356 2657 XLIV
1388 2629 1402 2654 1
1417 2629 1450 2668 1⁷
1471 2616 1495 2654 8
1522 2619 1582 2656 his
1608 2620 1718 2655 tuen-

160 2679 266 2717 tibus
290 2691 423 2717 muros
449 2692 537 2717 cum
562 2679 692 2717 subire
717 2678 886 2716 Romani
911 2691 1064 2716 summa
1088 2680 1129 2717 vi
1152 2680 1383 2727 niterentur,
1415 2679 1481 2716 sed
1509 2678 1609 2715 illud
1627 2688 1719 2724 pro-

162 2738 328 2776 babilius
462 2740 544 2777 162
572 2738 803 2776 Vulsculus:
829 2738 876 2784 cf.
898 2737 1092 2786 Bcrykius
1116 2750 1201 2786 opp.
1222 2751 1237 2775 1
1255 2751 1298 2786 p.
1322 2746 1428 2784 215;
1452 2736 1719 2773 Mommsenus

163 2798 209 2835 dc
227 2798 320 2835 dial.
340 2798 437 2835 Ital.
457 2798 529 2844 inf.
543 2810 585 2845 p.
610 2807 662 2844 24
668 2806 703 2844 5.
721 2795 800 2832 262
951 2798 1034 2834 163
1060 2799 1174 2836 nonis
1201 2798 1283 2835 cdd.
1310 2796 1435 2841 Quom
1461 2796 1573 2832 nonis
1597 2794 1719 2842 Bery-

162 2856 250 2894 kius
332 2857 462 2894 Iunis:
482 2857 528 2904 cf.
550 2856 830 2894 Lachmannus
850 2856 902 2893 ad
920 2855 1039 2894 Lucr.
1060 2869 1085 2895 v
1108 2854 1160 2903 85
1177 2871 1191 2903 ,·
1209 2856 1371 2894 Iunonis
1392 2855 1654 2892 Hullemasnus
1673 2854 1720 2890 dc

164 2916 297 2953 ammal.
316 2928 418 2954 max.
433 2928 475 2963 p.
493 2924 544 2963 73
567 2916 646 2953 coll.
667 2915 863 2953 Macrobii
886 2914 966 2952 Sat.
987 2928 1001 2952 1
1027 2926 1040 2951 1
1053 2925 1089 2965 2,
1112 2925 1166 2961 30
