2054 3282
301 794 524 838 VERSUS
550 792 714 835 FALSI
739 791 817 833 EX
842 789 1017 833 PAULI
1043 789 1328 833 MERULAE
1356 788 1643 833 FONTIBUS
1675 788 1852 832 DUCTI

1069 895 1085 929 I

416 958 599 1001 Horrida
629 958 883 999 Romuleum
917 956 1149 999 certamina
1178 970 1320 1012 pango
1347 956 1546 998 duellum.

1059 1050 1093 1084 Π

1361 1126 1487 1152 armis

417 1183 621 1225 Conditur
651 1181 763 1224 Alba
794 1185 946 1236 potens

1052 1274 1102 1309 HI

414 1336 597 1378 Nascere
629 1351 735 1391 quae
766 1337 950 1391 populos
982 1339 1178 1391 terraque
1210 1336 1400 1390 marique
1432 1337 1612 1378 lacesses

414 1407 524 1448 Belli
556 1407 724 1449 turbine
756 1422 1053 1462 praepropero,
1086 1421 1291 1449 concussa
1320 1408 1566 1449 tremiscent

417 1477 579 1520 Cuncta
611 1493 726 1520 acres
758 1494 783 1520 a
814 1481 855 1520 te
887 1479 997 1519 vires

1005 1609 1049 1650 in
1080 1608 1218 1650 Roma
1249 1608 1377 1650 Troia
1407 1609 1560 1650 revixti

1051 1701 1102 1736 IV

415 1761 701 1817 Nequiquam.
733 1763 920 1816 reliquae
953 1763 1067 1804 carni
1099 1763 1208 1804 nihil
1239 1766 1304 1804 est
1335 1763 1492 1804 animai

1060 1854 1094 1888 V

415 1915 559 1957 Dii-ius
592 1916 849 1970 supplicium
883 1916 1053 1958 sceleris
1086 1916 1290 1957 violentia
1321 1916 1471 1970 poscit.

415 2054 718 2091 FRAGMENTA
742 2055 976 2091 MERULAE
1025 2056 1042 2091 I
1079 2055 1245 2091 Merulae
1272 2067 1401 2091 comm.
1422 2068 1457 2101 p.
1479 2059 1523 2090 41
1547 2055 1707 2091 ‘citatur
1733 2056 1859 2090 autem

299 2120 320 2143 a
340 2109 377 2143 L.
394 2108 594 2154 Calpurnio
614 2109 748 2144 Pisone
768 2109 832 2144 lib.
848 2123 861 2143 1
881 2110 927 2144 de
947 2109 1180 2144 continentia
1198 2110 1363 2144 veterum
1383 2110 1597 2154 poetarum3
1620 2120 1693 2154 quo
1712 2108 1794 2143 loco
1815 2108 1862 2143 de

299 2162 509 2197 artificiosis
535 2162 686 2197 illorum
713 2163 875 2198 exordiis
897 2191 903 2197 .
921 2191 927 2197 .
945 2191 974 2197 ..
995 2163 1185 2208 promittit
1209 2163 1335 2197 omnia
1360 2163 1408 2197 ad
1434 2174 1539 2197 suam
1564 2173 1680 2207 usque
1701 2163 1863 2197 aetatem

298 2215 446 2250 heroice
464 2215 606 2250 Ennius
626 2216 802 2252 «horrida
820 2216 992 2251 Romulei
1013 2215 1297 2262 (Romuleum
1317 2215 1474 2261 Merula)
1497 2244 1503 2249 .
1520 2245 1526 2250 .
1549 2215 1765 2250 duellum».’

415 2268 449 2303 Π
485 2268 578 2303 Ibid.
598 2281 634 2313 p.
653 2273 718 2303 165
735 2269 794 2303 ‘in
814 2269 948 2304 Latino
963 2271 1025 2316 (sc.
1041 2269 1223 2315 glossario
1244 2269 1428 2314 Fornerii)
1443 2269 1496 2303 sic
1517 2270 1612 2304 erat:
1634 2268 1862 2313 armipotens

299 2321 548 2367 ὁπλοκράτωρ.
570 2322 711 2356 Ennius
732 2323 867 2358 «armis
885 2351 891 2357 .
908 2351 914 2357 .
930 2323 1113 2368 potens»)

415 2374 466 2409 ΙΠ
495 2374 588 2409 Ibid.
603 2387 639 2420 p.
657 2378 723 2409 199
739 2375 862 2420 ‘apud
882 2375 1124 2421 Calpurnium
1143 2375 1240 2410 libro
1255 2388 1267 2410 1
1288 2375 1334 2410 de
1355 2375 1585 2410 continentia
1598 2376 1763 2410 veterum
1775 2384 1863 2419 poe-

299 2429 437 2462 tarum:
459 2427 695 2473 apostrophe,
715 2428 850 2472 inquit,
870 2428 1018 2474 εὐκτικὴ
1039 2430 1095 2464 est
1114 2428 1286 2474 quotiens
1307 2439 1435 2463 aversa
1453 2428 1530 2463 iam
1549 2428 1598 2463 ad
1611 2427 1763 2473 quaevis
1782 2438 1864 2462 ora-

299 2481 400 2515 tione
419 2481 622 2516 miscentur
641 2482 727 2516 vota
746 2481 804 2516 vel
823 2481 923 2517 bona
941 2481 999 2516 vel
1016 2481 1125 2517 mala.
1141 2481 1283 2516 Ennius
1303 2481 1342 2516 in
1355 2482 1475 2527 primo
1489 2481 1619 2516 urbem
1632 2480 1863 2516 condendam

300 2534 510 2579 compellat,
522 2535 560 2569 et
570 2534 817 2579 compellatae
828 2535 965 2578 omnia,
977 2546 1073 2580 quae
1083 2534 1382 2580 magnitudinem
1395 2534 1474 2569 eius
1486 2535 1680 2576 testatura,
1691 2534 1865 2578 precatur

299 2587 357 2620 his
383 2587 503 2622 verbis
524 2598 698 2623 «nascere
720 2616 726 2621 .
744 2616 750 2622 .
768 2616 774 2622 .
795 2588 945 2623 turbine
969 2588 1121 2633 proprio
1142 2590 1473 2633 (praepropero
1500 2587 1658 2632 Merula)
1680 2615 1709 2621 ..
1731 2587 1865 2621 cuncta

300 2641 478 2675 acrissate
502 2640 600 2675 viros
621 2643 768 2686 (aeres
794 2652 817 2676 a
841 2642 885 2676 te
911 2641 1030 2676 vires
1056 2641 1215 2686 Merula)
1241 2642 1279 2675 et
1303 2652 1399 2685 quae
1424 2642 1556 2685 postea
1582 2639 1805 2675 concludens
1825 2639 1864 2673 in
1886 2644 1892 2647 ·

301 2695 480 2728 conventa
498 2693 639 2728 Romae
659 2694 848 2739 genetrice
868 2694 931 2730 «in
950 2694 1070 2729 Roma
1088 2694 1128 2728 T.
1149 2694 1278 2729 revisti
1298 2693 1486 2740 (revixti
1512 2693 1720 2738 Merula)>›.’

417 2746 467 2781 IV
491 2746 585 2781 Ibid.
596 2758 632 2792 p.
646 2749 714 2781 288
728 2746 965 2792 ‘Calpurnius
978 2747 1065 2782 Piso
1079 2747 1119 2782 in
1132 2747 1239 2782 libris
1254 2747 1300 2781 de
1314 2746 1546 2781 continentia
1558 2747 1723 2780 veterum
1736 2746 1864 2790 poeta-

302 2810 380 2833 rum
391 2828 398 2834 .
409 2828 414 2833 .
427 2828 432 2833 .
444 2800 572 2834 :morti
584 2800 806 2844 proximum,
815 2800 907 2844 quin
918 2802 1118 2843 mortuum,
1126 2801 1219 2835 vivis
1233 2799 1419 2835 coloribus
1433 2799 1607 2844 depingit
1613 2798 1754 2833 Ennius
1768 2797 1864 2832 libro

303 2852 462 2887 secundo
483 2853 686 2896 annalium,
706 2853 772 2887 ubi
792 2853 845 2887 sic
866 2853 997 2888 scribit
1010 2854 1134 2899 «[ann.
1150 2856 1230 2887 472.
1245 2854 1330 2899 473]
1350 2852 1577 2897 nequiquam
1596 2880 1602 2886 .
1620 2880 1626 2886 .
1643 2879 1650 2886 .
1672 2850 1863 2886 animai»)

420 2906 450 2940 V
469 2905 562 2940 Ibid.
578 2918 613 2951 p.
629 2909 698 2940 324
714 2906 724 2922 ‘
735 2905 882 2951 glossae
896 2906 1065 2941 Forneri:
1085 2908 1322 2951 παλαμναῖον
1336 2905 1469 2947 dirum,
1484 2904 1583 2949 quod
1598 2904 1749 2939 deorum
1770 2904 1864 2939 iram

302 2957 414 2993 habet
433 2959 679 2994 coniunctam.
701 2959 842 2994 Ennius
861 2958 901 2994 in
921 2960 1032 2994 tertio
1055 2959 1196 2995 <dirius
1212 2988 1218 2993 .
1236 2988 1242 2993 .
1260 2988 1266 2993 .
1282 2959 1402 3004 possit
1421 2958 1594 3004 (poscit
1613 2957 1821 3001 Merula)».'

2027 2497 2031 2499 ⁸
2031 2369 2051 2435 mur„
2045 2351 2049 2358 ,.
