2004 3278
806 193 1025 229 ISIDORUS
1533 195 1695 232 CXXVII

247 302 494 342 Priscianum
508 303 680 353 excipiat
696 303 965 344 Cassiodorius
980 301 1033 359 (a.
1044 302 1161 360 514),
1178 307 1288 347 cuius
1304 308 1405 347 liber
1424 308 1471 347 de
1490 310 1695 360 orthogra-

129 362 224 412 phia
238 376 277 412 p.
293 363 390 411 207,
410 364 433 400 2
448 362 549 400 Keil.
564 375 721 400 versum
734 364 855 402 Ennii
869 359 976 418 (ann.
994 361 1097 418 565)
1112 366 1242 416 habet,
1257 381 1378 406 unum
1392 368 1459 406 sed
1473 381 1562 406 eum
1576 369 1692 407 solus.

247 421 402 472 Agmen
416 421 566 460 claudit
579 422 817 471 scriptorum
830 423 1084 473 antiquitatis
1097 425 1270 464 Isidorus
1284 426 1529 476 Hispalensis
1545 422 1597 480 (a.
1609 428 1692 466 570

132 475 309 534 —636),
342 481 411 530 qui
441 481 484 518 in
515 481 714 532 originum
744 481 855 520 libris
887 484 1077 521 nonnulla
1110 484 1156 521 de
1182 485 1311 523 Ennio
1344 488 1414 524 aut
1444 487 1594 536 primus
1623 489 1694 524 aut

97 539 101 549 “
131 541 222 590 post
247 539 346 579 alios
365 541 578 578 memoriae
596 540 785 590 prodidit,
813 554 913 590 quae
934 554 1053 590 quam
1071 542 1300 582 brevissime
1319 547 1457 593 potero
1476 546 1691 584 recensebo,

128 599 187 637 Ac
211 600 385 649 primum
410 599 639 638 testimonia
665 600 858 648 quaedam
884 600 966 639 eius
987 601 1034 639 de
1053 601 1181 640 Ennio
1202 603 1399 641 afferenda
1418 606 1526 642 sunt:
1546 617 1561 641 1
1583 606 1649 653 21,
1667 607 1687 642 1

129 659 308 707 vulyares
332 661 445 697 notas
463 659 622 697 Ennius
634 660 792 707 primus
811 660 915 698 mille
934 663 968 698 et
986 663 1135 698 centum
1153 663 1308 700 invenit.
1335 662 1443 700 Haec
1466 665 1569 701 enim
1594 664 1692 701 mihi

131 717 258 756 adhuc
285 717 470 756 credibile
495 718 654 756 videtur
678 718 726 756 de
756 721 875 768 poeta
901 719 1029 758 Ennio
1062 719 1151 768 dici,
1184 733 1423 770 quamquam
1454 735 1532 760 non
1563 724 1692 761 nescio

130 789 213 815 esse
252 778 319 826 qui
352 778 656 828 grammaticum
687 778 861 816 Ennium
900 791 1015 827 quem
1048 778 1258 818 Suetonius
1290 780 1387 818 dicit
1426 775 1492 833 (de
1529 795 1691 831 gramm.

129 850 166 886 p.
190 837 273 875 100
288 830 355 889 R.)
380 837 555 887 intelligi
585 837 746 886 malint,
778 838 842 875 6111
873 838 993 876 etiam
1020 839 1100 876 alia
1127 839 1320 887 quaedam
1346 840 1451 889 apud
1475 840 1693 878 Varronem

130 896 170 933 et
197 894 419 934 Charisium
446 896 650 947 assignant
676 909 778 945 quae
802 899 943 947 poetae
969 909 1051 935 esse
1078 893 1170 951 (inc.
1192 899 1259 936 48.
1281 893 1355 951 49)
1382 900 1461 938 suis
1488 900 1583 938 locis
1603 912 1690 949 pro-

128 954 222 993 bare
253 955 398 993 studui.
433 953 589 1005 Itaque'
604 955 778 994 Isidorus
810 956 976 994 eundem
1008 956 1181 995 Ennium
1213 957 1340 996 dicere
1379 959 1536 996 videtur
1577 971 1692 1007 quem

130 1026 245 1064 saepe
272 1014 380 1063 alibi,
407 1015 474 1064 qui
501 1015 661 1064 quidem
687 1016 810 1053 alium
830 1016 1003 1053 Ennium
1029 1017 1189 1055 omnino
1208 1029 1403 1066 nusquam
1422 1018 1499 1056 nisi
1519 1018 1612 1066 quid
1631 1030 1692 1055 me

132 1074 238 1124 fugit
263 1076 398 1123 aperte
424 1074 674 1125 significavit.
706 1075 844 1124 Neque
872 1075 974 1113 illud
1003 1075 1263 1126 improbabile
1297 1077 1401 1125 quod
1424 1076 1692 1115 Reifferschei-

129 1133 218 1172 dius
250 1133 405 1183 statuit,
435 1133 531 1172 haec
563 1134 610 1172 de
635 1134 764 1172 Ennio
798 1148 842 1173 ex
870 1133 1057 1173 Suetonio
1090 1135 1209 1173 ducta
1234 1148 1328 1183 esse,
1362 1136 1412 1174 ad
1437 1137 1546 1174 cuius
1572 1136 1692 1174 libros

129 1192 176 1230 de
201 1192 298 1231 viris
324 1193 545 1232 illustribus
571 1194 612 1231 et
635 1193 732 1232 haec
758 1195 798 1232 et
824 1207 925 1243 quae
951 1194 1133 1245 deinceps
1152 1195 1327 1233 Isidorus
1353 1195 1400 1233 de
1426 1208 1561 1234 earum
1580 1197 1692 1233 nota-

128 1265 216 1289 rum
246 1265 321 1291 usu
351 1252 477 1290 tradit
510 1253 649 1290 referri
677 1254 803 1291 iussit.
837 1252 1022 1292 Ceterum
1046 1254 1107 1293 his
1133 1255 1259 1293 initiis
1286 1255 1605 1305 tachygraphicis
1631 1267 1692 1292 me

129 1311 329 1350 insinuare
355 1324 378 1349 a
403 1324 491 1350 mea
511 1324 630 1362 opera
651 1313 824 1350 alienum
847 1314 918 1361 est,
944 1313 991 1351 de
1018 1314 1159 1363 quibus
1186 1314 1480 1363 quaestionibus
1507 1327 1606 1363 quae
1632 1326 1692 1352 60-

129 1371 241 1420 gnita
266 1370 391 1409 habeo
416 1371 458 1409 in
484 1372 739 1410 adnotatione
764 1367 992 1426 indicavi.³‘)

246 1430 356 1468 Idem
382 1430 479 1481 orig.
498 1443 514 1468 1
537 1432 580 1468 in
606 1432 736 1481 capite
761 1432 808 1470 de
833 1433 969 1470 metris
998 1432 1050 1470 38
1077 1433 1174 1470 haec
1198 1432 1379 1482 perhibet
1407 1433 1429 1470 6
1456 1433 1692 1471 heoeametros

129 1489 296 1528 Latinos
314 1491 493 1538 primum
517 1492 652 1538 fecisse
676 1491 835 1529 Ennius
863 1492 1034 1530 traditur
1064 1503 1198 1540 eosque
1229 1493 1359 1541 Zonyos
1390 1495 1515 1542 vocat3
1550 1493 1590 1529 et
1619 1492 1692 1529 hoe

131 1548 290 1597 quidem
314 1548 453 1588 heroos
479 1562 615 1588 versus
642 1549 814 1588 Ennium
840 1551 971 1599 lonyos
997 1551 1217 1601 appellasse
1245 1550 1379 1590 Cicero
1405 1551 1451 1589 de
1484 1551 1636 1601 legibus
1663 1563 1692 1588 11

131 1609 198 1656 27,
220 1608 273 1646 68
302 1602 396 1661 (1110.
415 1603 488 1662 xx)
519 1610 691 1659 praeivit
721 1610 903 1659 idemque
936 1611 1058 1648 etiam
1090 1611 1160 1648 alii
1184 1612 1454 1649 memorarunt
1478 1611 1524 1648 de
1552 1610 1692 1659 quibus

129 1667 179 1706 ad
204 1667 228 1705 1.
256 1680 285 1705 6.
313 1668 511 1707 adnotavi.
538 1668 689 1707 Ibidem
712 1670 763 1707 15
791 1669 838 1707 de
865 1670 1037 1720 elegiaco
1063 1682 1178 1708 versu
1197 1671 1292 1708 haec
1311 1670 1433 1708 refert
1451 1671 1519 1708 hoc
1537 1671 1692 1708 omnino

127 1728 194 1765 vix
224 1730 371 1765 constat
400 1739 426 1765 a
456 1739 530 1776 quo
560 1730 612 1766 sit
639 1730 830 1773 inventus,
860 1730 940 1768 nisi
971 1731 1064 1777 quia
1095 1730 1203 1778 apud
1232 1741 1302 1768 nos
1328 1730 1487 1768 Ennius
1519 1741 1559 1767 eo
1578 1730 1693 1777 prior

127 1797 223 1824 usus
248 1788 321 1825 est:
348 1799 443 1825 nam
468 1788 576 1835 apud
603 1787 771 1827 Graecos
795 1790 851 1827 sic
876 1789 1003 1827 adhuc
1027 1789 1087 1827 lex
1111 1791 1455 1838 yrammaticorum
1479 1789 1622 1837 pendet
1651 1791 1695 1825 ut

128 1846 198 1883 sub
217 1846 344 1885 iudice
362 1858 423 1885 res
441 1847 610 1896 relegata
628 1849 689 1886 sit.
713 1848 816 1886 Haec
835 1849 1036 1898 postrema
1055 1848 1215 1887 Horatii
1233 1861 1381 1887 memor
1401 1842 1455 1901 (a.
1472 1862 1508 1898 p.
1527 1848 1578 1885 75
1589 1842 1691 1900 sqq.)

130 1905 294 1954 addidit,
332 1906 524 1957 elegiacos
557 1908 689 1945 autem
720 1919 857 1946 versus
898 1909 1160 1957 composuisse
1193 1908 1365 1945 Ennium
1397 1907 1521 1946 cuivis
1552 1907 1616 1946 vel
1647 1919 1692 1944 ex

131 1962 315 2003 Cicerone
340 1967 478 2003 notum
504 1978 587 2005 esse
611 1967 762 2016 potuit3
794 1968 834 2004 et
864 1967 938 2005 1106
969 1968 1127 2005 tantum
1158 1968 1295 2016 quaeri
1327 1967 1495 2016 oportet,
1527 1967 1572 2004 ut
1603 1978 1691 2003 cum

130 2022 266 2062 Servio
291 2024 444 2074 loquar,
475 2027 562 2074 quis
587 2028 675 2064 ante
699 2027 827 2064 hunc?
861 2026 920 2064 Ne
947 2026 1042 2075 quid
1067 2027 1250 2064 omittam
1277 2026 1380 2075 quod
1405 2025 1525 2063 Ennii
1550 2036 1691 2063 nomen

128 2083 258 2132 habet,
285 2097 331 2122 ex
357 2084 493 2123 eodem
518 2086 649 2134 capite
675 2085 818 2123 addam
841 2087 892 2123 17
920 2086 1080 2134 hymnos
1098 2087 1276 2133 primum
1302 2084 1436 2123 David
1460 2084 1691 2132 prophetam

127 2143 171 2180 in
196 2143 351 2181 laudem
376 2144 438 2182 dei
463 2145 718 2192 composuisse
749 2156 795 2182 ac
825 2145 1004 2182 cecinisse
1034 2146 1284 2192 manifestum
1315 2145 1387 2182 est:
1417 2143 1553 2181 deinde
1584 2142 1692 2191 apud

126 2202 285 2249 yentiles
303 2204 441 2250 prima
466 2203 657 2241 Memmia
681 2203 893 2241 Phemonoe
917 2204 1006 2251 fecit
1029 2204 1073 2241 in
1097 2202 1319 2251 Apollinem
1351 2205 1384 2241 et
1408 2203 1562 2246 Musas,
1594 2213 1691 2250 quae

127 2262 206 2308 fuit
235 2262 467 2309 temporibus
499 2262 650 2300 Ennii
681 2262 788 2310 lonqe
812 2265 903 2310 post
932 2262 1079 2300 David.
1115 2262 1222 2307 Quae
1254 2274 1331 2311 quo
1362 2261 1566 2299 referenda
1600 2261 1690 2308 sint,

129 2321 271 2368 nescio,
296 2320 374 2358 nisi
401 2320 505 2370 quod
523 2321 736 2359 Phemonoe
755 2333 779 2359 a
796 2321 1067 2371 Porphyrione
1091 2321 1140 2360 ad
1161 2321 1281 2359 Ennii
1300 2333 1455 2360 versum
1476 2314 1582 2373 (ann.
1606 2321 1687 2357 179

128 2391 166 2428 p.
188 2374 276 2433 33),
302 2381 341 2418 et
366 2379 415 2418 ab
442 2380 530 2419 aliis
557 2382 825 2431 grammaticis
852 2380 1087 2431 appellatur.

248 2437 368 2477 Ennii
394 2441 527 2478 autem
558 2452 693 2479 versus
722 2452 819 2489 quos
852 2440 965 2478 affert
995 2439 1170 2479 Isidorus
1200 2440 1378 2490 plerique
1410 2451 1544 2478 omnes
1574 2439 1690 2477 hexa-

130 2497 247 2536 metri
272 2500 376 2548 sunt,
401 2512 447 2537 ex
473 2499 680 2538 annalibus
706 2499 835 2550 petiti,
867 2499 935 2539 sed
963 2500 1079 2538 affert
1102 2500 1243 2549 poetae
1268 2501 1425 2538 tantum
1450 2499 1606 2537 nomine
1631 2498 1689 2535 in-

248 2635 280 2681 *)
307 2636 471 2671 Primum
490 2636 669 2672 Ludovioi
689 2636 842 2672 Traubii
863 2636 1053 2683 egregiam
1074 2636 1368 2683 disputationem
1387 2636 1528 2671 editam
1548 2646 1579 2670 a.
1597 2638 1685 2669 1901

132 2682 283 2725 (Archiv
308 2685 334 2727 f.
356 2684 628 2730 Stenoyraphic)
656 2696 690 2729 p.
714 2688 779 2719 191
790 2695 880 2728 sqq,
908 2695 982 2729 qua
1000 2685 1032 2719 is
1052 2695 1149 2729 quae
1168 2695 1264 2720 nexa
1283 2685 1369 2719 sunt
1388 2684 1488 2729 apud
1507 2682 1687 2717 Isidorum

132 2729 178 2764 de
202 2731 301 2766 notis
328 2730 498 2766 dissolvit
524 2733 561 2766 et
586 2744 651 2766 suo
678 2742 849 2776 quaeque
869 2732 1013 2766 auctori
1030 2732 1216 2776 retribuit,
1243 2732 1377 2767 deinde
1397 2731 1536 2775 scripta
1561 2730 1687 2763 aucto-

131 2788 211 2811 rum
237 2778 413 2813 comitate
439 2779 488 2813 ad
512 2790 571 2814 me
590 2779 703 2814 missa
723 2779 764 2814 O.
784 2779 1072 2824 Morgensternii
1091 2780 1130 2814 in
1152 2781 1333 2825 Maqazin
1350 2779 1415 2821 fur
1433 2777 1688 2829 Stenoyraphie

130 2823 248 2859 Berol.
265 2835 296 2859 a.
315 2829 405 2860 1885
424 2838 459 2871 p.
480 2830 522 2860 72
532 2838 610 2871 sqq.
632 2827 678 2861 de
691 2826 811 2861 Ennio
830 2827 991 2862 maxime
1011 2827 1158 2871 agentis
1178 2828 1216 2862 et
1236 2825 1410 2861 Guilelmi
1428 2823 1686 2877 Weinbergeri

131 2870 169 2905 in
189 2873 324 2908 Archiv
348 2873 375 2916 f.
396 2873 653 2920 Stenoyraphie
680 2885 710 2909 a.
734 2877 823 2908 1902
847 2886 882 2919 p.
899 2877 1054 2919 204sqq.
1080 2874 1180 2909 idem
1204 2873 1337 2908 Isidori
1362 2871 1615 2907 testimomum
1641 2869 1686 2904 de

130 2919 228 2953 notis
254 2919 508 2965 disceptantis.
