2004 3278
727 160 988 196 ANNALIUM
1013 160 1100 196 LIB.
1122 160 1155 195 V
1544 161 1722 197 CLXXIII

163 274 203 310 et
221 272 440 311 stabilitam
454 272 637 322 arbitror,
657 273 893 312 sententiam
914 275 1057 323 autem,
1078 273 1125 311 de
1147 285 1225 323 qua
1238 272 1400 312 mirifice
1415 273 1608 313 alucinati
1621 276 1724 323 sunt,

161 333 295 381 aperte
326 333 523 370 monstrat
554 333 776 383 exemplum
808 333 913 382 quod
945 345 1034 370 cum
1064 333 1133 371 1110
1161 332 1344 371 iunctum
1371 335 1430 371 est
1456 334 1562 383 apud
1588 333 1723 372 Chari-

164 391 266 429 sium
285 390 419 428 Plauti
445 403 545 430 euax
570 394 769 440 aspersisti
794 404 938 440 aquam
958 391 1036 439 (fili
1053 392 1225 440 nuatio)3
1252 393 1420 441 denique
1440 393 1599 432 Latinis
1620 393 1725 442 quod

160 450 258 488 dicit
289 450 471 501 intelligo
503 450 667 489 Latinos
698 451 867 501 populos
900 452 968 500 qui
999 452 1117 489 toties
1148 451 1384 489 rebellantes
1416 453 1534 490 toties
1569 452 1666 491 victi
1700 465 1724 491 a

160 509 348 548 Romanis
374 510 535 548 tandem
561 510 700 548 domiti
726 512 765 548 et
789 512 831 548 in
857 510 1096 547 deditionem
1122 511 1271 559 accepti
1299 512 1398 548 sunt.
1427 510 1601 555 Quorum
1619 512 1724 550 bella

160 569 273 607 annis
300 581 333 606 a.
360 582 395 606 u.
424 582 454 607 c.
482 570 578 606 414.
606 571 702 607 415.
731 570 814 606 416
849 570 962 619 gesta
992 568 1130 607 Livius
1162 569 1263 607 libro
1289 582 1363 608 vm
1393 573 1620 619 persecutus
1653 573 1721 609 est.

161 627 303 677 Itaque
330 628 384 666 sic
410 628 647 678 interpretor
671 641 828 667 versum
848 628 978 676 Ennii,
1004 627 1157 666 Latinis
1177 628 1218 665 in
1237 628 1298 667 his
1317 628 1432 666 bellis
1451 642 1596 680 magna
1615 631 1722 668 solli-

161 687 334 725 citudine
362 689 559 737 suspensis
584 687 714 726 nescio
741 701 859 736 quem
883 688 1068 724 nuntium
1091 688 1154 726 vel
1173 701 1256 724 rem
1275 700 1505 737 prosperam
1523 690 1722 738 inexspec-

158 747 244 785 tato
277 746 463 784 accidisse
490 760 569 795 qua
594 747 642 785 iis
670 747 784 795 quasi
809 759 915 796 aqua
941 748 1217 796 aspergeretur
1241 747 1276 783 h.
1305 760 1333 785 e.
1363 747 1516 786 animus
1545 749 1626 786 iam
1658 749 1721 786 de-

158 806 311 854 positus
337 805 575 843 redderetur.
602 806 692 844 Non
718 806 887 856 contigit
905 806 1034 854 ipsam
1055 806 1259 843 ostendere
1279 806 1628 856 opportunitatem,
1655 807 1722 846 sed

160 878 208 902 ne
228 877 290 902 me
311 865 472 903 credant
498 865 745 903 incredibilia
765 866 936 914 cantare,
963 865 1108 902 indicio
1129 865 1209 902 sint
1230 878 1329 914 quae
1350 862 1555 905 ‘Camillus
1581 866 1628 905 de
1648 866 1722 904 La-

157 923 253 961 tinis
284 925 441 973 populis
474 924 524 961 ad
555 926 736 962 senatum
767 920 920 962 retulit’
954 918 1110 976 (Livius
1130 937 1203 963 vm
1226 926 1291 973 13,
1315 926 1368 962 10
1381 920 1502 977 sqq.);
1535 939 1581 963 ex
1613 927 1721 964 cuius

159 984 336 1021 oratione
356 983 472 1021 nimis
493 984 646 1032 prolixa
665 984 762 1022 haec
781 984 877 1022 satis
893 983 944 1021 sit
959 983 1158 1021 attulisse:
1181 978 1275 1036 (15)
1289 985 1406 1022 vultis
1419 985 1623 1023 crudeliter
1636 997 1721 1024 con-

157 1043 282 1080 sulere
307 1044 349 1080 in
371 1043 517 1081 deditos
535 1044 753 1091 victosque?
773 1073 781 1080 .
803 1073 811 1081 .
832 1038 927 1096 (16)
947 1043 1064 1081 vultis
1084 1043 1250 1090 exemplo
1270 1045 1464 1081 maiorum
1483 1056 1623 1093 auyere
1641 1057 1722 1083 rem

157 1102 379 1140 Romanam
410 1103 526 1140 victos
557 1104 600 1140 in
631 1104 822 1141 civitatem
853 1102 1101 1149 accipiendo?
1123 1132 1130 1139 .
1152 1132 1160 1140 .
1188 1096 1282 1154 (17)
1314 1105 1508 1141 maturato
1541 1115 1637 1151 opas
1669 1107 1723 1142 est

158 1161 340 1209 quicquid
369 1164 535 1200 statuere
559 1162 707 1210 placet.-
737 1165 789 1199 tot
811 1162 979 1210 populos
1009 1163 1109 1199 inter
1138 1173 1244 1209 spem
1275 1165 1487 1210 metamque
1517 1174 1722 1211 suspensos

158 1222 282 1258 animi
306 1221 471 1259 habetis:
502 1223 536 1259 et
559 1224 726 1259 vestram
750 1223 878 1269 itaque
904 1221 950 1259 de
975 1222 1028 1259 eis
1057 1233 1192 1259 caram
1217 1233 1335 1269 qaam
1352 1223 1530 1269 primum
1562 1223 1720 1267 absolvi,

158 1282 192 1317 et
220 1280 378 1318 illorum
403 1281 565 1325 animos,
597 1281 690 1319 dum
713 1282 985 1328 exspectatione
1009 1283 1172 1328 stupent,
1197 1292 1265 1318 sea
1285 1291 1413 1328 poena
1442 1292 1510 1319 sea
1541 1281 1720 1328 beneficio

151 1341 435 1387 praeoccupari
454 1342 607 1387 oportet.
632 1339 773 1388 Itaque
793 1340 909 1377 huius
930 1339 1004 1376 fide
1024 1351 1158 1377 versus
1179 1339 1411 1388 obtinemus,
1438 1353 1554 1389 quem
1574 1340 1719 1378 librum

157 1410 218 1436 res
245 1397 481 1436 Samniticas
507 1400 678 1437 tractare
704 1398 886 1448 vidimus,
913 1399 995 1436 eius
1015 1398 1107 1436 libri
1125 1400 1280 1447 partem
1300 1399 1466 1437 alteram
1485 1399 1719 1438 Latinorum

156 1457 271 1495 bellis
297 1457 469 1495 dicatam
494 1458 625 1496 fuisse.
1292 1501 1299 1508 ¹

277 1517 456 1554 Tertium
487 1518 629 1555 incerti
660 1517 753 1554 libri
783 1517 1049 1567 fragmentum
1075 1512 1138 1570 (v)
1172 1530 1259 1557 cam
1288 1518 1388 1556 nihil
1412 1518 1611 1555 horridius
1636 1530 1720 1556 am-

157 1588 274 1623 quam
299 1577 359 1614 lex
376 1577 460 1613 alla
479 1577 624 1614 iuberet
644 1575 773 1615 Orosii
792 1576 923 1624 verba,
949 1576 1091 1625 quibus
1111 1577 1401 1626 superscriptus
1423 1578 1482 1614 est
1500 1577 1564 1614 hic
1583 1589 1719 1615 versus

157 1634 288 1683 Ennii,
315 1647 392 1684 quo
417 1636 557 1673 tendat
583 1637 777 1685 aperiunt.
804 1635 868 1673 Ita
894 1636 997 1673 enim
1018 1648 1164 1686 censeo,
1190 1637 1365 1686 potuisse
1385 1636 1544 1685 quidem
1563 1648 1719 1674 versum

157 1695 278 1732 etiam
311 1694 368 1732 ibi
404 1695 535 1732 locum
571 1695 714 1733 habere
753 1695 822 1732 ubi
851 1696 1081 1733 institutum
1114 1709 1138 1733 a
1168 1696 1300 1733 Numa
1332 1690 1415 1748 (vel
1447 1708 1470 1733 a
1502 1695 1718 1744 Tarquinio

155 1753 300 1803 Prisco,
333 1766 425 1791 nam
451 1754 506 1791 sic
532 1767 686 1803 quoque
712 1749 902 1806 traditur)
928 1755 1100 1792 immane
1125 1755 1346 1793 Vestalium
1372 1754 1609 1803 supplicium
1640 1754 1718 1804 pri-

158 1826 266 1850 mum
284 1813 540 1862 referebatur,
559 1813 669 1851 velut
688 1813 924 1851 Plutarchus
944 1814 1060 1851 Num.
1083 1826 1113 1851 0.
1132 1816 1196 1863 10,
1220 1815 1242 1852 6
1266 1827 1354 1852 cum
1374 1814 1424 1851 ad
1442 1815 1610 1852 mortem
1630 1814 1719 1852 duci

157 1884 243 1910 reas
270 1873 407 1910 narrat
432 1870 648 1919 ἐξίστανται
673 1870 714 1911 δὲ
743 1872 886 1920 πάντες
906 1873 963 1911 ait
983 1878 1110 1927 σιωπῇ
1130 1872 1194 1912 καὶ
1213 1871 1541 1925 παραπέμπουσιν
1559 1870 1718 1924 ἄφθογ-

156 1945 218 1982 γοι
238 1930 331 1982 μετά
350 1946 454 1978 τινος
475 1931 607 1982 δεινῆς
626 1931 854 1982 κατηφείας,
880 1927 979 1970 οὐδ’
1005 1930 1132 1971 ἐστὶν
1158 1930 1319 1984 ἕτερον
1345 1930 1502 1982 θέαμα
1521 1931 1717 1983 φρικτό-

155 2004 310 2041 τερον,
343 1991 382 2028 et
406 1990 543 2030 Livius
571 1986 604 2044 (1
625 1992 692 2040 28,
716 1986 788 2044 11)
821 1992 863 2028 111
895 1991 1088 2040 supplicio
1114 1992 1248 2029 Mettii
1278 1992 1426 2030 Fufetii
1457 2003 1535 2028 non
1567 1992 1718 2029 omittit

154 2049 273 2088 verbo
294 2063 452 2099 carpere
471 2050 677 2100 indignam
695 2063 845 2100 poenae
865 2050 1150 2099 crudelitatem,
1173 2050 1241 2088 sed
1266 2050 1508 2099 probabilius
1530 2062 1611 2088 esse
1630 2050 1718 2099 ipsa

155 2108 283 2147 forma
308 2110 499 2148 orationis
531 2110 721 2147 suadente
747 2109 1019 2147 Ekkehartum
1044 2110 1165 2146 Ennii
1195 2121 1352 2148 versum
1384 2108 1635 2158 adscripsisse
1667 2109 1718 2147 ad

157 2180 243 2205 eam
274 2180 356 2205 rem
387 2168 429 2205 in
451 2181 530 2217 qua
554 2168 660 2217 apud
685 2170 843 2218 poetam
869 2168 999 2217 ipsum
1024 2168 1238 2218 legebatur.
1275 2168 1389 2206 Hanc
1415 2170 1547 2206 autem
1572 2181 1716 2206 memo-

155 2227 256 2264 riam
281 2227 478 2265 Minuciae
505 2228 677 2265 Vestalis
703 2227 913 2264 damnatae
941 2226 1101 2265 Orosius
1129 2227 1178 2265 ad
1199 2240 1232 2265 a.
1252 2241 1288 2265 u.
1310 2240 1339 2265 c.
1362 2229 1459 2275 410,
1485 2227 1621 2265 Livius
1649 2228 1717 2276 qui

156 2286 319 2324 eandem
350 2299 433 2324 rem
465 2281 558 2339 (vm
580 2287 646 2334 15,
671 2281 712 2339 7)
746 2288 882 2324 narrat
913 2286 963 2323 ad
990 2299 1023 2323 a.
1052 2287 1134 2324 417
1170 2287 1345 2324 rettulit:
1385 2298 1501 2335 quem
1535 2286 1567 2324 si
1605 2287 1716 2335 sequi

155 2345 250 2383 licet
275 2348 442 2395 apparet
466 2346 567 2384 hanc
592 2359 676 2384 rem
700 2346 806 2384 bella
831 2345 1064 2384 Latinorum
1091 2358 1191 2394 quae
1224 2345 1392 2384 diximus
1425 2345 1563 2395 exiguo
1595 2346 1716 2383 inter-

155 2405 261 2442 vallo
289 2405 536 2443 subsecutam
563 2417 656 2454 esse,
683 2407 730 2443 ut
755 2404 928 2442 dubitari
954 2417 1030 2442 non
1057 2405 1183 2454 possit
1209 2405 1304 2454 quin
1329 2417 1464 2444 versus
1489 2406 1594 2443 recte
1625 2405 1717 2443 huic

154 2463 255 2501 libro
283 2464 501 2513 adscriptus
528 2465 589 2502 sit.
1682 2459 1684 2461 ¹

274 2522 381 2567 Quae
405 2525 557 2561 restant
582 2525 733 2562 incerta
759 2524 851 2561 sunt
876 2524 1020 2570 omnia,
1052 2523 1208 2561 etiamsi
1234 2536 1280 2561 ex
1310 2523 1383 2561 hoc
1415 2523 1516 2561 libro
1549 2523 1715 2560 afferan-

155 2583 232 2619 tur.
264 2582 367 2620 Nam
394 2583 686 2631 spondiazontis
713 2577 790 2635 (iv)
821 2582 930 2620 Cives
955 2582 1126 2621 Romam·
1156 2585 1246 2621 tunc
1275 2584 1370 2630 facti
1399 2585 1491 2621 sunt
1523 2582 1716 2629 Campam}

155 2653 203 2678 ne
229 2641 339 2691 origo
367 2641 524 2690 quidem
549 2642 732 2679 Enniana
757 2642 852 2679 satis
879 2643 986 2679 certa
1011 2643 1082 2689 est,
1107 2654 1350 2691 quamquam
1372 2655 1420 2679 ne
1439 2641 1552 2679 fictus
1572 2640 1714 2678 habea-

154 2701 220 2737 tur
247 2699 480 2739 Censorinus
507 2701 708 2739 dissuadet
739 2702 808 2750 qui
834 2695 981 2753 (priore
1013 2695 1118 2753 1000)
1144 2701 1373 2751 Vergiliano
1399 2700 1713 2747 Lucretianoque

155 2759 330 2797 versibus
361 2759 464 2798 hunc
494 2761 656 2798 tertium
683 2760 837 2808 adiecit,
869 2759 936 2797 sed
962 2761 996 2798 si
1028 2762 1088 2798 est
1113 2760 1330 2808 Ennianus,
1362 2759 1477 2796 facile
1509 2758 1640 2795 locum
1672 2757 1713 2794 in

156 2817 217 2855 his
248 2818 390 2856 finibus
416 2831 514 2867 quos
540 2819 630 2857 huic
655 2819 756 2857 libro
789 2819 946 2867 scripsit
976 2818 1226 2857 nanciscitur.
1260 2819 1324 2856 Sic
1356 2817 1458 2854 enim
1485 2816 1620 2855 Livius
1640 2829 1713 2855 vm

158 2877 224 2924 11,
241 2878 292 2914 16
315 2879 502 2925 equitibus
525 2878 738 2926 Campams
757 2879 892 2916 civitas
906 2878 1087 2916 Romana
1106 2879 1217 2926 data3
1236 2878 1340 2915 idem
1359 2889 1431 2915 v111
1448 2877 1514 2923 14,
1531 2877 1583 2913 10
1601 2875 1713 2913 C'am-
