2054 3282
704 167 964 203 ANNALIUM
988 168 1077 203 LIB.
1098 168 1165 203 XV
1660 168 1714 210 73

919 286 959 321 Va

158 347 246 389 400
745 348 950 391 succincti
982 348 1111 390 corda
1141 348 1376 390 machaeris

913 470 964 505 VI

160 531 244 573 401
279 531 480 587 Undique
513 531 772 574 conveniunt
802 531 920 573 velut
953 531 1090 574 imber
1122 531 1208 573 tela
1239 532 1431 574 tribuno:

279 602 512 659 Configunt
541 617 745 658 parmam,
776 603 910 644 tinnit
940 602 1170 645 hastilibus
1202 603 1345 658 umbo,

160 674 247 716 403
280 673 438 716 Aerato
471 674 615 716 sonitu
647 674 804 730 galeae,
839 674 912 715 sed
943 687 1020 715 nec
1051 676 1151 728 pote
1185 674 1410 729 quisquam

277 745 478 800 Undique
508 745 684 788 nitendo
719 760 873 800 corpus
906 744 1142 799 discerpere
1173 745 1297 787 ferro.

160 815 246 858 405
280 815 456 871 Semper
486 816 750 858 abundantes
781 815 926 858 hastas
958 816 1204 872 frangitque
1238 816 1471 872 quatitque.

279 887 437 930 Totum
470 887 599 929 sudor
629 887 758 929 habet
791 901 957 943 corpus,
989 887 1260 942 multumque
1290 887 1469 943 laborat,

278 957 370 1001 Nec
399 958 638 1013 respirandi
669 959 719 1000 fit
750 958 890 1013 copia:
922 960 1123 1013 praepete
1154 959 1267 1000 ferro

159 1030 245 1072 408
277 1028 418 1072 Histri
448 1029 535 1071 tela
566 1044 696 1072 manu
721 1029 922 1072 iacientes
956 1029 1259 1072 sollicitabant.

160 1158 327 1204 queritur
342 1187 348 1193 .
365 1187 371 1193 .
390 1187 395 1193 .
410 1159 472 1195 hic
484 1159 587 1194 locus
600 1160 702 1194 totus
723 1159 892 1204 sumptus
907 1169 929 1193 a
942 1158 1083 1194 Naevio
1103 1159 1160 1194 est
1176 1169 1220 1193 ex
1239 1158 1358 1204 primo
1379 1159 1474 1194 libro
1492 1159 1582 1194 belli
1596 1159 1727 1194 Punici

162 1241 168 1247 .
186 1240 192 1247 .
210 1241 215 1247 .
235 1212 266 1232 ³²
278 1212 369 1247 item
389 1212 435 1248 de
448 1212 620 1247 Pandaro
636 1213 674 1247 et
685 1212 787 1247 Bitia
807 1211 1062 1257 aperientibus
1081 1213 1209 1257 portas
1225 1212 1327 1257 (Aen.
1343 1225 1381 1247 1x
1396 1214 1492 1258 672)’
1509 1223 1583 1257 eqs.

279 1266 313 1300 V
326 1267 422 1312 (400)
455 1265 601 1301 Servius
621 1266 661 1300 in
680 1266 770 1300 Aen.
786 1280 823 1300 rx
838 1269 905 1300 675
923 1266 1079 1301 ‘armati
1093 1265 1206 1300 ferro:
1229 1267 1295 1300 aut
1307 1266 1402 1301 bene
1421 1266 1595 1301 instructi
1615 1266 1727 1301 armis

162 1320 237 1362 aut,
258 1321 301 1354 ut
320 1319 439 1365 Asper
459 1320 561 1362 dicit,
590 1319 711 1354 ferrea
731 1320 843 1355 corda
861 1319 1043 1354 habentes
1063 1319 1086 1354 i.
1109 1330 1138 1353 e.
1162 1319 1255 1354 dura
1276 1321 1314 1354 et
1333 1320 1486 1354 cruenta
1506 1320 1727 1365 cogitantes,

160 1374 203 1407 ut
215 1373 376 1408 Ennium
396 1373 445 1409 sit
464 1374 612 1409 secutus
633 1373 697 1417 qui
717 1373 772 1408 ait
791 1372 995 1409 «succincti
1016 1384 1044 1407 c.
1059 1372 1242 1407 macheris
1264 1373 1491 1417 (suaintus
1511 1373 1727 1408 maceriis

162 1426 323 1471 Flor.)».'

280 1479 331 1514 VI
351 1481 446 1526 (401)
484 1480 696 1515 Macrobius
717 1480 792 1515 Sat.
807 1493 845 1515 v1
865 1484 896 1524 3,
913 1483 931 1514 1
956 1480 1063 1514 ‘sunt
1082 1479 1267 1524 quaedam
1288 1480 1389 1524 apud
1402 1479 1611 1526 Vergilium
1632 1491 1728 1524 quae

163 1533 210 1568 ab
230 1533 389 1569 Homero
411 1534 574 1568 creditur
585 1534 839 1578 transtulisse3
854 1534 918 1568 sed
933 1544 978 1568 ea
995 1533 1134 1568 docebo
1150 1544 1171 1567 a
1185 1533 1321 1568 nostris
1339 1533 1552 1568 auctoribus
1568 1535 1727 1578 sumpta,

162 1586 227 1630 qui
251 1586 393 1631 priores
419 1587 512 1622 haec
538 1587 585 1622 ab
611 1586 770 1622 Homero
796 1587 835 1621 in
862 1587 1027 1622 carmina
1052 1598 1120 1621 sua
1144 1586 1416 1622 transtulerant
1436 1615 1442 1621 .
1461 1614 1490 1621 ..
1516 1586 1529 1606 ²
1547 1586 1728 1621 Homerus

164 1640 210 1674 de
236 1639 362 1674 Aiacis
389 1639 477 1675 forti
503 1651 632 1686 pugna
658 1640 712 1675 ait
738 1640 790 1686 (11.
811 1654 873 1675 xw
894 1641 974 1685 102)
994 1639 1091 1681 Αἴας
1116 1637 1153 1676 δ’
1177 1638 1301 1675 οὐκέτ’
1325 1640 1465 1685 ἔμιμνε·
1488 1639 1632 1686 βιάζετο
1659 1639 1729 1685 γὰρ

163 1687 353 1740 βελέεσσιν.
376 1693 500 1739 δάμνα
520 1707 583 1739 μιν
606 1693 725 1740 Ζηνός
749 1707 788 1729 τε
815 1693 902 1735 νόος
920 1694 984 1729 καὶ
1007 1697 1130 1737 Τρῶες
1149 1693 1286 1739 ἀγαυοὶ
1306 1692 1515 1740 βάλλοντες·
1539 1693 1667 1738 δεινὴν
1687 1693 1728 1729 δὲ

162 1747 247 1790 περὶ
272 1747 493 1792 κροτάφοισι
514 1747 650 1792 φαεινὴ
669 1746 788 1793 πήληξ
808 1746 1012 1794 βαλλομένη
1032 1746 1201 1793 καναχὴν
1222 1747 1298 1793 ἔχε·
1320 1746 1471 1793 βάλλετο
1498 1744 1536 1782 δ’
1559 1746 1634 1782 αἰεὶ
1653 1746 1730 1782 κὰπ

163 1798 299 1846 φάλαρ’
313 1798 503 1847 εὐποίηθ’·
518 1800 536 1836 ὁ
549 1799 587 1837 δ’
597 1801 791 1846 ἀριστερὸν
803 1798 903 1846 ὦμον
916 1801 1073 1846 ἔκαμνεν
1086 1800 1245 1846 ἔμπεδον
1257 1800 1340 1836 αἰὲν
1352 1800 1445 1847 ἔχων
1457 1799 1571 1842 σάκος
1582 1798 1724 1836 αἰόλον·

163 1851 247 1889 οὐδ’
277 1854 458 1890 ἐδύναντο
484 1852 582 1899 ἀμφ’
606 1855 705 1902 αὐτῷ
729 1853 918 1900 πελεμίξαι
944 1852 1148 1899 ἐρείδοντες
1173 1852 1372 1900 βελέεσσιν
1400 1853 1475 1889 αἰεὶ
1502 1851 1540 1890 δ’
1563 1852 1729 1901 ἀργαλέῳ

165 1905 258 1952 ἔχετ’
287 1907 464 1953 ἄσθματι,
491 1907 564 1944 κὰδ
590 1906 632 1943 δέ
657 1907 693 1943 οἱ
714 1907 825 1953 ἱδρὼς
843 1907 1038 1943 πάντοθεν
1058 1908 1098 1943 ἐκ
1119 1906 1255 1953 μελέων
1277 1905 1358 1953 ῥ’έεν
1379 1906 1548 1950 ἄσπετος,
1569 1906 1657 1943 οὐδέ
1676 1919 1728 1953 πῃ

165 1956 262 2007 εἶχεν
288 1961 510 2005 ἀμπνεῦσαι,
536 1960 659 2008 πάντῃ
687 1961 727 1997 δὲ
754 1961 872 1997 κακὸν
898 1964 1000 2009 κακῷ
1015 1960 1214 2005 ἐστήρικτο.
1237 1960 1249 1980 3
1268 1960 1366 1995 hunc
1385 1960 1510 1995 locum
1529 1959 1671 1994 Ennius
1691 1960 1730 1994 in

164 2013 295 2057 quinto
322 2013 464 2048 decimo
491 2014 558 2058 (sic
584 2014 642 2048 vel
667 2028 720 2050 xv
738 2014 908 2059 plerique
927 2027 990 2049 XII
1010 2014 1106 2058 Par.)
1127 2014 1175 2048 ad
1199 2024 1366 2059 pugnam
1386 2012 1504 2048 Caelii
1524 2012 1654 2060 (celii
1673 2013 1731 2048 vel

165 2077 185 2101 c
193 2066 273 2101 elii
289 2066 389 2112 libri)
397 2067 538 2102 tribuni
549 2067 606 2102 his
615 2067 780 2102 versibus
791 2067 969 2102 transfert
979 2067 1167 2111 «undique
1176 2068 1272 2111 (401)
1283 2095 1288 2100 .
1301 2095 1307 2100 .
1319 2095 1325 2100 .
1337 2065 1592 2101 sollicitabant
1600 2067 1729 2111 (408)».

169 2119 181 2138 ⁴¹
192 2119 279 2154 hinc
286 2119 473 2165 Vergilius
488 2120 646 2155 eundem
659 2120 782 2155 locum
796 2121 842 2155 de
855 2120 998 2155 incluso
1006 2119 1129 2154 Turno
1144 2119 1268 2165 gratia
1281 2119 1510 2165 elegantiore
1525 2119 1733 2164 composuit

167 2172 269 2217 (Aen.
279 2186 316 2207 1x
329 2174 517 2218 803—811)
527 2184 639 2218 «ergo
651 2184 719 2208 nec
733 2173 853 2218 clipeo
866 2173 1009 2208 iuvenis
1024 2172 1225 2207 subsistere
1238 2173 1385 2207 tantum
1398 2183 1466 2206 nec
1480 2172 1611 2206 dextra
1621 2172 1730 2214 valet,

166 2225 323 2260 obiectis
353 2225 405 2260 sic
431 2225 706 2270 undique'telis
733 2226 912 2269 obruitur,
939 2226 1072 2271 strepit
1098 2225 1255 2260 adsiduo
1283 2236 1373 2260 cava
1398 2227 1568 2271 tempora
1593 2225 1732 2260 circum

166 2279 307 2314 tinnitu
325 2279 435 2324 galea
461 2280 498 2314 et
518 2279 616 2314 saxis
643 2278 763 2314 solida
789 2290 876 2314 aera
901 2279 1083 2314 fatiscunt
1108 2278 1371 2323 discussaeque
1390 2278 1501 2313 iubae
1528 2279 1645 2324 capiti
1664 2290 1733 2315 nec

167 2332 306 2367 sufficit
316 2332 428 2367 umbo
442 2332 591 2377 ictibus,
601 2332 835 2378 ingeminant
848 2333 966 2367 hastis
982 2334 1019 2367 et
1027 2332 1138 2367 Troes
1153 2333 1191 2367 et
1204 2332 1284 2377 ipse
1295 2332 1497 2367 fulmineus
1505 2332 1730 2367 Mnestheus.

166 2387 246 2421 tum
271 2387 350 2422 toto
378 2397 529 2431 corpore
556 2387 669 2422 sudor
687 2386 844 2431 liquitur
870 2387 907 2421 et
926 2386 1084 2431 piceum,
1104 2397 1173 2421 nec
1192 2386 1376 2431 respirare
1396 2386 1574 2431 potestas,
1596 2385 1731 2420 flumen

168 2439 258 2485 agit,
279 2439 396 2474 fessos
416 2440 540 2484 quatit
559 2451 670 2486 aeger
691 2440 877 2475 anhelitus
898 2439 1051 2476 artus».'
1126 2439 1298 2474 Enniana
1318 2450 1386 2474 nec
1401 2451 1423 2474 a
1437 2440 1567 2484 quinto
1588 2440 1731 2475 decimo

288 2612 370 2650 401
397 2610 455 2659 Of.
474 2610 556 2658 284
576 2611 726 2650 hastati
746 2613 939 2661 spargunt
957 2612 1104 2660 hastas,
1124 2611 1170 2650 fit
1188 2612 1337 2650 ferreus
1356 2612 1493 2660 imber,
1515 2614 1548 2650 et
1560 2610 1657 2650 Aen.
1675 2624 1732 2649 ΧΠ

174 2668 256 2717 284
366 2671 449 2708 402
473 2671 653 2709 astilibus
666 2671 804 2709 Salisb.
915 2672 999 2709 403
1021 2670 1167 2709 Aerato
1188 2673 1320 2709 sonitu
1340 2672 1488 2722 galeae,
1508 2682 1607 2718 quae
1625 2671 1734 2708 ‘carie

170 2732 352 2778 temptata
376 2733 483 2775 sunt,
509 2743 578 2769 nec
602 2733 698 2768 recte
724 2730 979 2768 adnectantur
1003 2731 1268 2779 superioribus
1291 2742 1361 2769 nec
1384 2732 1482 2769 satis
1506 2732 1584 2768 tuto
1611 2741 1732 2767 emen-

170 2789 337 2835 dantur,-
361 2790 536 2836 suspicor
562 2790 777 2828 desiderari
803 2801 968 2834 verswm,
995 2791 1058 2828 cui
1080 2790 1151 2828 illa
1177 2793 1264 2838 apte
1283 2790 1548 2834 adhaeserint,-
1571 2791 1734 2826 ceterum

170 2848 218 2943 cPf.
237 2848 292 2886 Il.
312 2860 370 2885 ΧΠ
395 2847 476 2885 160
603 2850 687 2887 405
716 2848 960 2888 abundantes
985 2850 1044 2888 vel
1068 2849 1341 2887 habundantes
1368 2849 1457 2886 libre·
1486 2847 1731 2886 obundantes

205 2909 371 2946 omanus

1757 2975 1761 3000 ³
