2020 3334
335 175 416 210 LIV
894 175 920 209 Ι.
947 174 1175 211 HISTORIA
1199 174 1337 211 ENNII

335 287 488 339 legibus
521 282 571 340 (11
598 289 672 336 22,
693 282 769 339 57)
803 284 898 325 ‘Hic
929 290 983 325 est
1011 287 1077 326 iile
1111 284 1239 332 situs',
1277 287 1432 337 reliqua.
1468 300 1515 326 ex
1549 288 1662 326 libris
1699 288 1747 326 de
1783 301 1897 338 repu-

338 347 443 385 blica
474 346 648 385 servavit
679 346 843 383 Seneca:
876 342 955 384 ‘cui
984 357 1095 385 nemo
1125 347 1221 385 civis
1250 357 1371 394 neque
1400 347 1517 385 hostis
1544 349 1667 396 quivit
1683 359 1761 396 pro
1785 349 1900 396 factis

335 406 493 444 reddere
522 406 606 454 opis
630 401 830 452 pretium.’
863 404 1057 454 Alterum,
1084 417 1161 454 quo
1192 406 1311 454 poeta
1334 405 1567 444 Africanum
1591 407 1720 457 ipsum
1746 406 1794 444 de
1819 408 1900 446 suis

336 465 488 502 meritis
513 464 739 513 loquentem
763 463 871 513 facit,
897 477 944 502 ex
967 465 1081 514 parte
1108 463 1241 502 Cicero
1267 465 1366 503 citat
1385 464 1497 503 Tusc.
1524 465 1622 515 disp.
1644 460 1689 518 (v
1717 468 1784 514 17,
1804 460 1899 519 49):

335 524 391 561 Et
421 526 475 561 est
503 525 548 561 in
579 523 712 572 aliqua
741 524 822 562 vita
845 523 1113 571 praedicabile
1143 524 1294 571 aliquid
1325 526 1359 562 et
1385 524 1637 572 qloriandum
1667 536 1713 563 ac
1735 537 1838 573 prae
1860 536 1901 564 se

334 583 550 630 ferendum,
584 585 628 620 ut
657 582 958 630 Epaminondas
984 612 992 620 .
1020 612 1028 620 .
1056 613 1063 620 .
1095 586 1139 621 ut
1167 581 1406 631 Africanus:

619 641 658 679 A
689 642 767 680 sole
798 643 987 680 exoriente
1016 654 1140 690 supra
1170 642 1340 681 Maeotis
1363 642 1533 690 paludes

690 701 814 739 Nemo
845 703 899 739 est
928 702 995 749 qui
1025 702 1140 749 factis
1170 713 1230 739 me
1260 703 1511 749 aequiperare
1541 704 1664 749 queat.

337 759 449 805 Quod
480 760 706 798 Ennianum
744 772 826 798 esse
860 758 994 798 Cicero
1034 772 1113 798 non
1144 760 1258 809 dicit,
1295 760 1363 798 sed
1401 773 1502 810 quae
1534 762 1620 799 erat
1651 760 1777 798 altera
1807 773 1899 810 pars

337 819 456 858 huius
489 820 798 870 epigrammatis,
833 832 919 857 eam
945 819 1065 857 Ennii
1094 820 1252 858 nomine
1283 820 1326 857 in
1355 819 1467 858 libris
1493 819 1539 858 de
1564 833 1605 858 re
1630 818 1791 869 publica
1816 820 1900 858 lau-

335 878 515 917 daverat:
547 878 651 916 unde
682 878 755 916 hoc
787 891 945 928 quoque
977 877 1123 916 Seneca
1154 879 1342 927 exhibuit,
1374 879 1442 928 qui
1473 880 1531 916 ita
1563 878 1660 917 dicit
1691 890 1769 917 esse
1794 879 1902 927 apud

338 937 558 976 Ciceronem
588 939 632 975 in
662 938 722 975 his
753 939 851 985 ipsis
882 938 928 976 de
959 949 1001 976 re
1024 950 1067 985 p.
1098 938 1167 976 hoc
1198 939 1438 986 epiqramma
1468 938 1580 976 Enni
1612 935 1670 976 ‘Si
1703 940 1768 986 fas
1805 939 1901 977 endo

329 997 474 1045 plaqas
506 997 710 1035 caelestum
741 997 944 1035 ascendere
981 998 1211 1045 cuiquamst,
1247 998 1303 1036 mi
1338 998 1411 1035 soli
1447 997 1544 1036 caeli
1580 999 1753 1036 maxima
1782 1000 1902 1045 porta

329 1052 465 1105 patet?

442 1114 501 1153 *In
533 1115 712 1164 epistolis
742 1127 870 1165 pauca
901 1116 995 1153 sunt
1025 1127 1125 1164 quae
1157 1115 1278 1153 Ennii
1310 1114 1538 1164 admonent,
1570 1117 1640 1165 qui
1670 1115 1790 1154 semel
1821 1128 1901 1153 om-

336 1175 431 1213 nino
462 1175 627 1213 vocatur
657 1175 826 1212 nomine.
860 1174 937 1213 Sed
969 1187 1069 1224 quae
1101 1176 1202 1223 sunt,
1236 1175 1419 1224 aperiunt
1450 1187 1569 1224 quam
1600 1174 1811 1213 familiaris
1842 1175 1901 1212 fu-

336 1234 412 1272 erit
441 1232 620 1272 Ciceroni
646 1234 767 1271 Ennii
797 1234 926 1283 poesis
958 1235 998 1272 et
1029 1246 1149 1283 quam
1178 1246 1257 1272 non
1289 1235 1428 1284 ignota
1458 1234 1508 1272 iis
1540 1233 1591 1271 ad
1623 1246 1721 1283 quos
1753 1233 1900 1272 scribit.

335 1293 473 1331 Utitur
504 1294 609 1331 enim
635 1293 827 1331 Ennianis
859 1295 904 1330 ut
935 1305 1028 1331 suae
1060 1294 1232 1331 orationi
1256 1293 1402 1342 leporis
1428 1292 1579 1342 ahquid
1606 1294 1646 1331 et
1669 1293 1902 1331 facetiarum

334 1353 557 1401 impertiat,
602 1352 707 1402 quod
743 1352 898 1401 placere
934 1353 1061 1402 possit
1097 1353 1147 1390 iis
1182 1351 1416 1401 quibuscum
1454 1353 1727 1390 communicat.
1779 1351 1901 1390 Velut

335 1411 384 1449 ab
414 1411 551 1449 Attico
582 1412 711 1449 iussus
743 1423 859 1461 agere
892 1411 997 1460 quod
1029 1412 1066 1448 ei
1096 1405 1238 1461 parum
1268 1411 1477 1450 honestum
1507 1410 1734 1459 videbatur,
1774 1412 1811 1449 ei
1842 1412 1902 1449 ita

333 1470 546 1520 respondet
577 1464 639 1523 (vi
666 1472 703 1518 2,
725 1465 769 1523 8)
802 1472 871 1508 ain
902 1470 1075 1515 tandem,
1106 1469 1249 1515 Attice,
1288 1471 1471 1509 laudator
1502 1471 1734 1519 integritatis
1765 1473 1799 1509 et
1830 1471 1900 1509 ele-

329 1531 488 1579 yantiae
512 1533 678 1574 nostrae,
704 1525 841 1567 ‘ausus
867 1541 905 1568 es
930 1530 999 1568 hoc
1023 1541 1068 1568 ea:
1092 1541 1157 1568 ore
1181 1526 1274 1574 tuo',
1305 1531 1431 1578 inquit
1455 1530 1615 1568 Ennius
1642 1524 1750 1582 (ann.
1780 1524 1899 1581 578),

333 1592 376 1628 ut
413 1590 554 1637 equites
589 1588 745 1636 Scaptio
784 1589 836 1626 ad
865 1590 1078 1637 pecuniam
1114 1589 1322 1638 cogendam
1358 1589 1510 1633 darem,
1549 1601 1609 1627 me
1646 1590 1811 1637 roqare?
1842 1589 1901 1626 De

335 1649 445 1687 cuius
482 1649 690 1686 venustate
728 1648 920 1686 orationis
957 1649 1112 1697 partem
1145 1648 1320 1698 perdidit
1350 1649 1420 1697 qui
1452 1650 1494 1686 ut
1522 1649 1649 1696 inquit
1679 1648 1730 1685 E.
1762 1647 1900 1695 edidit,

333 1709 519 1758 ignorans
558 1719 673 1745 usum
704 1705 862 1745 Graecis
900 1707 1210 1757 perfamiliarem
1246 1718 1317 1745 nec
1351 1707 1595 1745 nostratibus
1626 1708 1697 1744 aut
1727 1707 1897 1745 Franco-

334 1767 478 1817 gallico
513 1767 683 1804 sermoni
717 1766 972 1804 inusitatum:
1012 1778 1104 1804 nam
1136 1766 1242 1815 quod
1275 1767 1334 1804 ita
1365 1766 1486 1803 edunt
1518 1762 1655 1804 ‘ausus
1686 1778 1725 1804 es
1755 1767 1823 1804 hoc
1855 1758 1914 1805 ex*

332 1837 396 1864 ore
427 1829 490 1864 tuo
506 1846 559 1852 —
576 1821 661 1869 —',
691 1838 740 1863 ne
765 1826 956 1863 orationis
988 1825 1148 1875 quidem
1178 1825 1359 1874 formam,
1389 1826 1431 1862 in
1464 1838 1542 1874 qua
1572 1825 1674 1863 nihil
1703 1825 1901 1863 desidera-

333 1887 415 1934 tur,
446 1886 550 1923 recte
582 1884 767 1923 videntur
798 1885 1004 1934 accepisse.
1056 1884 1244 1934 Lepidius
1277 1885 1398 1922 etiam
1436 1884 1487 1922 ad
1517 1884 1600 1922 Att.
1635 1878 1727 1936 (vm
1756 1885 1830 1933 11,
1852 1879 1898 1937 3)

331 1944 439 1993 quod
480 1945 724 1982 vaticinatur
761 1942 1003 1982 Cassandrae
1046 1943 1175 1982 verbis
1212 1945 1254 1981 in
1292 1942 1515 1981 Alexandro
1553 1939 1668 1994 [65]‚
1713 1956 1802 1981 cum
1842 1945 1901 1981 ita

334 2003 511 2053 loquitur
541 2002 791 2054 προθεσπίζω
823 2004 954 2052 iqitur,
984 2005 1112 2041 noster
1141 2002 1277 2052 Attice,
1308 2014 1387 2040 non
1417 2003 1631 2047 hariolans,
1661 2005 1704 2040 ut
1734 2003 1806 2041 illa
1837 2004 1901 2042 cui

336 2074 446 2101 nemo
477 2062 650 2107 credidit,
680 2063 748 2100 sed
778 2064 997 2101 coniectura
1019 2063 1264 2110 prospiciens
1296 2058 1465 2110 ‘iamque
1489 2063 1593 2100 mari
1616 2058 1793 2111 mayno':
1822 2073 1901 2100 non

332 2123 451 2160 multo
494 2123 656 2170 inquam
698 2133 806 2160 secus
841 2133 1005 2170 possum
1047 2122 1277 2160 vaticinari:
1319 2124 1429 2160 tanta
1470 2121 1664 2159 malorum
1710 2121 1902 2169 impendet

337 2180 464 2231 Ιλιάς,
495 2182 566 2218 31113
597 2180 703 2230 quod
729 2179 1067 2230 Clytaemestrae
1105 2181 1282 2219 oratione
1320 2180 1367 2218 de
1393 2180 1602 2231 Iphigenia.
1627 2175 1738 2232 [vm]
1770 2181 1900 2218 utitur

335 2242 380 2277 ut
417 2251 457 2278 se
495 2240 633 2279 fecisse
670 2241 829 2278 nuntiet
872 2240 977 2289 quod
1017 2239 1175 2278 Atticus
1220 2241 1390 2278 iusserat
1433 2234 1503 2292 (ad
1533 2239 1619 2278 Att.
1651 2252 1726 2277 xm
1757 2240 1812 2277 47
1839 2233 1895 2291 a),

332 2300 590 2347 Posteaquam
632 2300 702 2337 abs
745 2302 779 2338 te
817 2298 1058 2347 Aqamemno
1100 2310 1179 2338 non
1221 2302 1263 2337 ut
1308 2300 1474 2337 venirem
1517 2298 1630 2346 (nam
1672 2299 1715 2337 id
1750 2309 1900 2346 quoque

333 2360 519 2406 fecissem,
550 2359 629 2396 nisi
658 2359 876 2406 Torquatus
901 2358 1025 2407 esset),
1055 2359 1122 2397 sed
1146 2361 1189 2396 ut
1212 2358 1416 2397 scriberem
1441 2358 1560 2405 tetiqit
1584 2368 1700 2396 aures
1723 2359 1900 2402 nuntius,

334 2418 517 2465 extemplo
548 2419 726 2456 instituta
757 2419 887 2462 omisi,
919 2430 964 2456 ea
995 2429 1094 2466 quae
1123 2419 1167 2456 in
1196 2418 1378 2456 manibus
1408 2417 1596 2455 habebam
1627 2417 1768 2461 abieci,
1798 2416 1901 2464 quod

333 2478 506 2515 iusseras
556 2477 723 2521 edotavi,
772 2478 828 2515 sic
870 2478 1038 2515 miscens
1081 2489 1152 2515 sua
1195 2489 1284 2514 cum
1325 2475 1552 2526 tragoediae
1598 2475 1747 2523 verbis,
1797 2487 1899 2524 quae

336 2536 519 2574 Enniana
558 2547 639 2574 esse
676 2537 790 2574 testis
829 2548 907 2574 non
939 2535 1112 2574 affirmat
1143 2535 1212 2574 sed
1242 2534 1440 2585 probabili
1470 2535 1694 2573 coniectura
1725 2534 1788 2571 usi
1818 2535 1898 2572 sta-

334 2595 507 2633 tuerunt.
552 2594 599 2632 In
642 2595 779 2633 eodem
818 2607 958 2646 genere
996 2595 1094 2633 adeo
1131 2595 1370 2633 luculentius
1407 2596 1467 2633 est
1503 2594 1609 2643 quod
1644 2595 1687 2631 in
1732 2594 1900 2642 epistola

337 2654 388 2692 ad
419 2654 652 2692 Trebatium
688 2655 1011 2692 iurisconsultum
1048 2649 1119 2706 (ad
1150 2654 1241 2692 fam.
1268 2666 1325 2692 vn
1352 2655 1390 2702 6,
1413 2648 1470 2706 1),
1503 2654 1573 2702 qui
1609 2654 1651 2690 in
1688 2653 1899 2690 Britannia

336 2713 441 2762 apud
474 2711 681 2751 Caesarem
712 2713 832 2763 degit,
865 2713 1095 2751 consolandi
1126 2715 1196 2751 aut
1227 2712 1439 2751 excusandi
1470 2724 1588 2751 causa
1626 2712 1731 2761 quod
1761 2711 1899 2761 procul

336 2771 441 2809 absit
483 2784 508 2809 a
549 2773 682 2821 patria
719 2772 902 2810 Medeam
939 2774 1038 2820 aqit,
1082 2774 1128 2810 ut
1174 2773 1249 2819 ait,
1293 2783 1393 2820 quae
1437 2771 1543 2820 apud
1583 2771 1756 2808 Ennium
1798 2770 1898 2807 hanc

337 2831 494 2868 veniam
526 2831 577 2868 ad
606 2831 887 2881 ignoscendum
919 2844 943 2869 a
967 2832 1158 2869 matronis
1186 2830 1399 2870 Corinthiis
1428 2830 1615 2879 petiverit
1640 2831 1679 2866 et
1704 2830 1899 2877 acceperit

335 2885 433 2942 [lv];
473 2890 591 2928 simul
622 2890 700 2928 alio
732 2901 846 2928 versu
878 2890 1038 2929 Medeae
1070 2886 1180 2942 [vm]
1219 2889 1542 2929 iurisconsultum
1579 2888 1763 2927 admonet
1801 2887 1897 2937 quid
