2004 3278
728 170 988 206 ANNALIUM
1013 170 1102 206 LIB.
1122 171 1174 205 ΠΙ
1581 169 1723 205 CLXIX

162 281 317 323 ἐκείνου
330 288 398 335 τῆς
411 283 607 335 βασιλείας
621 281 698 322 ὑπὸ
712 282 871 322 πάντων
891 281 998 330 ἄξιος
1018 281 1170 334 ἐκρίθη.
1192 283 1430 333 Tarquinius
1448 285 1596 323 occisus
1616 284 1723 322 lava-

162 344 229 382 tur
254 343 303 381 ab
328 355 447 381 uxore
468 337 592 396 (vm),
619 356 740 392 quam
765 344 905 381 bonam
928 344 1116 391 feminam
1135 343 1232 381 dicit
1250 344 1379 392 poeta,
1405 345 1450 380 ut
1470 342 1603 381 Cicero
1623 342 1723 381 Phil.

163 415 209 440 111
225 403 261 451 6,
279 403 331 440 16
353 405 441 441 tuae
460 404 646 451 coniuyis,
667 404 786 441 bonac
805 404 984 451 feminac.
1009 400 1145 440 F'unus
1159 403 1368 451 Tarquinii
1384 402 1543 440 effertur
1557 403 1607 440 ad
1619 403 1724 442 faces

164 463 204 500 et
222 462 417 510 candelas,
436 461 477 499 id
497 462 602 510 quod
621 461 818 512 significat
835 474 972 500 versus
979 462 1199 509 prodinunt
1210 462 1372 510 famuli:
1390 464 1471 500 tum
1484 462 1654 500 candida
1667 463 1725 500 lu-

162 523 271 560 mina
296 522 422 560 lucent
446 515 538 574 (1x),
566 521 672 570 quod
696 521 816 560 moris
841 521 960 559 fuisse
984 522 1027 558 in
1051 520 1210 571 regibus
1236 520 1435 571 Vergilius
1460 520 1573 559 testis
1599 523 1659 559 est
1683 522 1725 559 in

164 580 251 619 adn.
285 580 441 619 allatus.
475 579 532 618 Of.
560 580 717 618 Servius
748 579 797 618 ad
821 579 918 618 Aen.
938 593 965 619 v
985 581 1022 617 4.
1054 580 1114 617 De
1147 579 1273 618 tribus
1306 593 1407 628 quae
1437 582 1643 629 praeterea
1675 580 1725 619 ad

165 640 427 689 Tarquinium
454 640 617 688 ascripsi
643 640 875 690 fragmentis
899 639 983 688 ipse
1009 639 1123 677 video
1149 651 1231 676 rem
1258 651 1339 677 esse
1365 639 1460 677 satis
1481 639 1723 689 ambiguam3

164 711 265 748 quae
290 699 446 748 licebat,
471 701 518 737 ut
542 700 695 737 incerta
720 699 803 736 eius
828 698 932 747 libri,
958 711 1164 748 segregare
1189 711 1213 735 a
1231 697 1411 747 reliquis:
1437 712 1540 736 nunc
1560 699 1726 748 Tarqui-

163 759 229 796 nio
255 758 419 806 ascribo,
451 771 538 796 cum
570 770 648 796 non
679 758 924 795 incommode
950 757 1000 795 ad
1027 758 1287 806 Tarquinium
1312 758 1534 796 referantur
1559 759 1598 795 et
1623 770 1725 796 com-

162 817 316 856 modius
340 817 460 866 paulo
487 830 607 866 quam
633 817 682 854 ad
703 816 884 855 Servium
904 817 1091 865 Tullium,
1123 817 1170 855 de
1197 830 1276 866 quo
1297 817 1376 854 alia
1396 830 1515 866 quam
1534 830 1595 855 res
1614 817 1725 855 belli-

163 889 227 916 cas
252 878 382 926 poeta,
407 878 450 914 ni
474 877 603 925 fallor,
630 877 821 926 exposuit.
848 876 902 914 Et
926 877 972 913 fr.
993 889 1019 915 v
1045 876 1205 924 quidem
1225 877 1355 914 nescio
1376 889 1426 914 an
1445 876 1598 915 vicinae
1617 876 1725 915 Lati-

163 949 303 974 norum
317 938 452 987 gentes
467 936 659 985 dicantur,
675 949 772 985 quas
786 936 848 973 illi
862 937 998 973 contra
1012 936 1272 984 Tarquinium
1285 935 1474 973 bellaturi
1487 937 1725 975 asciverant:

165 996 252 1034 coll.
271 995 464 1045 Dionysio
484 994 612 1034 Halic.
633 1008 680 1033 111
701 995 768 1043 51,
790 996 814 1032 3
842 994 883 1034 οἱ
898 997 1066 1033 Λατῖνοι
1087 1024 1095 1032 .
1117 1025 1124 1032 .
1145 993 1395 1045 ἐψηφίσαντο
1415 994 1487 1045 τήν
1512 1009 1551 1033 τε
1578 995 1726 1033 οἰκείαν

164 1054 335 1105 δύναμιν
365 1052 402 1102 ἕξ
429 1052 584 1104 ἁπάσης
616 1053 763 1100 πόλεως
789 1052 938 1106 ἐξάγειν
970 1052 1048 1092 καὶ
1079 1059 1170 1092 τῶν
1202 1053 1538 1106 πλησιοχώρων
1569 1053 1726 1093 ἐθνῶν

163 1111 214 1152 τὰ
246 1113 470 1165 κράτιστα
500 1115 809 1166 παρακαλεῖν,
842 1126 1083 1163 quamquam
1115 1114 1236 1152 etiam
1270 1115 1452 1152 universe
1485 1114 1726 1163 Tarquinius

165 1173 243 1211 dici
274 1174 433 1223 poterat
462 1185 626 1224 magnas
659 1174 698 1211 et
730 1173 938 1223 opulentas
974 1174 1110 1224 gentes
1147 1186 1248 1222 quae
1286 1173 1432 1211 circum
1470 1185 1533 1211 eos
1566 1168 1726 1226 (Roma-

163 1228 253 1285 nos)
280 1234 409 1271 essent
434 1233 629 1282 paulatim
655 1232 731 1270 sibi
756 1232 1003 1271 conciliasse:
1030 1232 1192 1282 Dionys.
1213 1245 1260 1270 111
1282 1232 1348 1281 51,
1366 1234 1401 1270 1.
1428 1232 1630 1270 Etruriam
1650 1232 1726 1270 Ro-

164 1293 290 1331 manis
315 1293 429 1342 plene
456 1292 659 1331 subactam
686 1293 828 1330 cecinit
851 1293 981 1341 poeta,
1006 1293 1052 1329 ut
1077 1305 1096 1329 e
1121 1304 1164 1330 VI
1189 1292 1408 1341 colligitur3
1439 1292 1542 1340 quod
1568 1292 1723 1341 quidem

164 1365 242 1390 non
267 1352 437 1390 Romani
462 1352 570 1390 ducis
595 1351 716 1389 verba
741 1352 933 1389 continet:
958 1352 1079 1389 immo
1098 1352 1157 1389 ita
1177 1351 1435 1390 Etruscorum
1453 1352 1635 1400 princeps
1654 1352 1727 1388 mi-

163 1411 253 1449 lites
279 1423 368 1449 suos
393 1412 555 1460 propter
578 1411 850 1448 imminentem
874 1411 1059 1448 Etruriae
1078 1411 1234 1448 ruinam
1254 1410 1458 1449 adhortari
1476 1410 1645 1448 videtur.
1671 1410 1728 1448 At

164 1471 237 1508 hoc
263 1471 520 1508 Etruscorum
544 1470 692 1507 bellum
718 1470 870 1508 Ennius
896 1470 1163 1519 Tarquinione
1189 1483 1239 1508 an
1266 1469 1402 1507 Servio
1429 1470 1561 1508 Tullio
1582 1471 1726 1519 ascrip-

165 1531 260 1567 serit
285 1529 501 1568 obscurum.
528 1529 665 1568 Livius
692 1529 849 1578 quidem
875 1529 1136 1579 Tarquinium
1162 1541 1250 1567 cum
1275 1529 1455 1568 Etruscis
1482 1529 1727 1567 contendisse

164 1602 242 1626 non
269 1589 410 1637 tradit,
436 1589 650 1638 Dionysius
677 1589 811 1626 autem
829 1588 956 1626 Halic.
983 1588 1169 1627 Etruscos
1196 1589 1415 1638 complures
1442 1601 1564 1627 annos
1591 1590 1728 1627 contra

166 1648 425 1697 Tarquinium
450 1648 598 1686 bellum
630 1649 794 1699 gessisse
822 1649 960 1686 narrat
985 1641 1052 1700 (cf.
1072 1660 1118 1685 111
1140 1648 1206 1697 57,
1230 1650 1250 1686 1
1279 1647 1407 1694 πάσας
1432 1646 1500 1694 τὰς
1524 1653 1602 1686 τῶν
1629 1650 1727 1699 Τυρ-

165 1712 298 1759 ρηνῶν
328 1706 459 1753 πόλεις
489 1712 604 1762 κοινῇ
640 1706 708 1746 τὸν
739 1706 836 1745 κατὰ
862 1702 1060 1758 Ῥωμαίων
1090 1706 1261 1758 πόλεμον
1292 1704 1471 1759 ἐκφέρειν
1510 1708 1550 1746 et
1579 1707 1672 1745 ibid.
1703 1708 1726 1744 3

165 1765 347 1818 βασιλεὺς
374 1766 593 1818 Ταρκύνιος
613 1763 824 1817 Ῥωμαίους
849 1781 888 1805 τε
914 1766 1142 1817 σύμπαντας
1166 1766 1413 1812 καθοπλίσας
1438 1764 1503 1804 καὶ
1526 1765 1630 1818 παρὰ
1650 1771 1728 1805 τῶν

165 1824 378 1877 συμμάχων
411 1824 528 1872 ὅσους
560 1824 725 1865 ἐδύνατο
757 1825 960 1871 πλείστους
991 1824 1229 1877 παραλαβὼν
1261 1820 1360 1879 κτλ),
1392 1826 1551 1864 tandem
1578 1827 1728 1877 gravis-

168 1886 266 1924 simo
291 1885 442 1935 proelio
469 1885 519 1924 ad
543 1885 682 1923 urbem
706 1885 871 1923 Eretum
896 1885 1109 1924 infeliciter
1133 1887 1340 1924 commisso
1365 1887 1408 1923 in
1433 1886 1628 1924 dicionem
1653 1886 1728 1924 Ro-

164 1957 371 1982 manorum
398 1957 437 1983 se
462 1944 672 1983 tradidisse
698 1957 744 1982 m
766 1945 833 1994 59,
856 1947 876 1983 1
906 1944 1102 1983 τελευταία
1128 1942 1169 1983 δὲ
1195 1944 1296 1996 μάχη
1318 1941 1515 1995 Ῥωμαίων
1540 1942 1605 1983 καὶ
1630 1946 1728 1992 Τυρ-

166 2008 298 2055 ρηνῶν
330 2002 478 2056 ἐγένετο
509 2002 657 2050 πόλεως
685 1999 853 2056 Ἠρήτου
884 2003 1053 2054 πλησίον
1085 2002 1128 2042 ἐν
1159 2009 1205 2058 τῇ
1238 2003 1427 2054 Σαβίνων
1458 2009 1508 2057 γῇ
1529 2035 1535 2042 .
1560 2034 1566 2041 .
1593 1997 1660 2056 (3)
1686 2001 1729 2041 ἐκ

166 2062 310 2112 ταύτης
334 2068 404 2113 τῆς
430 2062 552 2114 μάχης
579 2062 759 2114 μεγίστης
784 2067 861 2101 τῶν
893 2061 1091 2115 προτέρων
1116 2060 1342 2114 γενομένης,
1373 2061 1467 2108 ὅσας
1492 2060 1589 2113 πρὸς
1616 2059 1728 2112 ἀλλή-

167 2124 258 2167 λους
284 2119 542 2172 ἐπολέμησαν,
568 2120 612 2159 τὰ
628 2117 825 2172 Ῥωμαίων
845 2121 1052 2173 πράγματα
1071 2119 1309 2171 θαυμαστὴν
1329 2120 1427 2172 ὅσην
1446 2119 1623 2160 ἐπίδοσιν
1644 2119 1729 2159 ἕλα-

167 2182 220 2231 βε.
263 2179 425 2219 Orosius
444 2194 475 2218 11
495 2182 607 2229 4,11
638 2175 786 2233 (nescio
819 2176 941 2232 unde)
974 2182 1106 2218 omnia
1138 2181 1362 2230 complexus
1394 2181 1531 2219 scribit
1565 2181 1730 2229 Tarqui-

166 2241 277 2278 nium
301 2240 481 2278 Priscum
506 2251 635 2278 omnes
659 2241 845 2287 finitimos
872 2243 905 2278 et
922 2242 1094 2287 potentes
1125 2242 1215 2278 tunc
1244 2241 1405 2278 Tusciae
1435 2240 1634 2279 duodecim
1658 2251 1730 2287 po-

158 2300 277 2347 pulos
307 2301 523 2337 innumeris
560 2299 768 2338 concidisse
805 2300 1053 2347 conflictibus.
1090 2299 1204 2337 Hanc
1240 2300 1471 2338 memoriam
1508 2300 1542 2337 si
1579 2299 1730 2338 Ennius

167 2360 320 2396 secutus
347 2360 417 2406 est,
442 2359 516 2397 hoc
541 2359 736 2409 proelium
763 2360 897 2408 aptam
921 2358 1107 2396 videatur
1124 2359 1187 2396 illi
1205 2359 1336 2397 versui
1356 2359 1600 2397 occasionem
1625 2359 1729 2397 dare.

166 2417 314 2455 Verum
327 2418 430 2456 idem
445 2418 660 2467 Dionysius
674 2431 717 2457 lv
732 2419 798 2466 27,
809 2419 844 2455 3.
855 2419 880 2455 4
896 2419 1125 2468 longinqua,
1139 2430 1239 2467 quae
1252 2417 1411 2456 Servius
1426 2418 1579 2456 Tullius
1594 2419 1731 2456 contra

168 2476 355 2515 Etruscos
376 2479 552 2527 gesserit,
571 2477 677 2515 bella
691 2478 866 2515 enarrat:
887 2476 1024 2514 Livius
1038 2489 1052 2514 1
1067 2478 1134 2525 42,
1151 2479 1174 2515 2
1190 2490 1314 2515 unum
1330 2476 1459 2516 Servii
1474 2474 1577 2515 ‘cum
1590 2478 1731 2516 Veien-

168 2535 274 2574 tibus
301 2536 467 2585 aliisque
493 2533 686 2575 Etruscis'
713 2536 862 2574 bellum
891 2537 1032 2574 leviter
1062 2538 1266 2584 memorat,
1300 2550 1319 2574 e
1346 2550 1422 2586 quo
1451 2534 1552 2575 ‘fuso
1577 2537 1732 2588 ingenti

166 2595 339 2634 hostium
378 2593 564 2634 exercitu'
599 2597 726 2635 victor
761 2608 806 2633 ac
836 2608 903 2633 rex
935 2595 1101 2634 Romam
1139 2595 1312 2634 redierit.
1351 2596 1529 2634 Tertium
1564 2596 1731 2644 denique

168 2655 435 2704 fragmentum
468 2649 562 2707 (vn)
595 2668 674 2693 non
705 2655 747 2692 in
778 2655 894 2692 unius
923 2668 1080 2705 pugnae
1106 2656 1374 2694 narrationem
1400 2655 1594 2704 quadrare
1621 2667 1731 2703 aper-

166 2714 252 2751 tum
285 2715 353 2762 est,
387 2714 453 2751 sed
486 2727 562 2752 non
594 2715 727 2763 inepte
760 2714 971 2752 contuleris
1001 2714 1204 2765 pugnandi
1230 2728 1353 2765 genus
1385 2714 1491 2763 quod
1516 2714 1730 2762 Dionysius

167 2772 293 2811 Halic.
314 2785 360 2809 111
382 2773 448 2821 52,
471 2774 507 2810 2.
530 2774 554 2810 3
581 2773 798 2822 descripsit.

286 2832 344 2869 De
371 2831 540 2870 Servio
568 2832 730 2870 Tullio
757 2833 909 2870 restant
934 2833 1092 2871 omnino
1119 2833 1195 2876 duo
1222 2833 1416 2879 versiculi,
1443 2844 1610 2880 quorum
1631 2831 1732 2868 alter

171 2884 235 2942 (x)
263 2891 310 2928 ab
336 2890 497 2930 Hertzio
524 2891 755 2931 emendatus
783 2904 901 2942 quam
926 2892 1056 2931 sedem
1081 2891 1224 2933 habere
1252 2893 1295 2930 in
1325 2893 1459 2930 tenore
1491 2891 1731 2929 narrationis
