2054 3282
798 170 1046 205 THYESTES
1622 171 1707 212 185

901 287 952 323 VI

145 348 231 391 346
1186 349 1411 405 impetrem

263 419 405 462 Facile
431 420 484 462 ab
511 420 653 463 animo
680 424 728 463 ut
754 423 898 464 cernat
922 421 1098 463 vitalem
1122 421 1312 463 habitum

891 543 959 578 VII

145 604 230 646 348
264 603 500 654 Quemnam
526 607 569 647 te
595 619 685 647 esse
712 605 862 661 dicam,
889 605 962 660 qui
987 605 1108 647 tarda
1134 605 1179 647 in
1205 607 1422 647 senectute

145 768 198 804 sic
223 769 292 804 1100
318 769 479 804 breviter
498 769 630 805 «vides
655 769 806 804 sublime
831 769 955 804 fusum
980 769 1268 805 immoderatum
1295 769 1457 812 aethera,
1483 769 1547 813 qui
1572 771 1710 804 terram

144 824 270 858 tenero
282 822 521 857 circumiectu
533 822 786 868 amplectitur:
802 823 900 857 hunc
912 834 1096 857 summum
1107 823 1243 858 habeto
1257 823 1393 866 divum,
1406 823 1503 858 hunc
1514 823 1710 867 perhibeto

143 876 314 911 Iovem».’
334 875 475 911 Graeca
489 876 692 921 Euripidis,
706 887 801 920 quae
822 876 948 912 Cicero
970 877 1161 920 convertit,
1178 887 1347 921 quaeque
1368 876 1499 911 eadem
1518 876 1638 912 Ennio
1659 876 1711 910 vi-

145 930 279 964 dentur
292 929 487 964 obversata
502 940 592 973 esse,
608 933 674 963 941
690 929 834 965 Nauck.
850 943 878 964 11
891 929 983 978 ὁρᾷς
995 929 1060 965 τὸν
1074 930 1176 975 ὑψοῦ
1190 928 1294 966 τόνδ’
1313 929 1468 974 ἄπειρον
1489 929 1627 974 αἰθέρα
1647 930 1712 964 καὶ

145 989 212 1028 γῆν
226 982 330 1027 πέριξ
345 981 475 1029 ἔχονθ’
491 983 622 1028 ὑγραῖς
636 983 675 1018 ἐν
690 982 887 1028 ἀγκάλαις,
900 989 1033 1019 τοῦτον
1047 983 1169 1028 νόμιζε
1187 986 1300 1029 Ζῆνα,
1314 981 1417 1019 τόνδ’
1435 983 1528 1028 ἡγοῦ
1541 981 1645 1018 θεόν.

145 1035 270 1072 Cicero
287 1037 332 1071 de
346 1037 421 1071 nat.
432 1036 529 1071 deor.
540 1050 580 1071 111
591 1041 624 1079 4,
635 1040 677 1070 10
692 1037 994 1083 ‘(argumentum)
1002 1037 1164 1082 primum
1178 1037 1261 1080 fuit,
1274 1049 1357 1072 011111
1372 1036 1516 1071 caelum
1528 1036 1712 1081 suspexis-

145 1101 277 1133 semus,
299 1090 426 1125 statim
446 1101 512 1124 nos
532 1090 750 1135 intellegere
771 1101 850 1125 esse
870 1090 1024 1135 aliquod
1038 1101 1175 1126 numen
1189 1101 1262 1135 quo
1275 1090 1369 1125 haec
1381 1091 1569 1135 regantur.
1586 1100 1629 1124 ex
1642 1089 1712 1124 1100

144 1143 239 1178 illud
253 1144 367 1178 etiam
381 1143 530 1188 «aspice
543 1143 577 1178 h.
592 1144 744 1179 sublime
757 1144 917 1180 candens
931 1146 969 1189 (0
978 1144 1032 1179 ad
1041 1155 1059 1179 e
1068 1156 1092 1178 n
1101 1156 1116 1178 s
1130 1144 1235 1180 Voss.
1248 1144 1280 1178 A
1293 1156 1340 1178 m.
1355 1155 1409 1188 pr.
1423 1144 1460 1178 et
1468 1143 1593 1188 Vind.)
1607 1155 1639 1188 q.
1655 1144 1712 1178 in-

144 1201 273 1233 vocant
283 1209 314 1232 0.
323 1197 495 1233 Iovem».'
508 1197 611 1232 ldem
624 1197 715 1231 ibid.
727 1201 782 1241 16,
791 1201 835 1232 40
850 1198 860 1214 ‘
871 1197 920 1232 sit
934 1208 1023 1232 sane
1035 1198 1126 1233 deus
1139 1198 1221 1243 ipse
1233 1198 1404 1232 mundus.
1414 1197 1484 1232 hoc
1497 1197 1605 1232 credo
1617 1196 1712 1231 illud

145 1261 225 1285 esse
239 1251 411 1287 «sublime
424 1251 583 1286 candens
597 1263 630 1295 q.
640 1252 812 1287 invocant
825 1250 1037 1287 o.Iovem».’
1118 1251 1300 1296 Apuleius
1315 1251 1361 1286 de
1374 1251 1513 1285 mundo
1529 1254 1572 1285 33
1587 1262 1621 1295 p.
1633 1253 1712 1293 131,

146 1307 165 1338 2
181 1303 312 1338 Goldb.
331 1304 341 1320 ‘
352 1304 551 1339 adfirmant
565 1304 756 1350 superiora
770 1315 850 1339 esse
865 1305 934 1340 deo
948 1304 1100 1339 tradita.
1115 1315 1277 1349 namque
1290 1304 1443 1339 habitus
1458 1303 1646 1338 orantium
1660 1303 1713 1338 sic

144 1359 202 1393 est
213 1358 257 1392 ut
268 1357 441 1392 manibus
456 1358 617 1392 extensis
626 1358 692 1404 (in)
702 1358 846 1392 caelum
858 1369 1061 1403 precemur.
1074 1358 1263 1393 Romanus
1278 1357 1393 1393 etiam
1403 1358 1516 1402 poeta
1531 1356 1584 1392 sic
1598 1356 1714 1392 sensit

145 1411 294 1456 «aspice
307 1411 341 1446 h.
356 1411 507 1447 sublime
525 1411 624 1457 (sub
645 1411 814 1446 lumine
828 1411 909 1447 Par.
925 1411 954 1445 P
973 1412 1096 1457 Laur.)
1116 1412 1249 1447 cadens
1262 1423 1295 1455 q.
1311 1412 1483 1447 invocant
1502 1422 1533 1446 ο.
1548 1410 1712 1454 Iovem»3

144 1465 244 1500 unde
262 1464 330 1499 illa
350 1475 445 1509 quae
464 1464 638 1499 videntur
657 1466 817 1509 suntque
840 1465 1012 1500 omnibus
1037 1465 1324 1510 praestantiora,
1347 1465 1478 1499 eadem
1504 1463 1713 1498 sublimita-

145 1520 200 1554 tes
214 1519 407 1564 regionum
421 1519 576 1554 tenent'
675 1518 816 1554 Probus
830 1518 870 1553 in
881 1518 990 1564 Verg.
1007 1519 1071 1553 ecl.
1089 1523 1120 1562 6,
1133 1522 1176 1553 31
1191 1531 1226 1564 p.
1244 1522 1299 1561 11,
1315 1521 1359 1553 10
1372 1517 1467 1552 Keil.
1485 1518 1495 1534 ‘
1505 1517 1713 1563 principem

144 1572 357 1606 habuerunt
381 1571 646 1617 Empedoclem
671 1572 961 1618 Agrigentinum
987 1572 1052 1617 qui
1072 1572 1119 1607 de
1137 1571 1196 1607 his
1217 1573 1410 1617 (quattuor
1432 1571 1638 1617 elementis)
1658 1571 1714 1606 ita

146 1625 275 1660 scribit
296 1624 455 1669 τέσσαρα
476 1625 521 1670 δὴ
542 1625 692 1660 πάντων
712 1623 896 1670 ῥιζώματα
916 1624 1061 1669 πρῶτόν
1083 1626 1185 1661 ἔασιν
1209 1625 1301 1667 Ζεὺς
1321 1624 1451 1670 ἀργὴς’
1475 1627 1538 1659 κτλ
1559 1626 1713 1670 (33—35

147 1679 262 1724 Stein)
281 1679 342 1713 ‘ut
356 1678 585 1723 accipiamus
603 1679 695 1720 Ζεὺς
713 1679 829 1725 ἀργὴς
847 1679 973 1725 ignem
988 1679 1053 1724 qui
1068 1679 1117 1714 sit
1136 1678 1225 1721 ζέων
1247 1680 1284 1714 et
1304 1679 1478 1722 candens,
1494 1678 1594 1723 quod
1614 1677 1713 1723 ignis

145 1733 202 1768 est
225 1732 428 1777 proprium,
450 1733 496 1767 de
522 1743 594 1777 quo
620 1732 818 1777 Euripides
844 1732 936 1781 ὁρᾷς
959 1732 1024 1768 τὸν
1051 1731 1153 1777 ὕψου
1178 1730 1282 1768 τόνδ’
1307 1732 1462 1775 ἄπειρον
1489 1731 1630 1775 αἰθέρα
1651 1732 1715 1766 καὶ

143 1785 209 1821 τὸν
237 1785 454 1831 περιέχοντα
483 1785 602 1831 ὑγρὰν
630 1786 811 1831 ἀγκάλαις
839 1786 903 1821 τὸν
932 1785 1055 1831 νόμιζε
1088 1789 1189 1831 Ζῆνα
1217 1786 1315 1832 (vide
1342 1787 1479 1832 supra),
1506 1786 1544 1820 et
1571 1785 1713 1819 Ennius

146 1838 295 1883 «aspice
314 1839 348 1872 h.
363 1839 514 1874 sublime
533 1839 693 1874 candens
712 1852 746 1884 q.
773 1844 903 1876 vocant
927 1851 959 1875 0.
980 1840 1153 1877 Iovem».’
1274 1839 1327 1875 cf.
1349 1839 1422 1874 Cic.
1444 1839 1490 1874 de
1515 1840 1591 1874 nat.
1614 1838 1712 1873 deor.

145 1906 158 1926 1
182 1896 237 1935 15,
252 1895 297 1926 40
320 1892 515 1937 ‘idemque
536 1892 792 1938 (Chrysippus)
814 1893 985 1938 disputat
1013 1894 1166 1928 aethera
1192 1903 1272 1928 esse
1299 1903 1383 1927 eum
1409 1903 1520 1936 quem
1544 1891 1713 1927 homines

144 1945 267 1980 Iovem
281 1945 541 1990 appellarent)
558 1945 684 1991 Eurip*
699 1946 741 1980 fr.
758 1950 826 1980 877
841 1946 983 1981 Nauck.
999 1960 1027 1981 11
1046 1944 1125 1981 ἀλλ’
1149 1946 1267 1991 αἰθὴρ
1287 1943 1401 1981 τίκτει
1422 1957 1472 1989 σε,
1493 1944 1600 1989 κόρα,
1624 1944 1715 1986 Ζεὺς

146 1997 187 2040 ὃς
205 1999 424 2042 ἀνθρώποις
445 1998 673 2043 ὀνομάζεται.

264 2052 315 2086 VI
335 2053 430 2097 (346)
468 2052 611 2086 Nonius
631 2064 666 2097 p.
683 2056 822 2095 261,13
845 2053 1015 2088 ‘cernere
1040 2053 1218 2088 iudicare.
1239 2052 1422 2087 Pacuvius
1445 2080 1450 2085 .
1468 2080 1473 2086 .
1497 2053 1554 2098 (32
1574 2052 1632 2097 R.)
1654 2053 1715 2088 «et

147 2116 276 2140 aecum
291 2106 328 2140 et
341 2106 483 2140 rectum
497 2107 554 2140 est
567 2106 668 2150 quod
681 2106 866 2150 postulas:
882 2106 996 2141 iurati
1010 2107 1198 2142 cernant».
1207 2106 1349 2141 Ennius
1358 2106 1519 2150 Thyeste
1530 2105 1624 2151 (thy
1633 2106 1713 2150 ste)

147 2158 366 2203 «impetrem
382 2187 387 2193 .
405 2187 411 2193 .
430 2187 435 2192 .
451 2159 650 2195 habiant»)

265 2212 332 2246 VII
346 2214 442 2257 (348)
475 2212 602 2247 Cicero
616 2213 707 2247 orat.
724 2215 779 2255 55,
793 2216 860 2247 183
878 2213 937 2248 ‘in
957 2213 1122 2248 versibus
1142 2224 1200 2248 res
1220 2214 1277 2248 est
1297 2212 1470 2258 apertior,
1486 2223 1713 2257 quamquam

147 2265 261 2300 etiam
281 2276 303 2299 a
322 2266 442 2300 modis
463 2265 688 2310 quibusdam
706 2267 818 2300 cantu
832 2267 972 2301 remoto
989 2267 1111 2301 soluta
1125 2277 1204 2301 esse
1217 2266 1390 2301 videatur
1403 2267 1523 2302 oratio
1537 2266 1714 2300 maxime-

147 2329 218 2363 que
233 2318 273 2354 id
286 2319 325 2353 in
339 2318 481 2364 optimo
496 2329 643 2364 quoque
659 2330 785 2354 eorum
801 2320 997 2364 poetarum
1011 2320 1076 2365 qui
1089 2320 1233 2364 λυρικοὶ
1247 2330 1269 2354 a
1284 2319 1436 2355 Graecis
1456 2319 1712 2355 nominantur-z

268 2491 350 2528 347
372 2490 552 2528 habitum
571 2492 710 2538 scripsi
724 2485 878 2543 (Herm.
894 2503 951 2528 x11
964 2503 1007 2539 p.
1026 2499 1043 2527 2
1054 2486 1127 2544 54)
1146 2494 1445 2540 sententiamque
1464 2494 1520 2530 sie
1538 2492 1714 2540 supplevi

148 2552 182 2588 et
201 2550 363 2598 eoeplc'eai
376 2551 583 2599 impetrem
597 2550 713 2587 facile
728 2550 776 2588 ab
791 2551 922 2588 animo
937 2545 1062 2603 (meo)
1077 2553 1123 2588 ut
1136 2553 1271 2590 cernat
1285 2546 1338 2604 (h.
1355 2564 1383 2590 e.
1402 2552 1598 2599 decernat,
1612 2551 1713 2588 diiu-

147 2605 269 2662 dicet)
283 2609 446 2647 vitalem
465 2609 644 2646 habitum
659 2603 760 2661 (esse
775 2610 948 2647 animam
962 2605 1154 2663 corporis)
1164 2625 1177 2655 ,·
1191 2611 1313 2659 plane
1331 2614 1375 2649 at
1386 2611 1593 2650 Lucretius
1609 2611 1712 2654 dicit,

146 2668 272 2706 Ennii
292 2679 413 2707 eomes
426 2669 620 2711 assiduus,
636 2681 681 2705 111
696 2666 749 2715 98
772 2680 929 2707 sensum
949 2671 1071 2707 animi
1091 2672 1197 2708 certa
1216 2683 1295 2709 non
1315 2683 1397 2709 esse
1416 2672 1458 2708 in
1477 2671 1591 2719 parte
1607 2669 1709 2707 loca-

147 2729 244 2775 tum,
263 2741 399 2766 verum
418 2727 598 2765 habitum
619 2727 815 2776 quendam
833 2728 996 2766 vitalem
1017 2731 1190 2778 corporis
1211 2742 1304 2768 esse.
1340 2730 1600 2779 Impetremus
1620 2721 1712 2780 (im-

147 2787 327 2839 petrem')
342 2788 377 2825 si
389 2798 535 2835 ponere
553 2787 648 2831 lieet,
669 2799 755 2824 enon
773 2787 1032 2835 supplemento
1050 2790 1242 2837 inteyram
1259 2790 1415 2827 habebis
1427 2789 1713 2836 pentametrum

149 2847 380 2884 trochaicum
520 2847 603 2883 348
625 2847 781 2884 senecta
799 2846 1081 2886 Laehmannas
1101 2843 1183 2900 (ap.
1196 2843 1345 2901 Jahn),
1365 2848 1498 2895 probe,
1517 2848 1596 2885 nisi
1614 2847 1713 2894 forte

147 2907 299 2944 numeri
325 2906 650 2945 continuabantur
