2054 3282
665 175 923 211 ANNALIUM
948 175 1034 211 LLB.
1054 175 1145 211 INC.
1604 176 1687 217 105

128 352 214 395 568
250 351 462 395 Silvarum
490 353 622 396 saltus
648 354 832 397 latebras
849 293 1075 410 {3ssqu
1100 355 1262 397 lutosas

851 471 884 506 X
914 471 931 506 I

127 530 214 573 569
245 529 389 585 Atque
416 546 545 573 manu
570 546 727 588 magna
750 471 967 574 Romaigs
995 532 1154 587 inpulit
1179 533 1315 575 amnis

860 648 957 684 XCV

128 707 215 750 570
246 708 342 751 Pila
366 709 652 752 retunduntur
676 709 945 752 venientibus
972 710 1099 752 obvia
1123 709 1223 765 pilis

848 826 962 862 XCVI

128 886 211 929 571
246 887 474 930 Decretum
501 890 566 929 est
591 890 703 930 stare
729 891 767 931 et
785 889 943 942 fossasri
967 902 1146 944 corpora
1170 887 1267 931 telis

844 1004 975 1040 XCVII

128 1065 214 1107 572
429 1079 502 1120 pes
520 1066 727 1119 premitur
744 1067 848 1120 pede
872 1069 910 1108 et
933 1066 1061 1109 armis
1088 1081 1210 1109 arma
1236 1070 1422 1110 teruntur

247 1211 359 1247 XCIII
379 1214 474 1258 (568)
514 1212 790 1248 Commentator
809 1213 961 1258 Cruquii
986 1213 1026 1247 in
1048 1213 1134 1248 Hor.
1157 1225 1212 1259 ep.
1231 1227 1244 1248 1
1266 1218 1318 1256 13,
1337 1218 1379 1248 10
1400 1214 1553 1259 (viribus
1575 1213 1689 1248 uteris

129 1276 195 1310 per
220 1265 333 1300 clivos
358 1265 512 1301 fiumina
537 1266 668 1311 lamas)
692 1265 829 1301 ‘lamas
849 1266 1002 1301 lacunas
1021 1267 1180 1302 maiores
1201 1267 1432 1302 continentes
1453 1278 1589 1311 aquam
1609 1277 1690 1302 cae-

128 1319 259 1354 lestem
273 1329 337 1353 seu
350 1319 515 1364 pluviam
531 1348 537 1353 .
552 1348 557 1354 .
573 1348 579 1354 .
595 1319 736 1354 Ennius
751 1319 950 1355 «silvarum
965 1348 971 1354 .
989 1348 994 1354 .
1013 1348 1018 1354 .
1034 1320 1225 1356 lutosas».’
1241 1320 1383 1355 Eadem
1396 1320 1473 1355 fere
1487 1331 1570 1355 cum
1584 1331 1689 1355 versu

129 1372 240 1407 Ennii
259 1372 375 1408 habet
392 1372 547 1408 Acronis
568 1373 647 1407 cod.
662 1373 776 1407 Paris.
792 1387 812 1418 γ
832 1373 1038 1408 Hauthalii.
1137 1372 1189 1408 Cf.
1207 1374 1255 1408 ad.
1270 1386 1386 1408 cxxnt.

247 1425 361 1460 XCIV
380 1427 476 1471 (569)
521 1426 639 1461 Schol.
653 1425 785 1461 Veron.
801 1426 840 1460 in
859 1426 949 1461 Aen.
965 1439 988 1461 v
1008 1430 1074 1461 241
1096 1439 1131 1471 p.
1149 1430 1192 1461 95
1212 1426 1306 1461 Keil.
1319 1440 1346 1461 11
1366 1439 1400 1471 p.
1419 1430 1460 1460 17
1482 1426 1623 1462 Heri-m.
1639 1427 1691 1471 (et

129 1480 237 1523 pater
261 1478 342 1523 ipse
366 1490 479 1513 manu
504 1490 642 1524 magna
661 1478 844 1514 Portunus
871 1481 1020 1515 euntem
1046 1479 1208 1525 impulit)
1232 1480 1393 1514 ‘Ennius
1414 1481 1572 1523 «atque.
1590 1507 1596 1513 .
1614 1479 1690 1514 .in-

129 1531 228 1576 pulit
247 1531 417 1568 amnis».'

242 1584 339 1620 XCV
358 1587 454 1631 (570)
493 1585 629 1621 Comm.
644 1586 751 1621 Bern.
767 1586 806 1621 in
820 1587 955 1621 Lucan.
971 1600 984 1620 1
1005 1591 1025 1621 6
1045 1586 1200 1621 Useneri
1222 1586 1462 1630 ‘infestisque
1489 1585 1597 1621 obvia
1616 1585 1691 1631 sig—

130 1637 187 1673 nis
208 1638 315 1684 signa
334 1650 442 1683 pares
463 1639 609 1683 aquilas
630 1641 668 1674 et
686 1639 766 1684 pila
784 1640 969 1674 minantia
987 1639 1092 1684 pilis:
1113 1640 1211 1674 Enni
1225 1650 1349 1674 versus
1365 1639 1466 1684 «pila
1481 1667 1487 1674 .
1505 1668 1511 1674 .
1529 1668 1534 1673 .
1549 1639 1688 1684 pilis».’

247 1691 361 1726 XCVI
381 1694 476 1738 (571)
509 1693 625 1728 Varro
646 1693 692 1728 de
711 1692 734 1727 1.
750 1693 788 1727 L.
804 1706 854 1727 v11
877 1696 943 1727 100
960 1693 1081 1738 ‘apud
1100 1693 1261 1727 Ennium
1282 1693 1496 1730 «decretum
1515 1694 1572 1727 est
1595 1697 1692 1728 stare

129 1756 282 1790 corpora
300 1745 419 1781 telis».
440 1746 510 1781 hoc
530 1746 682 1781 verbum
700 1746 812 1781 Ennii
832 1747 974 1781 dictum
994 1757 1016 1781 a
1035 1746 1228 1791 fodiend0;
1250 1758 1272 1781 a
1292 1758 1364 1791 quo
1384 1746 1510 1782 fossa?

248 1798 379 1835 XCVII
399 1801 494 1845 (572)
532 1800 623 1835 Bell.
639 1800 793 1845 Hispan.
810 1804 864 1842 31,
881 1804 901 1834 6
918 1800 993 1835 ‘ita
1007 1811 1090 1835 cum
1104 1800 1243 1836 clamor
1256 1802 1354 1836 esset
1372 1800 1607 1835 intermixtus
1628 1810 1691 1845 ge-

129 1852 224 1887 mitu
249 1852 534 1898 gladiorumque
560 1853 722 1899 crepitus
749 1853 900 1889 auribus
927 1853 1084 1897 oblatus,
1115 1853 1360 1898 inperitorum
1387 1854 1530 1888 mentes
1558 1853 1690 1887 timore

129 1905 408 1951 praepediebat.
422 1906 434 1926 ⁷
449 1906 520 1950 hic,
541 1908 584 1942 ut
603 1907 658 1942 ait
676 1907 829 1951 Ennius,
844 1918 932 1952 «pes
951 1908 1048 1952 pede
1073 1907 1263 1952 premitur,
1286 1907 1397 1942 armis
1417 1908 1587 1942 teruntur
1607 1905 1644 1951 (f
1648 1916 1690 1940 e-

240 2078 323 2116 568
337 2076 536 2116 Silvarum
547 2079 671 2116 saltus
681 2079 885 2128 lamasque
895 2079 1046 2117 lutosas
1057 2079 1150 2117 dicit
1158 2080 1295 2127 opinor
1304 2078 1476 2117 latebras
1485 2091 1499 2124 ,·
1510 2079 1556 2125 ef.
1563 2089 1688 2127 yeory.

132 2150 161 2175 11
184 2145 234 2184 47
248 2146 262 2172 1
281 2136 364 2174 illic
384 2137 507 2174 saltus
529 2149 573 2175 ac
592 2137 719 2175 lustra
736 2137 932 2184 ferarum;
950 2138 1062 2176 Paul.
1076 2136 1185 2176 Festi
1196 2149 1238 2185 p.
1257 2134 1324 2186 86,
1341 2135 1363 2173 8
1383 2138 1452 2175 Th.
1466 2138 1593 2176 lustra
1613 2137 1690 2187 sig-

132 2196 295 2234 nificant
308 2196 469 2234 lacunas
482 2196 631 2234 lutosas
647 2209 745 2245 quae
760 2198 851 2234 sunt
864 2197 905 2234 in
927 2197 1036 2236 silvis
1057 2209 1244 2246 aprorum
1263 2196 1430 2242 cubilia,·
1449 2197 1539 2235 ibid.
1554 2194 1620 2244 83,
1635 2205 1689 2243 34

131 2255 284 2304 lacuna,
305 2254 346 2292 id
366 2256 425 2293 est
450 2268 577 2305 aquae
603 2255 794 2304 collectio,
815 2268 838 2293 a
857 2255 946 2294 lacu
971 2256 1184 2305 derivatur,
1205 2268 1323 2305 quam
1349 2255 1420 2294 alii
1444 2256 1601 2305 lamam,
1622 2256 1691 2294 alii

131 2315 300 2353 lustrum
317 2314 453 2352 dicunt
552 2315 639 2359 Ι569
661 2314 719 2362 Cf.
728 2315 759 2352 I
760 2315 781 2353 l.
792 2327 846 2353 xv
860 2312 944 2363 694
959 2313 1026 2354 τὸν
1043 2311 1084 2353 δὲ
1097 2313 1199 2362 Ζεὺς
1216 2309 1315 2354 ὦσεν
1332 2312 1498 2354 ὄπισθεν
1511 2313 1606 2367 χειρὶ
1621 2314 1690 2366 μά-

132 2375 179 2412 λα
203 2372 348 2428 μεγάλῃ
356 2387 370 2419 ,·
388 2386 460 2412 nec
484 2373 733 2413 fulminantis
752 2387 897 2425 magna
916 2386 1056 2412 manus
1081 2373 1187 2413 Iovis
1206 2374 1399 2413 Horatius
1521 2375 1602 2413 571
1632 2375 1692 2413 est

132 2433 273 2472 fossari
293 2432 482 2472 Columna
501 2435 560 2472 est
579 2435 683 2472 stare
704 2435 744 2472 et
761 2433 902 2472 fossari
920 2433 1136 2482 Berykius;
1155 2434 1201 2481 ef.
1224 2443 1238 2470 1
1250 2442 1302 2482 53
1324 2435 1428 2472 stare
1448 2435 1488 2472 et
1507 2446 1691 2485 spargere

133 2503 214 2530 sese
239 2492 374 2530 hastis.
396 2493 494 2530 Rem
521 2495 554 2530 et
578 2494 804 2531 sententiam
815 2495 942 2540 potest
959 2493 1158 2531 declarare
1175 2494 1235 2531 vel
1252 2495 1429 2532 narratio
1448 2493 1559 2532 Livii
1578 2506 1691 2531 xxxn

135 2561 155 2586 2
165 2559 202 2603 5,
218 2561 254 2599 9.
273 2560 323 2587 10
439 2551 522 2589 572
543 2551 718 2590 Solutum
737 2563 890 2589 versum
908 2563 987 2590 non
1004 2563 1081 2590 uno
1099 2552 1210 2590 modo
1229 2554 1503 2591 reconcinnare
1523 2553 1627 2598 licet·
1646 2553 1693 2590 de

131 2621 235 2648 ‘nexu
258 2611 345 2648 vide
370 2611 423 2648 ad
448 2620 461 2645 1
474 2618 527 2658 54
549 2613 583 2648 et
600 2612 653 2649 acl
673 2620 770 2658 444.
789 2611 852 2648 De
873 2612 1060 2649 orationis
1086 2612 1207 2649 colore
1223 2612 1317 2650 haec
1333 2612 1446 2650 habet
1463 2612 1692 2650 Macrobius

132 2668 212 2707 Sat.
225 2681 268 2708 v1
283 2678 319 2718 3,
331 2678 352 2716 5
369 2669 562 2707 Homerus
583 2670 640 2708 ait
660 2664 729 2722 (Il.
742 2682 815 2707 xm
836 2678 906 2715 131
927 2671 974 2717 ef.
986 2682 1055 2709 xv1
1072 2665 1174 2723 215)
1189 2667 1306 2717 ἀσπὶς
1327 2666 1390 2722 ἄρ’
1407 2665 1541 2709 ἀσπίδ’
1557 2668 1690 2721 ἔρειδε,

132 2726 252 2779 κόρυς
276 2727 413 2780 κόρυν,
439 2726 557 2780 ἀνέρα
578 2724 614 2767 δ’
637 2726 749 2780 ἀνήρ.
775 2729 917 2767 Furius
942 2730 984 2766 in
1013 2731 1154 2778 quarto
1181 2730 1316 2768 annali
1343 2727 1566 2779 ‘pressatur
1592 2728 1691 2778 pede

134 2798 214 2836 pes,
233 2799 367 2826 mucro
386 2800 583 2836 mucrone,
605 2788 690 2826 viro
710 2784 803 2826 vir'.
823 2788 914 2826 hinc
930 2787 1128 2839 Vergilius
1149 2788 1208 2827 ait
1226 2783 1271 2842 (x
1294 2787 1346 2835 36
1358 2784 1396 2841 1)
1419 2784 1575 2826 ‘haeret
1592 2787 1690 2837 pede

134 2857 203 2895 pes
223 2845 443 2896 densusque
461 2847 547 2886 viro
566 2847 629 2885 vir
636 2843 666 2894 ';
678 2847 851 2895 idemque
865 2858 988 2895 glenus
1007 2859 1120 2896 saepe
1137 2849 1249 2887 multi
1267 2849 1384 2887 secuti
1402 2849 1503 2892 sunt,
1517 2858 1596 2885 non
1608 2848 1692 2886 sine

138 2906 304 2953 quodam
323 2906 544 2946 discrimine
562 2907 605 2945 in
622 2917 709 2953 usu,
729 2905 862 2952 Silius,
882 2906 1040 2952 Statius,
1059 2907 1202 2948 Livius
