2054 3282
564 169 905 208 ANDROMACHA
924 167 1266 204 AECHMALOTIS
1615 168 1636 209 1
1643 167 1695 208 31

897 288 948 323 IV

139 353 194 394 83
225 352 337 396 Nam
364 352 438 394 ubi
464 351 709 393 introducta
735 354 800 393 est
824 364 1088 406 puerumque
1114 352 1163 390 ut
1187 350 1377 391 laverent
1402 348 1547 391 locant

225 423 277 466 In
302 424 450 478 clypeo

903 502 936 538 V

780 574 1070 601 ANDBOMACHA

141 637 196 679 85
228 637 296 680 Ex
322 637 474 692 opibus
501 636 679 679 summis
706 636 799 691 opis
820 650 948 692 egens
974 620 1136 677 Hector
1160 636 1259 677 tuae

140 780 195 823 86
317 779 429 830 Quid
454 782 597 834 petam
622 778 809 833 praesidi
834 781 909 820 aut
935 793 1129 833 exequar,
1156 793 1294 833 quove
1319 792 1433 819 nunc

316 850 491 892 Auxilio
518 849 619 892 exili
646 852 719 891 aut
743 850 849 905 fuga
873 850 984 892 freta
1011 850 1123 891 sim?

141 923 195 964 88
317 921 427 964 Arce
453 924 496 964 et
520 921 625 963 urbe
652 921 756 963 orba
781 935 894 963 sum:
920 935 1005 976 quo
1032 921 1234 975 accidam,
1260 935 1345 975 quo
1372 919 1595 975 applicem,

258 1063 308 1098 IV
322 1064 394 1109 (83)
420 1062 564 1098 Nonius
583 1075 618 1109 p.
633 1066 712 1105 504,
727 1065 770 1097 15
787 1062 929 1097 ‘lavere
944 1062 1171 1107 (laverent
1190 1073 1280 1097 corr.
1296 1061 1379 1096 edd.
1393 1060 1438 1096 cf.
1452 1061 1575 1106 504,4)
1593 1059 1708 1095 etiam

140 1116 228 1152 inde
240 1116 416 1152 manavit.
425 1116 567 1151 Ennius
580 1116 843 1151 Andromacha
854 1116 1106 1162 (andromaca)
1116 1126 1225 1152 «nam
1242 1144 1247 1149 .
1262 1144 1268 1149 .
1284 1124 1514 1161 puerumque
1528 1114 1571 1159 (p
1578 1126 1604 1148 11
1612 1124 1631 1149 e
1638 1125 1656 1148 r
1663 1114 1708 1161 0]-

139 1181 326 1216 rumque
344 1169 472 1215 Wolf.)
492 1171 536 1205 ut
552 1170 720 1205 laverent
738 1169 762 1204 l.
778 1169 817 1204 in
836 1181 944 1217 cypeo
966 1169 1180 1215 (cipe0)».'

259 1224 292 1259 V
306 1225 377 1270 (85)
404 1223 530 1258 Cicero
544 1222 650 1259 Tusc.
663 1223 757 1269 disp.
769 1236 812 1258 111
827 1227 937 1267 19,44
954 1223 964 1240 ‘
975 1223 1230 1268 quaerendum
1242 1221 1359 1268 igitur
1373 1232 1484 1267 quem
1498 1221 1546 1256 ad
1556 1220 1709 1256 modum

141 1277 376 1324 aegritudine
401 1276 587 1322 privemus
613 1287 698 1311 eum
718 1276 782 1322 qui
801 1276 856 1311 ita
877 1276 979 1311 dicat
998 1276 1164 1323 [Thy-est.
1179 1276 1228 1322 x].
1252 1275 1353 1320 quid,
1373 1274 1462 1310 huic
1481 1274 1579 1310 calix
1597 1273 1709 1309 mulsi

141 1331 404 1377 impingendus
430 1332 496 1375 est,
516 1331 560 1365 ut
583 1330 730 1376 plorare
757 1330 914 1373 desinat,
942 1332 1007 1365 aut
1033 1329 1177 1374 aliquid
1203 1329 1281 1364 eius
1306 1328 1433 1363 modi?
1459 1339 1543 1363 ecce
1568 1327 1640 1362 tibi
1665 1338 1709 1362 ex

142 1384 260 1420 altera
284 1385 392 1430 parte
418 1384 466 1419 ab
492 1384 623 1420 eodem
647 1385 761 1429 poeta
781 1394 850 1421 «ex
869 1383 1002 1429 opibus
1019 1411 1025 1418 .
1043 1412 1049 1418 .
1066 1411 1072 1418 .
1088 1384 1198 1419 tuae»
1214 1383 1296 1428 (85).
1317 1382 1406 1417 huic
1431 1381 1626 1416 subvenire
1647 1381 1709 1416 de-

141 1438 287 1483 bemus3
309 1438 456 1484 quaerit
475 1437 575 1474 enim
595 1437 775 1473 auxilium
796 1437 910 1481 «quid
929 1438 1056 1483 petam
1075 1436 1256 1482 praesidii
1271 1437 1342 1481 (86)
1359 1463 1365 1470 .
1383 1464 1388 1470 .
1407 1464 1412 1470 .
1429 1435 1532 1470 exilii
1553 1464 1560 1470 .
1577 1464 1583 1470 .
1601 1463 1608 1470 .
1629 1446 1710 1471 arce

143 1605 278 1649 ἄνακτ’
296 1604 365 1648 ἀπ’
382 1607 547 1662 ὀρθίων,
560 1611 627 1649 sed
647 1622 710 1659 eqo
729 1612 859 1649 nostro
875 1621 985 1658 quem
1005 1610 1058 1648 ad
1069 1607 1387 1648 Andromacham
1400 1609 1596 1658 pertinere
1608 1621 1643 1646 v.
1654 1605 1707 1655 83

142 1670 259 1717 fidem
277 1670 374 1717 facit
397 1670 518 1708 iudici
535 1671 669 1718 potius
688 1667 925 1708 Achivorum
945 1670 1149 1708 eonsilium
1167 1667 1420 1717 Astyanactis
1445 1668 1492 1706 de
1516 1679 1628 1706 muro
1649 1668 1710 1705 dc-

142 1729 300 1767 iicieudi
314 1729 553 1774 crediderim,
567 1729 670 1767 velut
684 1729 911 1777 Talthybius
926 1728 1068 1767 Troad.
1081 1736 1101 1776 7
1111 1737 1130 1764 2
1140 1737 1162 1776 5
1179 1729 1337 1767 nuntiat
1352 1726 1469 1780 ῥῖψαι
1489 1724 1531 1766 δὲ
1550 1725 1712 1779 πύργων

145 1787 228 1828 δεῖν
248 1798 323 1839 σφε
343 1789 529 1841 Τρωικῶν
549 1785 627 1827 ἄπο
769 1789 822 1826 83
849 1800 1017 1838 puerum
1037 1789 1105 1838 qui
1125 1788 1151 1826 l.
1172 1787 1425 1836 Quicheratus
1545 1798 1712 1837 puerum

143 1848 320 1896 iutelliyit
337 1845 592 1898 Astyanacta,
611 1860 690 1887 riou
705 1849 912 1886 Molottum
931 1846 1230 1886 Andromachae
1250 1858 1294 1886 ex
1312 1846 1557 1895 Neoptolemo
1573 1848 1712 1885 uatum

264 1908 319 1946 84
340 1907 478 1957 clypeo
491 1906 643 1946 Aldina
760 1908 871 1946 Dicit
881 1907 1060 1946 Hectoris
1079 1908 1263 1956 clypeum,
1283 1908 1327 1946 iu
1346 1918 1418 1955 quo
1439 1907 1552 1945 coudi
1571 1895 1712 1954 corpus

138 1968 258 2016 pueri
270 1965 548 2006 Andromacha
563 1967 704 2006 Troad.
721 1976 735 2003 1
751 1976 765 2003 1
776 1976 914 2013 33—1
929 1977 943 2003 1
954 1976 1006 2013 42
1024 1960 1092 2020 (cf.
1108 1976 1122 2003 1
1137 1976 1152 2003 1
1163 1964 1228 2014 56.
1245 1976 1259 2002 1
1275 1976 1289 2002 1
1299 1975 1366 2015 93.
1388 1976 1402 2002 1
1415 1975 1434 2002 2
1445 1975 1464 2001 2
1474 1974 1494 2001 2
1494 1964 1516 2014 )
1531 1966 1711 2009 iusserat,

144 2027 213 2065 hoc
230 2037 374 2065 mimus
398 2028 504 2065 triste
522 2027 707 2065 Hecubae
729 2027 906 2074 linquens
925 2027 1018 2064 dum
1036 2027 1126 2074 ipsa
1137 2026 1402 2074 proficiscitur
1421 2027 1573 2063 coacta:
1591 2026 1635 2062 ut
1651 2024 1714 2062 in—

145 2085 330 2124 troducta
342 2085 506 2124 Hecuba
517 2086 663 2134 potius,
676 2096 756 2123 riou
767 2083 1046 2123 Andromacha
1064 2085 1142 2123 dici
1159 2085 1359 2131 videatusr,·
1378 2085 1424 2122 de
1444 2084 1612 2122 lavando
1633 2094 1713 2121 cor-

140 2156 238 2193 pore
252 2144 393 2183 Troad.
410 2154 424 2180 1
440 2153 454 2180 1
465 2152 487 2192 5
499 2154 513 2180 1
533 2145 601 2183 sed
613 2145 761 2183 diverse
773 2145 942 2192 refertur
1064 2144 1117 2182 85
1138 2143 1335 2183 Sententia
1346 2143 1592 2192 imperfecta:
1603 2142 1712 2181 iutel-

148 2205 280 2253 ligitur
298 2217 344 2243 ex
358 2204 497 2254 opibus
511 2204 673 2242 summis
686 2215 783 2242 voco
795 2205 858 2250 te,·
877 2204 923 2251 cf.
938 2203 1105 2242 Plautus
1117 2206 1270 2242 mercat.
1289 2213 1303 2239 1
1319 2213 1333 2239 1
1349 2213 1363 2239 1
1384 2216 1430 2241 ex
1450 2203 1612 2241 summis
1630 2203 1713 2252 opi-

146 2263 219 2303 bus
232 2264 460 2314 viribusque
472 2274 596 2313 usque
610 2264 795 2313 experire,
805 2264 942 2301 nitere.
959 2261 1017 2311 Of.
1027 2260 1216 2302 Androm.
1229 2270 1310 2311 523
1327 2256 1357 2301 ὦ
1370 2261 1484 2309 πόσις
1496 2260 1612 2309 πόσις
1629 2261 1715 2300 εἴθε

148 2321 223 2362 σὰν
236 2326 342 2376 χεῖρα
358 2321 424 2362 καὶ
439 2322 536 2376 δόρυ
556 2322 760 2375 σύμμαχον
778 2322 1009 2373 κτησαίμαν,
1023 2321 1209 2375 Πριάμου
1228 2324 1310 2361 παῖ’.
1328 2322 1469 2361 Troad.
1485 2319 1566 2369 587
1583 2322 1715 2360 eadem

148 2381 336 2421 Androm.
353 2381 500 2434 μόλοις,
513 2377 544 2421 ὦ
563 2381 690 2434 πόσις,
711 2396 777 2433 μοι
796 2387 866 2428 σᾶς
887 2381 1083 2433 δάμαρτος
1101 2379 1223 2433 ἄλκαρ
1328 2382 1499 2421 86--91
1521 2381 1715 2420 Numeros

150 2443 343 2481 coustituit
358 2442 571 2487 Bentleius,
593 2444 628 2480 et
645 2443 799 2480 creticos
823 2443 903 2479 sive
921 2453 1099 2489 paeorias
1121 2439 1252 2479 Cicero
1275 2442 1511 2489 siqnificavit
1527 2442 1620 2489 ipse.
1654 2439 1714 2488 Cf.

149 2503 191 2540 iii
207 2502 325 2540 simili
344 2503 531 2540 seiiteutia
551 2502 704 2540 creticos
717 2501 944 2539 Palaestrae
959 2502 1002 2538 iri
1014 2500 1148 2539 Plauti
1162 2501 1249 2539 rud.
1267 2499 1352 2547 664
1366 2513 1470 2539 nunc
1489 2500 1530 2538 id
1550 2501 1610 2538 est
1626 2512 1715 2538 cum

151 2561 326 2599 omnium
345 2562 548 2611 copiarum
568 2562 687 2610 atque
707 2573 827 2609 opum
847 2560 970 2598 auxili
988 2559 1161 2610 praesidi
1179 2559 1353 2599 viduitas
1375 2573 1447 2599 nos
1466 2561 1575 2598 tenet
1585 2573 1599 2605 ,·
1615 2560 1714 2597 Par-

150 2621 321 2659 daliscae
338 2622 382 2659 in
404 2619 534 2659 Oasin..
552 2618 634 2667 623
650 2620 781 2658 nescio
800 2619 903 2658 unde
924 2619 1046 2657 auxili
1064 2619 1238 2670 praesidi
1255 2620 1414 2671 perfugi
1431 2620 1487 2657 mi
1507 2620 1577 2657 aut
1596 2630 1716 2668 opum

151 2681 305 2729 copiam
324 2692 548 2730 comparem
568 2682 638 2718 aut
657 2681 838 2729 expetam
944 2679 1010 2717 Em
1026 2679 1235 2728 Euripidis
1248 2678 1527 2718 Andromacha
1546 2678 1716 2725 conferri

150 2741 318 2787 possunt
337 2748 568 2788 397—404
715 2739 768 2776 87
790 2739 908 2789 fugae
927 2738 1128 2777 Beutleius
1274 2739 1327 2777 88
1350 2739 1461 2777 salva
1480 2737 1575 2775 urbe
1597 2738 1715 2786 atque

153 2811 240 2836 aree
269 2797 460 2837 Caecilius
486 2809 499 2835 1
511 2797 564 2846 46
589 2800 636 2837 R.
647 2813 660 2845 ;
695 2798 806 2836 salva
837 2797 932 2835 urbe
965 2811 1130 2848 arceque
1157 2799 1200 2836 iu
1230 2798 1402 2845 formula
1428 2798 1580 2836 Paulus
1607 2795 1716 2834 Festi

151 2869 192 2904 p.
210 2855 277 2905 82,
293 2867 317 2906 9
334 2857 426 2905 Th„-
446 2858 495 2896 ad
515 2869 644 2896 arcem
666 2857 879 2906 urbemque
899 2858 1145 2896 retinendam
1167 2856 1242 2896 Cic.
1258 2858 1304 2896 de
1324 2857 1398 2895 div.
1413 2869 1444 2893 11
1460 2865 1527 2905 32,
1542 2854 1596 2903 69

155 2915 208 2954 88
224 2916 400 2955 accidam
409 2912 485 2964 (vel
498 2919 598 2965 quod
607 2917 708 2956 idem
721 2918 776 2955 est
787 2916 980 2961 accedam,
992 2917 1038 2965 cf.
1053 2912 1154 2970 247)
1169 2915 1219 2954 ad
1236 2928 1364 2967 genua
1380 2916 1520 2954 scilieet
1533 2909 1601 2968 (cf.
1613 2922 1663 2962 37
1673 2910 1716 2967 5)

1385 2981 1433 3015 9*
