2004 3278
713 164 972 199 ANNALIUM
997 164 1085 199 LIB.
1105 164 1156 199 VI
1531 164 1723 199 CLXXVII

157 278 431 317 Heracleensis
456 277 657 315 infelicem
683 278 834 315 exitum
861 277 911 316 ad
935 278 1177 327 praesidium
1196 277 1305 316 urbis
1324 279 1543 317 revocatur.
1571 277 1627 316 Of.
1650 278 1721 316 Zo-

156 350 272 376 naras
297 350 371 377 vm
391 338 416 374 4
436 349 473 386 p.
498 337 592 374 114.
619 337 715 375 Post
740 350 914 387 pugnam
933 337 1234 376 Heracleensem
1254 337 1427 387 Pyrrhus
1448 333 1721 387 ‘interemptos

156 398 346 436 cremavit
371 396 628 446 captivosque
653 395 907 447 indulgenter
931 396 1072 434 habuit
1098 398 1137 434 et
1162 397 1244 434 sine
1272 397 1399 447 pretio
1426 397 1603 435 restituit
1628 397 1720 435 mis-

156 458 287 506 sisque
312 455 456 506 legatis
481 454 523 492 in
548 455 685 493 urbem
712 455 818 493 omni
842 455 959 494 modo
992 455 1151 494 adnisus
1185 457 1245 494 est
1275 458 1322 494 ut
1353 456 1458 494 facto
1491 456 1646 494 foedere
1678 455 1721 493 in

159 515 375 554 amicitiam
400 512 666 563 reciperetur.'
694 515 752 552 Ex
777 515 851 553 hac
876 515 985 553 Flori
1013 509 1090 568 (ep.
1111 528 1126 552 1
1150 516 1215 564 13,
1238 510 1311 568 15)
1338 516 1564 554 narratione
1590 516 1720 565 proxi-

156 587 309 613 morum
334 575 648 625 fragmentorum
669 568 862 627 (x—xvl)
889 587 1031 612 nexum
1050 586 1379 624 progressumque
1399 575 1492 613 licet
1511 575 1642 613 animo
1662 576 1719 613 in-

156 634 337 672 formare.
370 633 428 671 Ac
459 633 505 671 fr.
533 646 558 670 x
586 632 778 671 Columna
809 633 954 682 multa,
986 633 1033 671 de
1066 646 1144 682 qua
1175 634 1279 671 infra
1312 634 1484 672 delibavi
1516 635 1721 683 quaedam,

158 694 337 732 doctrina
369 693 603 741 illustravit,
633 705 710 741 quo
742 693 986 742 pertinerent
1010 705 1146 731 versus
1172 705 1243 730 nec
1267 693 1351 742 ipse
1377 706 1448 731 nec
1472 693 1626 731 Merula
1652 695 1722 731 aut

158 753 286 791 editor
311 752 527 802 Lipsiensis
553 752 766 801 persensit,
792 751 839 788 de
866 752 988 790 classe
1015 751 1120 789 enim
1146 752 1216 790 sub
1242 752 1401 790 initium
1424 752 1518 790 belli
1538 752 1678 791 Punici
1699 765 1722 790 a

156 813 345 850 Romanis
379 812 577 849 exstructa
609 811 804 861 cogitant,
837 823 958 860 quare
990 811 1163 859 Merula,
1195 812 1261 860 qui
1293 825 1317 850 a
1348 812 1535 861 septimo,
1567 825 1645 850 non
1678 814 1722 850 ut

157 870 349 909 Columna
376 884 398 908 a
425 872 545 920 sexto,
572 883 617 908 ea
641 870 746 908 bella
771 870 942 920 incipere
975 871 1129 919 statuit,
1155 872 1309 909 mutato
1336 884 1498 909 numero
1524 872 1720 922 fragmen-

157 932 244 968 tum
269 932 311 968 in
337 943 426 968 eum
445 929 589 967 librum
609 929 826 968 transtulit.
855 929 940 975 Quo
962 929 1057 979 quid
1077 930 1228 967 Ennius
1250 931 1459 980 exornarit,
1483 932 1615 980 potuit
1634 944 1721 969 cum

156 990 189 1027 is
211 1003 326 1039 quem
346 990 428 1039 ipse
449 991 603 1027 secutus
625 990 683 1026 est
701 989 896 1027 Homerus
915 991 1001 1027 tum
1020 989 1165 1038 reliqui
1186 990 1253 1039 qui
1268 990 1393 1027 simile
1408 1002 1594 1029 versuum
1608 1003 1720 1028 orna-

156 1051 334 1087 mentum
359 1048 624 1086 adhibuerunt
648 1050 790 1098 poetae
816 1050 1054 1099 posteriores
1087 1048 1235 1087 docere.
1265 1049 1406 1098 Itaque
1437 1049 1633 1087 Homerus
1666 1049 1722 1088 ait

157 1108 212 1146 ibi
238 1108 304 1146 ubi
330 1110 372 1146 in
403 1108 539 1146 funere
565 1107 741 1146 Patrocli
772 1109 953 1147 versatur
978 1102 1044 1161 (11.
1064 1121 1165 1146 xxm
1188 1103 1291 1162 114)
1325 1108 1366 1147 οἵ
1394 1103 1430 1146 δ’
1466 1108 1555 1147 ἴσαν
1587 1107 1723 1147 ὑλοτό-

158 1182 257 1219 μους
282 1165 462 1214 πελέκεας
486 1166 530 1205 ἐν
554 1166 683 1219 χερσὶν
710 1165 859 1219 ἔχοντες
880 1167 1009 1220 σειράς
1028 1162 1056 1206 τ’
1080 1166 1322 1214 εὐπλέκτους·
1345 1166 1420 1219 πρὸ
1442 1168 1464 1206 δ
1472 1168 1481 1184 ’
1501 1163 1559 1219 ἄρ’
1582 1167 1723 1220 οὐρῆες

158 1226 246 1266 κίον
279 1226 426 1265 αὐτῶν·
459 1225 582 1266 πολλὰ
614 1221 650 1265 δ’
685 1224 836 1266 ἄναντα
865 1226 1036 1266 κάταντα
1067 1226 1247 1279 πάραντά
1278 1241 1316 1265 τε
1348 1226 1488 1279 δόχμιά
1519 1223 1546 1265 τ’
1580 1222 1721 1279 ἦλθον.

157 1281 239 1324 ἀλλ’
275 1285 336 1325 ὅτε
368 1284 416 1336 δὴ
449 1285 626 1337 κνημοὺς
657 1284 856 1339 προσέβαν
887 1286 1156 1332 πολυπίδακος
1185 1283 1316 1337 Ἴδης,
1354 1281 1476 1325 αὐτίκ’
1510 1283 1586 1339 ἄρα
1626 1286 1722 1339 δρῦς

159 1344 386 1397 ὑψικόμους
410 1345 595 1396 ταναήκει
621 1348 747 1400 χαλκῷ
773 1345 922 1396 τάμνον
943 1344 1201 1397 ἐπειγόμενοι·
1228 1344 1289 1384 ταὶ
1309 1343 1350 1384 δὲ
1370 1345 1515 1398 μεγάλα
1534 1344 1721 1385 κτυπέου-

158 1416 222 1444 σαι
253 1408 398 1444 πῖπτον
429 1407 506 1443 κτλ.
542 1404 625 1450 Quo
654 1405 819 1444 artificio
845 1405 906 1443 bis
932 1417 1024 1443 usus
1052 1407 1111 1443 est
1136 1405 1349 1456 Vergilius,
1376 1407 1415 1443 et
1441 1406 1487 1443 de
1518 1406 1723 1454 sepultura

156 1465 298 1503 Miseni
323 1465 419 1502 Aen.
440 1477 483 1503 VI
505 1466 600 1515 179,
634 1477 751 1513 quem
783 1465 914 1503 locum
946 1477 1033 1502 cum
1067 1464 1260 1503 Ennianis
1291 1464 1467 1503 versibus
1499 1465 1722 1503 Macrobius

160 1523 242 1562 Sat.
262 1537 304 1563 VI
326 1525 364 1572 2,
386 1525 438 1561 27
468 1524 702 1573 composuit,
728 1525 767 1562 et
793 1524 839 1561 de
865 1537 961 1574 rogo
988 1524 1184 1562 Pallantis
1211 1518 1327 1576 (Aen.
1347 1537 1389 1561 XI
1411 1518 1533 1576 134):
1558 1536 1633 1572 per
1657 1525 1723 1563 sil-

156 1595 227 1621 vas
262 1584 399 1622 Teucri
429 1584 612 1631 mixtique
642 1585 789 1631 inpune
819 1583 960 1622 Latini
991 1595 1167 1622 erravere
1197 1585 1312 1632 iuyis.
1350 1585 1454 1632 ferro
1490 1586 1604 1622 sonat
1642 1584 1724 1622 alta

159 1643 316 1690 bipenni
339 1644 541 1690 fraxinus,
574 1645 745 1680 evertunt
769 1645 876 1681 actas
909 1643 961 1681 ad
990 1643 1122 1681 sidera
1146 1645 1288 1691 pinus,
1319 1644 1460 1681 robora
1490 1655 1559 1681 nec
1593 1645 1723 1681 cuneis

157 1704 190 1740 et
221 1703 380 1740 olentem
409 1702 582 1740 scindere
614 1702 770 1740 cedrum
800 1714 869 1741 nec
892 1703 1087 1750 plaustris
1119 1705 1270 1741 cessant
1304 1705 1453 1741 vectare
1487 1703 1723 1751 gementibus

159 1772 284 1799 ornos.
310 1761 448 1810 Neque
474 1761 523 1798 ab
550 1774 596 1799 ea
620 1762 748 1799 forma
773 1763 997 1811 principum
1022 1764 1230 1811 poetarum
1255 1774 1328 1800 usu
1349 1763 1463 1811 quasi
1483 1763 1633 1800 sancita
1654 1764 1724 1800 aut

161 1819 281 1858 Silius
301 1833 327 1857 x
349 1821 431 1858 529
459 1820 506 1858 de
532 1820 694 1858 Aemilii
719 1821 833 1859 Pauli
861 1816 1090 1874 (sparsoque
1107 1823 1350 1869 propinquos
1376 1823 1529 1870 aymine
1552 1824 1723 1869 proster-

157 1883 257 1918 nunt
280 1880 396 1924 lucos,
421 1883 534 1918 sonat
558 1883 645 1918 acta
671 1875 828 1928 bipenni
853 1881 1050 1929 frondosis
1074 1881 1177 1919 silva
1202 1882 1284 1919 alta
1307 1882 1410 1929 iuyis
1431 1875 1518 1933 eqs)
1546 1883 1615 1919 aut
1636 1881 1722 1919 Sta-

158 1939 238 1977 tius
268 1939 467 1977 Thebaide
486 1952 528 1978 v1
550 1941 604 1978 90
634 1939 682 1977 de
707 1939 937 1978 Archemori
965 1940 1102 1977 funere
1135 1935 1338 1993 (sternitur
1369 1941 1551 1988 extemplo
1583 1943 1723 1979 veteres

158 1999 350 2037 incaedua
380 2000 484 2046 ferro
514 2000 616 2037 silva
647 2010 775 2037 eomas
800 1994 888 2050 eqs)
921 1999 1089 2037 deflexit.
1120 1999 1261 2048 Itaque
1290 1999 1371 2037 noli
1404 1999 1595 2048 dubitare,
1628 1999 1723 2048 quin

161 2057 279 2095 Ennii
307 2071 462 2107 quoque
488 2070 623 2096 versus
649 2058 710 2095 illi
736 2059 786 2095 ad
806 2071 946 2108 rogum
965 2059 1008 2095 in
1028 2071 1071 2095 eo
1092 2058 1242 2106 proelio
1264 2071 1466 2096 caesorum
1485 2059 1722 2107 pertineant,

161 2129 258 2165 quos
284 2116 458 2166 Pyrrhus
484 2118 568 2155 tam
594 2129 683 2155 suos
711 2130 829 2166 quam
854 2117 1051 2155 Romanos
1078 2118 1318 2155 concremari
1342 2117 1468 2155 iussit.
1498 2117 1553 2155 Cf.
1581 2118 1721 2156 Florus

160 2176 185 2213 l.
205 2175 231 2212 1.
257 2177 500 2223 interemptos
526 2178 709 2214 cremavit
735 2177 774 2213 et
798 2176 1013 2225 Eutropius
1032 2188 1064 2213 11
1087 2178 1136 2213 11
1160 2187 1289 2215 caesos
1313 2177 1495 2224 sepelivit.
1521 2176 1617 2215 Post
1636 2190 1723 2215 eam

159 2247 335 2285 pugnam
354 2234 529 2284 Pyrrhus
555 2235 851 2273 memorabilem
878 2247 997 2284 quam
1018 2233 1179 2274 Orosius
1199 2248 1241 2275 1v
1263 2238 1299 2285 1,
1323 2237 1376 2273 14
1397 2236 1645 2275 conservavit
1663 2237 1722 2274 in-

159 2295 414 2343 scriptionem
441 2289 518 2348 (XI)
547 2295 587 2331 in
613 2295 763 2343 templo
790 2294 896 2333 Iovis
922 2294 1128 2332 Tarentini
1154 2295 1292 2333 affixit.
1328 2295 1431 2333 Dein
1457 2296 1593 2346 legati,
1618 2296 1723 2334 inter

162 2365 260 2402 quos
281 2353 497 2402 Fabricius,
523 2354 569 2391 de
589 2354 826 2392 redimendis
847 2353 1014 2403 captivis
1035 2354 1086 2391 ad
1105 2354 1301 2404 Pyrrhum
1320 2356 1551 2393 mittuntur:
1577 2355 1723 2393 redditi

162 2412 244 2450 sine
275 2413 403 2462 pretio
430 2407 526 2466 (ΧΠ)
554 2409 755 2451 ‘redinunt
784 2413 826 2450 in
851 2409 1053 2462 patriam',
1084 2415 1129 2451 ut
1164 2414 1220 2452 ait
1245 2414 1398 2452 Ennius
1425 2409 1509 2468 (lib.
1536 2415 1610 2453 inc.
1637 2410 1721 2468 xv),

163 2484 404 2521 quamquam
430 2473 477 2509 de
504 2472 586 2510 eius
614 2473 703 2510 sede
722 2472 906 2511 versiculi
925 2472 1025 2510 nihil
1045 2472 1198 2511 affirmo
1220 2473 1488 2512 confidentius.
1515 2473 1721 2512 Liberatos

162 2532 294 2569 autem
320 2531 402 2569 sine
427 2532 555 2581 pretio
582 2533 760 2582 captivos
786 2531 922 2570 Livius
949 2544 1117 2581 quoque,
1149 2532 1261 2570 cuius
1287 2534 1463 2571 narratio
1491 2546 1511 2571 e
1536 2534 1722 2583 periocha

161 2589 227 2627 lib.
249 2603 333 2640 xm,
360 2603 379 2628 e
404 2591 522 2629 Floro
550 2587 583 2644 (Ι
605 2593 671 2640 13,
695 2586 781 2644 15),
806 2591 1000 2640 Eutropio
1022 2586 1070 2644 (11
1093 2586 1179 2645 12),
1198 2592 1360 2631 Aurelio
1381 2593 1541 2631 Victore
1563 2587 1628 2645 (de
1648 2593 1719 2631 vir.

162 2649 216 2686 ill.
240 2644 314 2702 35)
341 2650 532 2700 hauritur,
565 2653 605 2688 et
630 2650 798 2688 Dionem
832 2651 986 2689 secutus
1013 2650 1186 2690 Zonaras
1206 2665 1279 2691 v111
1300 2653 1325 2689 4
1346 2666 1383 2702 p.
1407 2653 1488 2689 116
1515 2651 1719 2701 perhibue-

165 2710 268 2746 runt.
297 2707 443 2747 Contra
469 2709 696 2759 Dionysius,
722 2710 754 2748 si
776 2710 935 2759 quidem
961 2709 1009 2747 ab
1036 2712 1117 2748 eius
1144 2711 1380 2749 auctoritate
1406 2711 1614 2760 Appianus
1641 2722 1719 2748 exc.

165 2767 296 2805 Samn.
315 2770 368 2805 10
381 2782 418 2817 p.
436 2770 502 2818 41,
527 2770 578 2807 15
591 2770 641 2806 M.
663 2771 703 2806 et
721 2768 957 2807 Plutarchus
971 2769 1114 2819 Pyrrhi
1129 2782 1158 2808 c.
1175 2771 1241 2819 20,
1260 2771 1282 2808 5
1305 2771 1488 2819 pendent,
1508 2771 1566 2807 ita
1585 2769 1719 2817 tradit,

163 2839 242 2864 non
273 2827 497 2876 redemptos
529 2840 610 2867 esse
643 2829 839 2877 captivos,
871 2827 940 2866 sed
971 2829 1021 2866 ad
1047 2828 1274 2867 Saturnalia
1303 2831 1461 2867 tantum
1487 2827 1721 2866 celebranda

164 2897 252 2923 cum
275 2886 418 2936 legatis
444 2887 612 2925 Romam
636 2888 782 2926 redisse
809 2900 853 2926 eo
878 2889 1008 2937 pacto,
1033 2890 1078 2926 ut
1103 2885 1179 2927 nisi
1204 2888 1355 2927 interea
1380 2900 1456 2937 pax
1483 2899 1506 2925 a
1531 2887 1720 2926 Romanis

235 2957 387 2984 Ennnxs
408 2959 454 2985 ed.
473 2959 600 2985 Vahlen.
1470 2965 1507 2987 m
