2004 3278
229 180 341 217 CXIV
783 180 809 215 Ι.
836 179 1064 216 HISTORIA
1082 179 1221 216 ENNH

230 305 301 333 ora
325 295 499 332 ommium
521 293 650 331 volitet
673 291 847 331 Enniani
872 292 1170 343 epigrammatis
1194 304 1346 331 memor
1370 293 1518 343 scribit,
1551 305 1640 332 cum
1665 294 1699 332 is
1726 290 1792 343 [11]

230 353 278 391 de
303 365 344 391 se
369 352 476 390 dicat
499 352 614 390 vobtto
638 353 745 390 vivos
762 363 839 400 per
862 363 934 390 ora
957 353 1098 390 vtrwm.
1135 351 1245 390 Haec
1269 353 1394 403 igitur
1417 354 1587 402 sparsim
1619 354 1666 390 ut
1694 352 1793 390 dixi.

234 424 258 449 a
283 414 391 450 sexto
419 413 552 449 autem
578 410 851 450 Saturnalium
881 411 983 449 libro
1014 412 1145 449 totum
1175 410 1355 450 θνυλακον
1383 423 1568 451 versuum
1593 411 1794 450 Enniano-

229 484 317 508 rum
348 471 529 508 excutere
555 471 695 520 coepit.
722 470 1061 516 Quemadmodum
1086 471 1192 508 enim
1215 470 1259 508 in
1284 471 1423 520 quinto
1449 483 1495 509 ex
1520 470 1685 509 Homeri
1711 482 1794 509 car-

231 529 402 568 minibus
429 529 525 579 quid
551 531 821 579 quantumque
842 529 1043 581 Vergilius
1069 542 1183 568 suum
1207 529 1347 567 fecerit
1371 531 1558 580 exemplis
1580 531 1794 580 propositis

231 588 356 638 docet,
380 590 440 627 ita
464 589 507 626 in
532 590 641 627 sexto
669 590 819 638 quanta
842 601 935 639 pars
961 588 1180 627 carminum
1204 588 1375 639 Vergilii
1400 589 1451 627 ad
1482 590 1692 638 scriptores
1717 589 1794 627 Ro-

230 660 367 686 manos
400 649 617 698 superioris
649 649 738 687 aevi
768 649 904 692 redeat
940 649 1150 698 explanare
1186 648 1330 686 studet.
1368 647 1479 686 Inter
1513 660 1612 697 quos
1644 647 1795 686 Ennius

231 707 453 758 principem
477 707 609 746 locum
635 707 798 746 obtinet.
824 707 872 746 In
899 720 977 757 qua
995 720 1037 745 re
1058 721 1103 746 ex
1123 719 1169 745 eo
1188 707 1452 757 proficiscitur
1470 702 1532 760 (VI
1554 702 1610 760 1),
1635 709 1681 745 ut
1698 701 1794 745 Ver-

232 766 322 817 gilii
347 778 507 806 causam
534 769 638 818 agat,
665 767 771 816 quod
795 768 838 805 in
863 767 1103 806 carminibus
1129 767 1210 805 suis
1229 767 1375 805 totiens
1395 767 1534 805 alienis
1554 778 1647 804 usus
1666 767 1730 815 sit,
1754 766 1797 804 id

233 827 338 864 enim
365 839 455 864 cum
481 827 581 864 alios
601 826 739 865 fecisse
758 828 843 864 tum
862 826 1086 875 Afranium,
1107 827 1175 876 qui
1193 826 1235 864 id
1254 838 1294 865 se
1313 826 1450 865 fecisse
1470 826 1597 865 fassus
1617 826 1680 875 sit,
1699 825 1795 863 Ver-

235 885 377 935 gilium
409 887 541 923 autem
572 886 765 924 nonnulla
794 886 836 924 in
868 898 967 935 opus
998 898 1111 925 suum
1144 885 1250 935 quod
1280 887 1440 924 aeterno
1477 897 1708 924 mansurum
1744 886 1797 923 sit

229 944 504 982 transferendo
543 945 716 983 effecisse
753 958 801 983 ne
833 946 993 983 omnino
1025 945 1216 983 memoria
1249 946 1428 983 veterum
1459 944 1671 993 deleretur,
1703 955 1797 992 quos

229 1014 309 1041 non
331 1004 457 1042 solwm
487 1004 619 1053 inquit
647 1004 833 1053 ueylectwi
857 1016 992 1043 verwm
1023 1005 1138 1043 etiam
1168 1005 1271 1043 risui
1301 1004 1439 1043 habere
1469 1005 1551 1043 iam
1582 1005 1794 1052 coepimus:

235 1075 335 1112 quae
362 1064 536 1102 extrema
561 1064 731 1102 maxime
751 1064 924 1101 Ennium
949 1066 1112 1115 tangere
1137 1063 1332 1102 videntur.
1358 1062 1531 1114 Largam
1557 1065 1690 1101 autem
1714 1075 1796 1100 ma-

230 1123 373 1160 teriam
405 1123 464 1160 ita
494 1121 715 1172 distribuit,
746 1125 793 1161 ut
819 1117 878 1175 (vl
902 1125 937 1172 1,
961 1118 1004 1176 7)
1034 1123 1138 1162 dicat
1160 1124 1338 1171 primum
1363 1133 1457 1171 quos
1481 1116 1720 1176 (Vergilius)
1747 1122 1796 1160 ab

231 1181 323 1220 aliis
348 1183 469 1220 traxit
491 1182 551 1220 vel
575 1194 620 1220 ex
645 1182 807 1221 dimidio
831 1184 895 1221 sui
919 1194 1053 1221 versus
1077 1183 1137 1221 vel
1154 1194 1282 1230 paene
1305 1182 1465 1226 solidos,
1488 1184 1581 1229 post
1603 1181 1671 1220 hoe
1698 1182 1797 1219 locos

231 1241 399 1289 inteqros
425 1253 512 1279 ewm
529 1253 662 1289 parva
687 1242 859 1289 quadam
882 1243 1148 1280 immutatione
1173 1241 1382 1279 translatos
1405 1252 1587 1279 sensusve
1611 1241 1668 1279 ita
1691 1243 1798 1279 trau-

230 1301 404 1348 seriptos,
429 1302 473 1338 ut
495 1301 599 1339 umde
624 1303 747 1339 essent
765 1301 935 1346 eluceret,
959 1303 1180 1339 immutatos
1200 1301 1309 1345 altos,
1334 1303 1378 1338 ut
1395 1303 1523 1338 tamen
1541 1301 1647 1349 oriqo
1668 1310 1798 1338 eorum

230 1369 310 1396 nou
333 1360 598 1408 mmor-aretur,
622 1362 714 1408 post
738 1361 830 1399 haec
855 1360 1047 1408 quaedam
1072 1360 1117 1398 de
1141 1360 1220 1404 his,
1251 1371 1350 1407 quae
1374 1360 1423 1398 ab
1449 1360 1618 1398 Homero
1642 1361 1798 1407 sumpta

232 1420 334 1463 sumt,
359 1419 534 1457 ostendat
556 1430 635 1457 uon
659 1420 790 1467 ipsum
815 1420 863 1458 ab
883 1420 1053 1458 Homero
1072 1419 1204 1458 tulisse
1221 1419 1289 1457 sed
1300 1420 1419 1466 prius
1439 1419 1536 1457 alios
1559 1419 1649 1457 iude
1666 1429 1798 1466 sump-

231 1478 344 1522 sisse,
374 1479 407 1516 et
431 1479 533 1516 huuc
558 1479 606 1516 ab
631 1479 724 1523 ulis,
749 1490 842 1527 quos
866 1480 950 1518 siue
975 1479 1092 1517 dubio
1118 1479 1270 1527 lege-rat,
1295 1478 1550 1516 transtulisse.
1587 1477 1661 1516 His
1686 1489 1798 1527 prae-

234 1536 363 1575 missis
389 1537 550 1575 initium
574 1537 673 1575 facit
699 1537 747 1575 ab
773 1538 895 1576 Ennii
919 1537 1108 1587 versibus,
1135 1550 1304 1587 quorum
1329 1538 1471 1586 cuique
1490 1537 1603 1575 nulla
1622 1537 1798 1586 disputa-

232 1597 340 1634 tione
360 1595 516 1634 adiecta
535 1608 650 1635 suum
667 1599 892 1646 praemittit
911 1598 1131 1647 exemplum
1144 1596 1437 1648 Vergilianum3
1458 1598 1498 1634 et
1516 1597 1559 1634 in
1576 1597 1651 1634 hac
1669 1597 1800 1645 prima

232 1656 345 1704 parte
372 1649 440 1708 (ab
461 1656 486 1693 8
508 1655 559 1693 ad
579 1650 654 1709 24)
679 1658 837 1695 tantum
863 1657 1068 1695 annalium
1092 1668 1228 1694 versus
1255 1668 1344 1693 cum
1368 1655 1612 1706 Vergilianis
1641 1667 1798 1704 compo-

236 1715 308 1764 nit,
334 1715 509 1765 integros
535 1726 688 1764 semper
714 1718 784 1754 aut
808 1729 930 1754 unum
954 1717 1023 1754 aut
1041 1715 1139 1754 duos
1158 1716 1279 1752 etiam
1299 1716 1344 1752 ut
1363 1715 1558 1752 sententia
1579 1716 1799 1763 appareret,

234 1785 306 1811 nec
316 1786 507 1823 umquam
519 1774 597 1812 nisi
610 1773 809 1824 adscripto
822 1775 1025 1813 annalium
1038 1774 1139 1812 libro
1154 1775 1264 1812 velut
1278 1775 1302 1811 8
1317 1775 1479 1812 vertitur
1490 1775 1638 1813 interea
1651 1774 1799 1812 caelum

236 1835 270 1871 et
292 1834 375 1871 ruit
399 1844 538 1872 oeeauo
568 1844 646 1871 ηοω
671 1828 787 1886 (Aen.
806 1847 838 1872 11
859 1829 975 1887 250).
1005 1835 1164 1872 Ennius
1188 1835 1232 1872 iu
1256 1834 1355 1871 libro
1379 1836 1481 1872 seoeto
1508 1829 1643 1884 [xvm]
1672 1830 1799 1871 ‘verti-

233 1895 298 1930 tur
315 1893 463 1931 iuterea
482 1893 631 1931 eaelum
650 1905 737 1931 cum
754 1894 972 1942 iuqentibus
990 1890 1139 1943 siquis?
1169 1891 1306 1931 Certus
1326 1892 1421 1930 ordo
1441 1891 1632 1930 librorum
1651 1892 1799 1930 Ennia-

233 1964 375 1989 norum
400 1964 479 1990 non
505 1953 743 2003 agnoscitur,
770 1965 1012 2002 quamquam
1038 1952 1106 1990 ubi
1131 1953 1200 1990 uni
1225 1953 1357 1990 versui
1376 1951 1547 2002 Vergilii
1568 1951 1700 2000 plures
1721 1951 1798 1989 En-

234 2009 344 2048 niani
375 2010 654 2060 subiiciuntur‚
686 2011 728 2049 hi
759 2024 830 2050 sua
861 2013 960 2050 serie
992 2024 1034 2051 se
1065 2011 1283 2061 excipiunt,
1314 2011 1424 2049 velut
1451 2012 1474 2049 9
1502 2022 1613 2049 amem
1642 2011 1799 2049 humero

234 2072 381 2118 torquet
409 2070 528 2109 stellis
560 2071 784 2110 ardentibus
812 2074 947 2120 aptum
977 2065 1093 2124 (Aen.
1114 2083 1157 2110 1v
1177 2065 1292 2124 482).
1326 2070 1485 2108 Ermius
1516 2071 1560 2108 iu
1577 2071 1711 2118 primo
1732 2100 1740 2107 .
1762 2100 1769 2107 .
1791 2100 1799 2107 .

236 2132 270 2168 et
292 2130 337 2168 in
361 2130 469 2168 tertio
484 2159 493 2168 .
509 2159 517 2167 .
533 2160 540 2167 .
559 2131 603 2168 in
628 2130 784 2175 decimo,
810 2133 880 2169 aut
899 2144 944 2169 ex
965 2131 1101 2169 eodem
1121 2130 1325 2168 annalium
1343 2128 1446 2167 libro
1466 2129 1647 2179 deinceps
1667 2129 1799 2179 plures

234 2200 370 2227 versus
395 2190 609 2239 ponuntur,
634 2191 679 2228 ut
710 2190 869 2229 Ennius
894 2192 937 2229 iu
954 2192 1087 2239 primo
1112 2190 1321 2239 quinquies
1349 2183 1434 2242 (11.
1459 2190 1524 2226 12.
1548 2189 1612 2226 13.
1637 2189 1702 2227 14.
1727 2183 1798 2240 15)

238 2248 444 2297 repetitur,
469 2249 533 2286 vel
558 2260 599 2287 se
624 2248 718 2287 libri
743 2262 813 2288 suo
839 2249 975 2288 ordine
1002 2250 1214 2299 excipiunt,
1238 2250 1286 2286 ut
1314 2249 1366 2285 16
1388 2248 1546 2286 Ermius
1570 2249 1614 2286 iu
1633 2249 1740 2286 tertio
1762 2277 1770 2285 .
1791 2277 1800 2285 .

239 2309 291 2344 17
319 2306 369 2345 E.
399 2308 443 2346 iu
473 2310 610 2356 quarto
638 2339 644 2345 .
672 2338 679 2345 .
714 2303 796 2361 (cui
833 2309 1022 2347 adhaeret
1052 2311 1087 2347 et
1114 2310 1159 2347 in
1188 2310 1290 2346 sexto
1322 2301 1558 2359 decimo...)
1595 2307 1647 2344 18
1675 2307 1725 2344 E.
1756 2308 1801 2345 iu

236 2369 340 2404 sexto
361 2396 368 2403 .
391 2396 397 2403 .
428 2368 479 2405 19
507 2367 557 2405 E.
577 2368 620 2405 in
643 2369 802 2415 septimo
824 2398 831 2405 .
854 2398 862 2406 .
891 2370 945 2407 20
972 2368 1021 2406 Ε.
1046 2369 1091 2406 iu
1115 2370 1245 2406 octavo
1266 2396 1274 2404 .
1296 2396 1303 2403 .
1332 2367 1383 2404 21
1412 2366 1463 2403 Ε.
1488 2367 1532 2404 in
1555 2367 1714 2414 septimo
1739 2365 1801 2404 de-

238 2426 335 2463 cimo
356 2455 364 2463 .
387 2455 395 2463 .
415 2455 423 2463 .
456 2425 534 2464 Sed
565 2427 646 2464 alia
677 2427 930 2478 refragantur
955 2440 1026 2466 nec
1049 2427 1215 2477 possunt
1240 2425 1373 2463 omnia
1398 2424 1450 2463 ad
1473 2437 1598 2462 unum
1623 2424 1800 2463 ordinem

237 2484 427 2523 revocari.
467 2484 633 2535 Sumpta
665 2487 797 2524 autem
829 2488 923 2525 sunt
953 2487 1049 2525 haec
1081 2485 1259 2535 exempla
1290 2496 1336 2522 ex
1360 2484 1422 2522 his
1448 2484 1653 2522 annalium
1676 2483 1801 2532 libris,

237 2544 367 2592 primo
393 2556 471 2592 seX,
501 2545 621 2583 tertio
647 2544 737 2594 duo,
771 2547 912 2595 quarto
937 2559 1072 2594 unum,
1103 2545 1212 2584 sexto
1238 2544 1438 2593 quattuor,
1471 2543 1638 2592 septimo
1666 2556 1801 2591 unum,

239 2603 379 2641 octavo
406 2602 495 2651 duo,
527 2603 676 2642 decimo
703 2605 743 2642 et
773 2604 1004 2643 duodecimo
1036 2604 1204 2656 singula,
1236 2603 1385 2641 decimo
1417 2604 1526 2640 sexto
1559 2603 1598 2640 et
1632 2602 1800 2652 septimo

239 2660 344 2699 bina.
383 2661 516 2711 Atque
546 2662 687 2701 horum
719 2675 904 2702 versuum
934 2665 1051 2715 longe
1082 2664 1296 2702 maximam
1325 2662 1480 2711 partem
1505 2662 1575 2699 uni
1599 2660 1800 2700 Macrobio

241 2721 444 2770 acceptam
468 2721 641 2770 ferimus,
667 2734 756 2760 cum
778 2721 936 2762 Servius
962 2724 1025 2762 vel
1044 2724 1086 2761 in
1106 2722 1357 2772 apertissima
1375 2720 1635 2759 simiJitudine
1653 2720 1800 2758 Ennia-

239 2791 381 2818 norum
406 2780 673 2830 exemplorum
697 2782 905 2821 immemor
928 2782 1059 2821 fuerit.
1091 2781 1214 2820 Velut
1237 2780 1289 2818 ad
1312 2778 1410 2818 Aen.
1430 2792 1476 2817 111
1497 2780 1580 2817 587
1608 2782 1642 2817 et
1666 2779 1801 2817 lwnam

239 2839 283 2877 ‘bn
312 2839 442 2877 nimbo
471 2850 549 2878 uox
578 2840 804 2889 intempesta
834 2842 982 2880 tenebat
1005 2841 1126 2880 Ennii
1156 2852 1313 2879 versum
1343 2851 1388 2877 ex
1419 2839 1547 2888 primo
1576 2836 1681 2888 [1,111]
1714 2850 1802 2877 cum

239 2909 424 2946 superum
448 2898 577 2938 lumen
601 2910 678 2938 nox
695 2901 920 2949 intempesta
938 2903 1078 2940 teneret
1095 2901 1201 2939 solus
1220 2898 1442 2937 Macrobius
1464 2891 1558 2952 (14)
1579 2897 1802 2948 adscripsit,
