2004 3278
540 192 751 229 SERVIUS.
791 194 993 231 SCHOLIA
1018 197 1284 234 VERGILIAN
1286 200 1318 234 A
1628 202 1706 238 CXI

148 305 277 349 melos,
303 316 403 353 quae
428 304 549 342 verba
575 317 621 342 ex
647 308 786 344 octavo
813 309 1014 346 annalium
1036 304 1153 363 (xxv)
1181 312 1304 349 citata
1326 312 1516 361 putabam
1535 313 1586 351 ad
1604 314 1707 352 Mar-

150 364 240 402 celli
264 364 512 413 triumphum
538 376 572 401 a.
594 364 677 402 543
704 366 843 403 referri
867 379 998 416 posse,
1032 370 1070 405 et
1101 382 1147 406 ex
1179 382 1266 407 ann.
1293 371 1359 408 lib.
1389 372 1462 409 inc.
1490 385 1590 410 xxm
1621 385 1707 412 cum

149 435 175 461 a
200 434 350 461 carcere
373 424 455 471 fusi
482 422 634 461 Currus
658 435 745 461 cum
768 427 898 463 sonitu
915 438 1055 474 mayno
1066 430 1286 475 permittere
1305 433 1459 475 certant,
1485 432 1553 479 qui
1571 444 1705 470 versus

152 482 317 531 pulcher
342 494 430 519 cum
456 482 581 520 altero
603 476 736 535 (XXIV)
765 485 994 523 coniunctus
1021 487 1084 523 cui
1109 488 1198 524 usui
1224 488 1328 536 apud
1347 489 1518 527 Ennium
1543 491 1706 529 inservi-

150 542 226 579 erit
257 541 413 579 collatis
445 540 688 591 Vergilianis
720 543 762 579 in
794 543 881 581 adn.
914 543 1114 582 declarare
1145 546 1289 584 studui.
1334 547 1481 592 Quibus
1517 550 1706 588 accedunt

149 600 285 638 eadem
315 599 391 638 fide
421 600 573 638 tradita
604 600 724 638 verba
755 601 876 638 Ennii
909 597 1015 655 (ann.
1042 602 1107 642 lib.
1134 605 1208 643 inc.
1231 600 1381 658 cxxxv)
1415 607 1462 644 ab
1494 607 1604 646 laeva
1634 611 1705 647 rite

140 660 362 707 probatum.

267 718 511 756 Veronensia
543 719 695 757 scholia
726 719 937 757 dolendum
969 722 1028 758 est
1061 721 1165 769 quod
1198 735 1245 759 ne
1276 722 1515 761 Herrmanni
1550 726 1706 773 quidem

149 777 358 828 diligentia
383 778 553 828 contigit
577 779 622 815 ut
646 778 711 815 hic
735 778 819 815 illic
838 779 991 827 plenius
1013 781 1082 817 aut
1101 782 1244 819 certius
1264 781 1343 832 legi
1361 784 1579 831 potuerint:
1605 797 1706 822 nunc

148 837 266 875 nimis
292 848 408 886 saepe
435 836 610 875 sublesta
635 836 710 874 fide
735 838 910 875 nitimur.
939 838 1015 876 Sed
1039 839 1242 878 videamus
1268 842 1435 891 singula,
1462 855 1561 891 quae
1580 844 1707 881 multa

147 908 226 934 non
252 897 354 934 sunt.
380 895 514 934 Unum
538 897 581 933 in
605 895 794 934 bucolicis
823 897 860 945 5,
881 897 935 934 88
955 898 1102 945 pedum
1130 902 1257 937 aulem
1288 903 1342 938 est
1372 901 1549 939 baculum
1579 914 1706 940 recur—

149 967 241 992 vum
266 966 338 1003 quo
363 958 543 1002 pastores
573 958 737 993 utuntur
757 977 812 981 ——
834 977 889 981 ——
911 959 980 994 aul
1010 957 1292 996 adminiculum
1314 960 1459 1006 pedum
1485 962 1551 1005 sit,
1581 964 1624 998 ut
1651 963 1707 1000 ait

149 1014 308 1052 Ennius
332 1015 376 1052 in
400 1014 571 1062 Ifiyenia
597 1010 648 1065 [1]
676 1011 858 1063 ‘yradum
875 1017 1057 1063 proferre
1074 1017 1233 1064 pedum,
1257 1020 1388 1062 nitere,
1419 1030 1543 1057 cessas
1568 1031 1588 1056 0
1613 1018 1702 1066 fide’

150 1094 204 1098 —
232 1094 287 1098 ——
307 1075 487 1121 pastores
510 1073 630 1121 pedes
662 1075 791 1112 ovium
821 1075 1013 1113 retrahere
1043 1076 1200 1114 soleant.
1237 1075 1416 1125 Apparet
1446 1078 1548 1116 hunc
1585 1079 1705 1116 inter-

148 1134 299 1181 pretem
324 1144 481 1170 versum
501 1133 623 1170 Ennii
647 1134 731 1170 tam
755 1145 877 1182 prave
896 1134 1151 1183 interpretari
1172 1148 1290 1183 quam
1308 1135 1492 1174 Verrium
1510 1137 1705 1186 Flaccum,

149 1192 258 1229 cuius
285 1204 457 1230 errorem
481 1192 621 1230 Festus
649 1193 871 1242 castigavit.
904 1193 951 1230 In
977 1193 1298 1232 adnotationibus
1325 1195 1375 1232 ad
1400 1197 1582 1247 georgica
1606 1197 1705 1234 nihil

148 1252 208 1288 est
234 1250 339 1299 quod
358 1251 408 1288 ad
427 1251 600 1289 Ennium
619 1252 827 1300 pertineat.
853 1252 1022 1301 Reliqua
1040 1253 1159 1291 habet
1179 1255 1479 1292 commentarius
1498 1254 1706 1303 Aeneidos,

148 1311 282 1348 omnia
312 1323 358 1348 ex
390 1310 598 1348 annalibus
629 1312 766 1360 petita.
806 1311 865 1348 Ex
898 1311 1038 1360 quibus
1072 1312 1175 1361 quod
1199 1325 1229 1350 11
1253 1314 1334 1351 173
1369 1313 1414 1351 de
1439 1314 1542 1352 salso
1565 1315 1705 1353 sudore

148 1369 366 1418 disseritur,
397 1370 472 1407 etsi
503 1382 645 1408 nomen
676 1370 796 1408 Ennii
828 1370 950 1419 abest,
981 1383 1060 1409 non
1090 1372 1418 1420 praetereundum
1449 1374 1509 1411 est
1544 1376 1705 1422 propter

148 1440 213 1466 eas
245 1430 419 1467 rationes
455 1441 552 1477 quas
578 1429 669 1467 huic
695 1430 844 1467 scholio
870 1431 1109 1468 intercedere
1135 1431 1346 1469 voluerunt
1371 1443 1458 1469 cum
1485 1431 1612 1469 Servii
1637 1433 1704 1470 ad-

147 1488 351 1526 notatione
383 1488 434 1525 ad
465 1488 631 1526 eundem
656 1501 813 1527 versum
839 1489 1056 1538 adscripta:
1089 1490 1135 1527 de
1163 1502 1240 1538 qua
1264 1502 1306 1528 re
1332 1490 1420 1528 vide
1447 1490 1497 1527 ad
1522 1503 1610 1529 ann.
1637 1491 1703 1529 lib.

146 1547 220 1585 inc.
243 1558 365 1584 CXXIX
391 1560 414 1585 a
433 1560 495 1585 me
515 1549 703 1597 exposita.
729 1548 825 1586 Aen.
840 1561 870 1586 11
892 1549 973 1586 687
988 1551 1160 1596 peritum
1178 1550 1390 1587 multarum
1408 1550 1704 1597 disciplinarum

146 1605 343 1644 Anchisen
372 1608 495 1654 fuisse
522 1629 575 1633 —-
601 1629 650 1633 —
672 1611 785 1645 ssunt
813 1607 1030 1656 Naeu(ius)
1046 1630 1100 1634 —
1112 1604 1205 1659 squi
1236 1610 1292 1646 ila
1323 1609 1368 1647 de
1399 1620 1439 1647 eo
1471 1610 1528 1646 ait
1559 1606 1704 1647 ‘doctus

146 1664 322 1703 Anchisa
355 1666 483 1704 Venus
515 1678 625 1714 quem
648 1667 917 1714 pulcherrima
948 1668 1017 1705 diu
1047 1669 1133 1715 fata
1164 1668 1268 1706 docel
1297 1668 1474 1705 divinum
1503 1671 1546 1705 ut
1571 1671 1704 1715 pectus

145 1721 311 1763 haberet'
345 1719 380 1777 (1
398 1726 444 1763 fr.
465 1720 571 1779 XIV),
611 1739 711 1775 quae
742 1738 831 1764 cum
861 1726 1008 1765 eisdem
1035 1726 1212 1765 versibus
1245 1740 1268 1764 a
1299 1726 1425 1764 Probo
1457 1727 1615 1765 traditis
1646 1728 1704 1765 ita

146 1783 382 1833 discrepant,
401 1786 447 1822 ut
460 1785 619 1823 difficile
638 1787 929 1824 internoscatur
946 1787 989 1824 in
1007 1787 1098 1824 utra
1111 1788 1223 1835 parte
1236 1799 1373 1824 verum
1387 1787 1449 1824 sit.
1468 1786 1565 1824 Aen.
1579 1799 1606 1825 v
1620 1788 1701 1824 241

146 1842 304 1881 Ennius
325 1840 452 1891 ‘atque
475 1857 598 1882 manu
615 1857 760 1894 mayna
778 1846 975 1883 Romanos
994 1847 1138 1893 inpulit
1155 1842 1296 1883 amnis'
1319 1840 1426 1898 (ann.
1449 1839 1563 1897 569),
1590 1858 1704 1894 quem

147 1914 316 1950 versum,
349 1916 394 1940 ex
427 1916 503 1952 quo
529 1903 701 1954 Vergilii
731 1917 866 1943 versus
899 1908 933 1943 et
949 1908 1066 1952 pater
1090 1906 1172 1952 ipse
1195 1916 1318 1942 manu
1341 1916 1486 1953 mayna
1509 1904 1704 1942 Portunus

146 1964 293 1999 euntem
317 1963 473 2009 impulit
496 1975 700 2012 expressus
727 1965 796 2011 est,
824 1964 947 2001 alium
967 1965 1167 2001 auctorem
1191 1976 1309 2012 quam
1327 1964 1430 2000 hunc
1449 1964 1703 2012 interpretem

145 2032 223 2057 non
249 2020 378 2059 habet.
405 2022 593 2060 Eiusdem
617 2024 845 2071 interpretis
871 2022 1058 2060 beneficio
1085 2023 1198 2071 eique
1224 2022 1299 2060 soli
1324 2021 1514 2060 debentur
1534 2035 1632 2070 quae
1653 2022 1703 2059 ad

144 2078 242 2116 Aen.
262 2093 289 2118 v
309 2081 392 2118 473
427 2081 626 2129 adscripta
657 2083 750 2119 sunt
780 2081 895 2119 valde
926 2082 1056 2119 lacera
1088 2083 1127 2119 et
1157 2082 1325 2128 incerta,
1357 2093 1402 2118 ex
1435 2080 1574 2129 quibus
1607 2081 1702 2118 haec

144 2138 272 2176 forma
304 2151 439 2177 versus
471 2140 599 2178 Ennii
628 2141 671 2177 in
709 2152 750 2177 VJ
779 2136 869 2191 [xv]
904 2137 988 2178 ‘aut
1018 2142 1168 2178 animos
1198 2142 1385 2187 superant
1415 2142 1527 2187 atque
1557 2151 1628 2187 asp
1649 2161 1698 2165 —

144 2198 248 2235 rima
269 2227 276 2235 .
299 2227 307 2235 .
328 2227 336 2235 .
363 2210 430 2236 era
456 2199 544 2236 belli
567 2195 768 2245 spernunt’
796 2200 978 2249 emergit,
1005 2200 1114 2236 cuius
1141 2199 1395 2246 sententiam,
1429 2211 1528 2247 quae
1553 2200 1619 2236 vix
1644 2200 1703 2236 est

145 2256 328 2304 obscura,
364 2257 559 2305 explicare
591 2257 742 2305 studui,
781 2259 972 2296 orationis
1004 2258 1173 2295 formam
1204 2259 1346 2295 certius
1378 2259 1586 2295 restituere
1623 2270 1701 2295 non

144 2315 268 2353 licuit.
294 2315 358 2353 Ad
381 2315 479 2353 Aen.
499 2329 525 2353 X
548 2318 569 2354 1
590 2317 785 2364 panditur
809 2318 955 2355 interea
980 2317 1115 2355 domus
1140 2318 1406 2364 omnipotentis
1428 2316 1581 2365 Olympi
1604 2317 1701 2354 haec

146 2375 324 2422 quaestio
358 2375 607 2423 adscribitur,
638 2379 770 2413 utrum
800 2378 855 2414 sic
880 2377 1036 2414 domum
1060 2376 1153 2414 dicit
1177 2377 1325 2423 aperiri
1349 2376 1534 2423 quomodo
1563 2378 1596 2414 el
1620 2376 1701 2413 Ho-

144 2445 272 2471 merus
297 2431 528 2485 χαλκοβατὲς
554 2434 608 2472 δῶ
629 2429 693 2487 (Il.
713 2447 729 2472 1
749 2436 831 2472 426
854 2429 923 2487 31.)
946 2465 952 2471 .
974 2465 982 2472 .
1004 2465 1011 2472 .
1039 2438 1073 2473 et
1090 2435 1249 2473 Ennius
1272 2446 1351 2472 non
1375 2438 1525 2472 tantum
1547 2435 1701 2472 domum

143 2492 211 2530 sed
235 2494 350 2531 etiam
377 2490 617 2532 ‘cenaculum
642 2491 764 2532 caeli?
793 2494 917 2539 Quem
937 2494 1181 2532 Tertulliano
1207 2495 1308 2532 teste
1328 2494 1471 2532 scimus
1491 2495 1700 2532 caenacula

144 2553 317 2590 maxima
342 2553 439 2591 caeli
465 2547 572 2606 (ann.
595 2548 669 2606 60)
696 2553 838 2592 dixisse
863 2554 1047 2602 primum,
1073 2554 1113 2591 et
1138 2553 1184 2591 de
1210 2554 1319 2591 domo
1345 2554 1441 2592 caeli
1467 2553 1571 2601 quod
1596 2553 1698 2590 dixe-

144 2611 198 2648 rit
223 2612 450 2661 cogitantur
482 2612 617 2661 qualia
642 2614 734 2650 sunt
759 2625 847 2650 ann.
870 2613 965 2650 575.
988 2613 1083 2650 576.
1110 2612 1289 2661 Denique
1315 2612 1366 2650 ad
1384 2612 1480 2650 Aen.
1501 2624 1526 2648 X
1548 2612 1571 2649 8
1600 2623 1698 2659 quae

144 2681 190 2706 ex
210 2669 405 2708 editorum
423 2670 498 2708 fide
518 2671 718 2720 adscripta
737 2673 829 2709 sunt
841 2670 1093 2718 (abnueram.·
1111 2671 1168 2719 E)
1181 2673 1300 2709 nnius
1314 2670 1444 2718 anna(
1446 2670 1559 2718 lium)
1575 2691 1629 2695 -
1641 2690 1696 2695 --

144 2728 236 2767 haec
266 2730 372 2767 abnu
404 2730 453 2767 ad
485 2731 646 2768 annales
672 2731 792 2768 Ennii
824 2731 929 2779 quod
953 2731 1148 2769 referatur
1177 2730 1372 2778 indicant,
1403 2729 1470 2767 sed
1500 2731 1632 2766 utrum
1662 2729 1695 2765 is

144 2799 278 2825 versus
298 2788 430 2837 fuerit,
451 2802 567 2838 quem
580 2789 794 2827 Diomedus
814 2789 981 2828 tradidit
995 2784 1132 2842 (279),
1153 2802 1203 2827 an
1223 2789 1323 2827 alius
1343 2789 1435 2826 licet
1454 2787 1694 2825 addubitare.

262 2847 396 2885 Tertio
417 2848 515 2896 1000,
534 2861 583 2886 110
604 2848 702 2897 quid
724 2849 1094 2887 commentariorum
1107 2848 1425 2898 Vergilianorum
1445 2845 1695 2892 desideretur,

144 2906 280 2953 paucis
305 2908 581 2957 perstringam,
615 2907 682 2956 qui
707 2908 758 2945 M.
780 2907 931 2946 Valerii
956 2907 1075 2946 Probi
1100 2909 1257 2945 nomine
1281 2908 1323 2943 in
1353 2905 1530 2943 bucolica
1561 2906 1600 2941 et
1630 2916 1695 2953 ge-

1787 2971 1791 2997 ³
