2054 3282
721 161 980 196 ANNALIUM
1005 161 1091 196 ΜΒ.
1113 161 1181 196 vn
1301 147 1316 162 ⁶
1674 163 1731 204 43

171 283 258 325 236
291 281 482 325 Comiter
512 282 705 338 impertit
735 297 935 338 magnam
967 297 1064 324 cum
1095 281 1232 325 lassus
1263 282 1349 325 diei

289 353 460 396 Partem
491 354 644 396 fuisset
675 354 726 395 de
759 354 936 396 summis
968 353 1094 395 rebus
1126 354 1327 410 regundis

292 424 481 467 Consilio
514 425 617 467 indu
649 425 743 467 foro
775 424 864 467 lato
897 427 1129 479 sanctoque
1161 427 1323 480 senatu7

290 495 369 538 Oui
400 511 467 538 res
499 496 699 539 audacter
729 511 905 552 magnas
937 511 1174 551 parvasque
1206 496 1431 551 iocumque

171 567 258 609 240
287 566 575 622 Eloqueretur
606 570 649 609 et
679 569 831 609 cuncta
862 567 1058 622 malaque
1091 569 1133 608 et
1163 567 1276 609 bona
1308 567 1424 609 dictu

290 638 520 680 Evomeret
552 639 589 680 si
621 638 695 693 qui
725 638 855 680 vellet
887 641 1066 693 tutoque
1097 638 1268 693 locaret,

171 710 257 752 242
290 709 482 760 Quocum
513 709 649 751 multa
679 709 809 764 volup
843 709 1035 765 [gaudia]
1069 709 1263 763 clamque
1294 709 1532 766 palamque,

291 779 516 837 Ingenium
542 780 610 822 cui
642 780 760 821 nulla
791 780 952 822 malum
985 780 1195 822 sententia
1225 780 1375 822 suadet

171 909 331 945 amicum
342 920 420 944 esse
432 909 628 944 conveniat
637 909 798 944 hominis
809 920 943 955 genere
955 909 992 943 et
1002 908 1152 944 fortuna
1163 909 1362 954 superioris
1376 937 1452 943 .....
1469 909 1481 928 ‘¹
1496 909 1604 945 «haec
1619 909 1734 944 elocu—

171 967 230 999 tus
239 964 334 1008 (234)
348 991 353 996 .
368 991 374 997 .
389 991 394 996 .
407 963 595 1007 compellat
609 962 786 998 Servilius
798 963 850 997 sio
859 963 989 1008 <251)».
1008 962 1021 982 ⁵
1037 963 1075 996 L.
1088 962 1235 997 Aelium
1253 962 1432 997 Stilonem
1447 962 1569 997 dicere
1584 961 1734 996 solitum

170 1016 295 1051 ferunt
314 1015 353 1058 Q.
368 1015 530 1050 Ennium
549 1015 595 1050 de
615 1016 731 1050 semet
750 1015 830 1060 ipso
850 1015 943 1050 haec
963 1016 1154 1060 scripsisse
1175 1016 1434 1061 picturamque
1457 1015 1569 1050 istam
1590 1026 1734 1050 morum

171 1071 209 1104 et
233 1069 376 1114 ingenii
400 1069 517 1114 ipsius
545 1068 585 1111 Q.
606 1068 718 1103 Ennii
742 1068 882 1104 factam
909 1069 1013 1104 esse.’
1043 1069 1162 1111 Quam
1188 1068 1330 1104 creduli
1354 1068 1494 1103 fuerint
1519 1070 1585 1103 aut
1610 1068 1734 1114 arguti

170 1123 228 1158 vel
241 1123 417 1158 Varronis
435 1123 558 1157 aetate
570 1123 776 1168 priscorum
793 1124 989 1167 poetarum
1008 1122 1228 1167 interpretes
1249 1134 1332 1157 cum
1351 1122 1470 1157 multa
1489 1122 1628 1156 indicio
1648 1123 1735 1156 sunt

170 1178 250 1211 tum
268 1177 361 1211 haec
381 1176 426 1210 de
440 1176 551 1210 Ennii
569 1176 716 1221 pictura
736 1175 783 1210 ab
798 1176 878 1221 ipso
898 1175 1000 1210 facta
1019 1176 1187 1221 opinatio
1201 1176 1299 1210 Aelii
1314 1175 1481 1210 Stilonis:
1505 1176 1564 1210 eui
1584 1186 1734 1220 compar

171 1231 208 1264 et
234 1229 495 1274 comparabilis
521 1231 577 1264 est
602 1229 817 1264 Doederlini
847 1229 1046 1264 hariolatio
1074 1229 1119 1264 de
1144 1240 1259 1275 puero
1286 1229 1434 1264 Horatii
1457 1229 1618 1274 speciem
1642 1239 1733 1274 prae

171 1294 210 1318 se
228 1282 370 1318 ferente
388 1283 428 1317 in
448 1282 608 1328 epistola
629 1283 676 1317 ad
697 1282 847 1317 Florum
867 1284 908 1328 (11
928 1285 972 1328 2).

291 1419 373 1456 236
403 1417 632 1469 Congeriem
657 1420 782 1468 partit
808 1420 988 1467 temptavi
1012 1419 1103 1457 olim
1126 1421 1262 1466 etpost
1278 1430 1337 1457 me
1355 1419 1531 1456 similiter
1551 1419 1641 1464 alii}
1667 1419 1734 1456 sed

173 1478 421 1525 explananda
439 1479 565 1526 maqis
585 1490 702 1525 quam
722 1479 963 1516 emendanda
982 1479 1104 1516 oratio
1124 1478 1275 1516 videtur
1294 1490 1392 1526 quae
1410 1479 1553 1516 sensim
1569 1490 1595 1516 a
1608 1480 1732 1525 coepto

170 1538 305 1575 itinere
337 1537 518 1583 deflectit:
542 1537 610 1575 hoe
637 1538 757 1575 voluit
780 1539 917 1584 opinor
943 1550 1110 1587 quocum
1135 1549 1313 1576 mensam
1341 1549 1614 1586 sermonesque
1643 1548 1732 1574 suos

170 1596 313 1645 partiri
344 1596 444 1634 solet
463 1590 642 1649 (quicum
666 1597 809 1646 partiri
834 1608 946 1634 curas
965 1595 1062 1634 Aen.
1084 1609 1126 1633 XI
1148 1591 1252 1649 822)
1273 1598 1312 1635 et
1336 1598 1398 1634 cui
1422 1609 1553 1634 rerum
1574 1608 1733 1634 suarum

172 1656 334 1694 comiter
353 1656 531 1704 impertit
539 1665 553 1702 ‚·
570 1657 766 1703 yeuetivus
784 1657 854 1693 iste
872 1657 1086 1704 partitionis
1107 1657 1173 1703 qui
1198 1657 1305 1704 apud
1327 1654 1495 1694 Graecos
1519 1656 1642 1694 multa
1666 1656 1733 1693 ha-

172 1715 230 1753 bet
253 1715 398 1753 similia
423 1715 489 1753 sed
513 1716 594 1753 sive
617 1716 653 1753 is
674 1713 849 1753 Graecus
875 1718 929 1754 est
949 1717 1029 1754 sive
1046 1715 1218 1753 Latinus
1242 1727 1321 1753 noro
1345 1716 1496 1753 videtur
1519 1715 1732 1764 repudiari-

171 1775 264 1812 dus:
284 1774 330 1811 de
355 1785 427 1821 quo
452 1785 590 1822 yenere
616 1786 742 1822 nuper
765 1775 954 1813 nonnulla
978 1774 1047 1812 Fr.
1068 1774 1149 1812 Leo
1175 1777 1317 1822 quaest.
1337 1775 1471 1813 Plaut.
1486 1787 1528 1822 Ρ.
1549 1783 1601 1822 92

173 1834 256 1871 237
283 1832 462 1871 reeundis
482 1833 600 1871 Rern.
616 1833 707 1871 Par.
722 1833 902 1883 regendis
926 1834 1077 1872 Thumi.
1100 1834 1189 1872 Urs.
1203 1834 1379 1872 fecundis
1396 1834 1502 1872 Voss.
1520 1835 1611 1871 mai.

174 1893 258 1930 240
285 1894 324 1929 et
343 1893 484 1930 cuncta
502 1893 686 1942 malaque
706 1894 745 1931 et
763 1893 867 1931 bona
885 1894 943 1931 vel
963 1895 1002 1931 et
1021 1894 1162 1932 cuncta
1181 1894 1349 1942 malusq3
1365 1888 1564 1946 (cunctam
1584 1887 1732 1945 aliisq3)

172 1953 212 1989 et
237 1951 340 1989 bona
366 1952 479 1998 libra
505 1953 548 1990 in
573 1953 711 2000 quibus
735 1955 938 2000 peccatum
970 1964 1049 1990 esse
1074 1953 1216 2000 duplex
1239 1954 1375 1990 ‘vitium
1402 1947 1669 2005 (eloqueretur
1695 1953 1734 1989 et

173 2012 313 2048 cuncta
343 2005 468 2064 mala)
493 2012 609 2058 fidem
636 2012 753 2059 faoit;
786 2012 831 2049 el.
860 2013 899 2049 et
927 2011 1033 2048 haud
1065 2013 1252 2049 cunctans
1281 2025 1330 2048 m.
1358 2011 1563 2059 Berykius,
1590 2011 1635 2048 el.
1663 2023 1733 2048 nec

173 2071 360 2108 cunctans
384 2083 434 2107 m.
454 2069 524 2107 Fr.
545 2070 754 2117 Maraeius;
781 2082 844 2118 690
864 2071 1056 2118 putabam
1081 2071 1126 2108 el.
1149 2072 1188 2108 et
1212 2081 1332 2107 unose
1359 2070 1542 2118 malaque
1569 2070 1608 2107 et
1629 2070 1733 2107 bona

173 2128 305 2174 diotu;
331 2140 448 2175 quam
473 2140 599 2166 vocem
623 2129 776 2166 Nonius
808 2131 967 2167 testatur
984 2142 1027 2177 p.
1049 2127 1141 2177 183,
1158 2138 1212 2164 20
1238 2141 1359 2167 unose
1385 2129 1511 2166 simul.
1539 2128 1732 2166 Pacuvius

172 2187 302 2225 Iliona
326 2181 429 2239 (213
451 2182 519 2239 R.)
543 2183 759 2236 ‘occidisti,
784 2190 830 2225 ut
854 2188 981 2226 multa
1005 2189 1141 2237 paucis
1165 2188 1284 2226 verba
1309 2199 1429 2225 unose
1461 2184 1733 2233 obnuntiem’;

174 2247 220 2294 ef.
248 2258 368 2284 unose
394 2247 511 2284 simul
539 2245 579 2284 C.
603 2246 663 2284 Gl.
683 2246 731 2284 L.
753 2259 779 2285 v
790 2259 833 2294 p.
850 2244 947 2295 648,
963 2257 1041 2293 44;
1065 2249 1099 2284 et
1115 2246 1322 2285 Lueretius
1341 2248 1473 2285 scribit
1490 2259 1531 2285 1v
1551 2245 1631 2283 262
1654 2260 1733 2284 non

172 2307 327 2355 privam
348 2317 543 2354 quamque
564 2306 730 2344 solemus
756 2306 993 2354 particulam
1018 2307 1126 2344 venti
1152 2307 1295 2343 sentire
1322 2308 1361 2344 et
1385 2306 1544 2356 frigoris
1564 2307 1646 2344 eius
1666 2305 1733 2344 sed

173 2366 299 2415 magis
325 2376 512 2402 unorsum
532 2359 630 2418 (sive
655 2359 910 2417 unvorsum):
930 2366 975 2412 of.
998 2376 1095 2412 quae
1113 2364 1396 2403 Lachmaunus
1422 2366 1474 2403 ad
1498 2365 1532 2403 k.
1548 2366 1584 2410 l„
1606 2377 1670 2413 eyo
1690 2367 1733 2403 in

174 2424 308 2462 Herm.
329 2436 387 2461 xn
399 2436 440 2471 10.
464 2433 549 2470 400
574 2426 811 2473 scripsimus,
832 2425 1036 2462 novissime
1054 2424 1194 2462 Birtus
1212 2436 1309 2462 mus.
1330 2424 1451 2462 Rheu.
1472 2437 1513 2462 LI
1525 2437 1567 2472 p.
1592 2433 1612 2460 2
1621 2432 1670 2472 52
1693 2437 1730 2462 ri.

176 2485 210 2521 et
226 2483 306 2520 Leo
327 2483 379 2521 ad
402 2484 557 2521 mostell.
579 2481 661 2530 607
829 2484 911 2520 242
942 2481 1107 2527 Quicum
1129 2483 1234 2521 Voss.
1254 2485 1345 2521 miii.
1496 2484 1616 2532 volup
1637 2496 1732 2534 gau-

175 2541 241 2579 dia
263 2542 368 2580 Voss.
387 2543 478 2580 miri.
503 2542 639 2580 Christ.
660 2543 738 2580 Pet.
759 2543 888 2589 Illayl.
910 2543 1028 2591 volup
1057 2573 1063 2579 .
1087 2573 1093 2579 .
1120 2542 1266 2592 gaudia
1285 2543 1404 2581 Rern.
1425 2542 1609 2592 voluptas
1637 2555 1732 2593 gau-

175 2601 241 2638 dia
262 2601 412 2639 Tleuari.
432 2601 518 2639 Urs.
536 2602 741 2650 voluptate
761 2601 907 2651 gaudia
925 2601 1052 2640 Paris.
1073 2613 1171 2650 quae
1189 2602 1283 2640 mihi
1302 2603 1482 2640 videntur
1493 2602 1734 2650 persuadere

177 2663 208 2698 et
233 2660 352 2708 volup
381 2672 514 2698 verum
544 2672 622 2698 esse
649 2663 682 2698 et
706 2660 850 2710 gaudia
868 2672 994 2708 prave
1018 2662 1344 2708 interpretameuti
1369 2662 1446 2698 loco
1473 2661 1732 2707 adscriptum:

176 2720 421 2757 coniiciebam
444 2720 571 2757 multa
590 2720 710 2768 volup
735 2719 810 2757 sibi
829 2719 932 2757 fecit.
962 2718 1019 2767 Cf.
1040 2720 1194 2758 Nonius
1212 2732 1254 2767 p.
1279 2718 1371 2767 187,
1391 2728 1412 2767 5
1434 2720 1553 2767 volup
1573 2731 1644 2767 pro
1664 2731 1731 2757 vo-

175 2778 338 2827 luptate.
366 2777 531 2816 Plautus
558 2779 730 2817 asinaria
755 2772 881 2831 (942)
903 2774 957 2816 ‘si
978 2809 984 2815 .
1007 2809 1014 2815 .
1036 2778 1131 2828 quid
1152 2809 1158 2816 .
1181 2809 1188 2816 .
1209 2791 1279 2817 suo
1306 2780 1436 2816 animo
1462 2779 1556 2815 fecit
1581 2773 1730 2826 volup',

176 2838 242 2874 sed
260 2837 395 2875 Plauti
420 2837 509 2875 libri
534 2839 750 2887 voluptatis
760 2847 773 2883 ;
803 2836 932 2875 Oasin.
957 2835 1039 2884 784
1069 2839 1189 2877 facite
1214 2840 1344 2877 vestro
1378 2838 1508 2874 animo
1533 2836 1655 2886 volup

302 2896 384 2933 243
411 2896 640 2946 Ingenium:
666 2897 711 2944 cf.
732 2896 924 2935 Horatius
944 2909 997 2945 ep.
1018 2910 1049 2935 Π
1072 2907 1108 2946 2,
1124 2895 1171 2933 81
1299 2897 1451 2934 suasset
1468 2896 1732 2944 proponebam

1749 2974 1753 3001 2
