2054 3282
298 173 382 214 100
838 168 1098 204 ANNALIUM
1121 169 1208 204 LIB.
1229 168 1320 204 [Nc.

996 286 1147 321 LXXIII

292 349 378 391 545
410 348 495 391 Vix
521 349 659 390 solum
685 348 897 403 complere
923 347 1078 390 cohum
1103 348 1340 390 terroribus
1366 349 1471 390 caeli

1000 452 1028 486 L

291 514 377 556 546
408 513 550 555 Fortis
576 513 760 555 Romani
784 517 882 556 sunt
906 452 1166 568 ᾳυαηιξξὲζι
1191 515 1332 556 caelus
1358 514 1595 569 profundus

1005 618 1137 653 LXXV

290 678 374 720 547
408 678 468 720 At
493 678 712 721 Romanus
738 679 880 735 homo,
907 682 1050 721 tamen
1075 680 1155 721 etsi
1180 693 1246 721 res
1271 679 1378 721 bene
1404 682 1525 735 gesta
1549 682 1625 735 est,

410 749 546 792 Corde
571 765 648 792 suo
674 750 860 805 trepidat

996 855 1145 890 LXXVI

289 915 374 958 549
400 915 459 959 Ni
485 919 623 958 metus
649 917 737 958 ulla
762 919 879 958 tenet
903 917 1104 972 virtutem,
1128 917 1206 959 rite
1231 916 1457 971 quiescunt
1482 957 1487 962 .

987 1020 1155 1055 LXXVII

291 1081 379 1123 550
412 1080 587 1137 Optima
612 1095 709 1124 cum
734 1081 925 1136 pulchris
952 1082 1105 1124 animis
1131 1081 1325 1123 Romana
1350 1082 1548 1124 iuventus

287 1209 430 1244 Ennius
450 1220 570 1254 «quae
590 1212 696 1255 (qua
715 1210 788 1246 duo
809 1211 914 1255 dett.)
934 1210 1057 1245 valide
1079 1210 1255 1256 (valida
1274 1210 1402 1245 Bamb.
1418 1212 1456 1245 et
1468 1210 1584 1245 iidem
1597 1210 1684 1255 duo)
1697 1210 1852 1246 veniunt

288 1263 313 1298 f.
334 1264 499 1299 missa».⁷

406 1316 558 1351 LXXIII
578 1318 674 1363 (545)
721 1317 885 1353 Isidorus
911 1318 958 1352 de
983 1318 1059 1352 nat.
1080 1328 1148 1352 rer.
1172 1321 1226 1359 12,
1243 1321 1263 1352 3
1282 1330 1318 1362 p.
1332 1321 1386 1359 26,
1404 1320 1447 1351 10
1468 1317 1509 1352 G.
1527 1316 1684 1352 Beckeri
1706 1317 1851 1362 ‘partes

288 1372 413 1405 autem
439 1371 518 1405 eius
543 1370 634 1415 (scil.
658 1371 766 1416 caeli)
786 1371 879 1406 haec
905 1372 992 1406 sunt
1017 1371 1131 1406 cohus
1158 1371 1314 1415 (chous
1335 1370 1511 1405 Bamb.A
1536 1382 1641 1406 cous
1663 1370 1791 1406 Bamb.
1806 1371 1850 1416 Β)

288 1424 366 1459 axis
386 1423 498 1459 clima
517 1424 687 1458 cardines
707 1435 869 1459 convexa
887 1424 965 1469 poli
990 1424 1276 1469 hemisphaeria.
1298 1425 1412 1459 cohus
1430 1423 1622 1469 (Cchous
1634 1425 1667 1458 A
1687 1436 1792 1460 cous
1806 1424 1850 1470 B)

288 1480 344 1512 est
356 1489 428 1522 quo
440 1477 583 1512 caelum
596 1477 817 1512 continetur.
825 1478 925 1512 unde
936 1477 1078 1512 Ennius
1090 1478 1173 1513 «vix
1184 1477 1302 1512 solum
1313 1489 1342 1512 c.
1353 1477 1486 1512 cohum
1498 1477 1629 1523 (chosi
1643 1478 1675 1512 A
1689 1489 1793 1513 cous
1806 1477 1850 1523 B)

286 1534 312 1567 t.
325 1530 469 1566 caeli».'
594 1530 646 1566 Cf.
661 1530 798 1566 Paulus
819 1531 920 1565 Festi
938 1543 974 1576 p.
991 1534 1046 1574 28,
1062 1535 1081 1565 3
1097 1530 1162 1565 Th.
1180 1531 1334 1566 ‘cohum
1359 1532 1494 1576 poetae
1514 1530 1658 1566 caelum
1678 1531 1852 1565 dixeer

288 1595 310 1619 a
330 1584 433 1627 chao,
455 1595 500 1619 ex
519 1594 592 1628 quo
611 1583 799 1629 putabant
819 1584 963 1619 caelum
983 1595 1062 1619 esse
1082 1584 1308 1619 formatum.’
1325 1583 1442 1619 Varro
1463 1584 1509 1619 de
1528 1583 1551 1618 1.
1567 1584 1605 1618 L.
1620 1598 1643 1619 v
1664 1588 1742 1619 135.

405 1637 554 1671 LXXIV
573 1639 669 1683 (546)
712 1637 855 1672 Nonius
881 1650 916 1682 p.
937 1641 1014 1679 197,
1031 1641 1050 1671 7
1073 1637 1238 1672 ‘caelum
1262 1639 1404 1673 neutro.
1425 1637 1632 1672 masculino
1658 1637 1850 1672 Lucretius

289 1691 330 1737 [11
352 1691 469 1737 1097].
491 1689 630 1725 Varro.
648 1719 654 1724 .
672 1719 678 1724 .
694 1690 835 1725 Ennius
856 1690 992 1727 «fortis
1017 1690 1176 1726 Romani
1203 1701 1430 1735 quamquam
1456 1690 1580 1725 caelus
1605 1690 1847 1735 profundus».

286 1744 387 1778 idem
402 1744 506 1790 [26].'
607 1743 795 1778 Charisius
816 1758 828 1778 1
847 1757 882 1789 p.
900 1748 956 1787 72,
972 1748 1016 1779 16
1029 1743 1072 1778 Κ.
1091 1743 1256 1779 ‘caelum
1276 1744 1346 1778 hoc
1366 1755 1450 1778 cum
1469 1743 1520 1777 sit
1536 1745 1720 1786 neutrum,
1735 1744 1865 1778 etiam'

286 1796 491 1832 masculine
518 1798 660 1832 veteres
687 1797 879 1841 dixerunt;
899 1799 937 1832 et
955 1797 1096 1832 Ennius
1117 1797 1206 1844 [27].
1227 1797 1318 1832 item
1338 1807 1589 1842 «quamquam
1615 1797 1740 1832 caelus
1765 1808 1849 1842 pro-

286 1850 476 1885 fundus»)
570 1849 623 1885 Cf.
638 1850 728 1885 Aen.
744 1864 756 1885 1
777 1854 831 1885 58.

405 1903 538 1938 LXXV
551 1905 647 1949 (547)
687 1903 813 1939 Cicero
834 1904 879 1938 de
901 1905 991 1939 orat.
1007 1917 1048 1938 111
1061 1907 1117 1946 42,
1135 1907 1201 1939 168
1218 1903 1373 1938 ‘videtis
1392 1902 1559 1948 profecto
1579 1914 1696 1949 genus
1709 1904 1780 1938 hoc
1793 1905 1849 1938 to-

287 1959 367 1991 tum
394 1968 477 1991 cum
502 1956 638 1991 inflexo
664 1956 936 2001 immutatoque
961 1957 1072 1992 verbo
1098 1967 1155 1992 res
1182 1957 1312 1992 eadem
1338 1957 1554 1992 enuntiatur
1579 1956 1761 2000 ornatius:
1789 1956 1850 1991 cui

287 2012 374 2045 sunt
391 2010 552 2045 finitima
567 2039 572 2044 .
591 2039 597 2045 .
613 2021 698 2045 cum
717 2010 888 2056 intellegi
907 2010 1075 2045 volumus
1091 2039 1097 2044 .
1115 2039 1121 2044 .
1138 2012 1203 2044 aut
1220 2021 1264 2045 ex
1282 2021 1357 2044 uno
1382 2009 1508 2055 plures
1528 2011 1592 2045 «at
1612 2011 1679 2054 (ut
1697 2010 1848 2055 integri)

285 2063 328 2098 R.
343 2064 378 2098 h.
393 2063 591 2098 tamenetsi
612 2063 680 2109 (ita
698 2074 785 2108 pars
802 2063 981 2098 librorum
1001 2075 1085 2098 cum
1098 2063 1247 2098 Abrinc.
1268 2062 1454 2098 tametsi
1473 2062 1608 2106 reliqui
1629 2074 1711 2097 cum
1731 2062 1848 2108 Harl.)

288 2145 293 2151 .
311 2145 317 2151 .
335 2145 341 2151 .
357 2116 544 2162 trepidat»
565 2118 631 2151 aut
650 2127 733 2151 cum
753 2127 797 2151 ex
816 2117 986 2162 pluribus
1006 2116 1239 2162 intellegitur
1258 2128 1373 2151 unum
1394 2116 1522 2163 [377].’

404 2169 553 2204 LXXVI
572 2171 669 2215 (549)
706 2170 849 2205 Nonius
868 2183 903 2216 p.
921 2174 999 2212 214,
1017 2173 1060 2204 10
1077 2170 1219 2205 ‘metus
1244 2169 1460 2204 masculino.
1482 2169 1661 2204 feminino
1685 2168 1848 2204 Naevius

288 2252 293 2258 .
312 2252 317 2258 .
335 2252 341 2258 .
357 2223 498 2258 Ennius
516 2224 578 2258 «ni
603 2252 609 2257 .
627 2252 633 2257 .
654 2225 758 2259 tenet
778 2224 848 2259 rite
864 2225 1041 2269 (tennet
1068 2223 1165 2258 riae
1183 2223 1279 2258 Flor.
1297 2235 1344 2257 m.
1362 2235 1416 2268 pr.
1435 2222 1553 2267 Leid.)
1570 2223 1703 2258 virtute
1724 2222 1847 2267 quies-

287 2278 425 2313 cunt».’
524 2277 654 2312 Festus
667 2289 703 2322 p.
719 2280 798 2319 402,
816 2281 859 2312 15
873 2277 940 2311 Th.
958 2278 1078 2312 ‘recto
1091 2276 1214 2312 fronte
1229 2305 1235 2311 .
1252 2305 1259 2311 .
1277 2305 1282 2310 .
1301 2305 1307 2310 .
1323 2276 1501 2320 antiquae
1514 2275 1555 2310 id
1568 2275 1847 2310 consuetudinis

286 2330 368 2372 fuit,
388 2332 431 2365 ut
450 2342 534 2365 cum
554 2330 608 2365 ait
626 2329 768 2365 Ennius
794 2341 941 2375 quoque
962 2331 1063 2378 [178]
1084 2331 1122 2365 et
1140 2330 1218 2376 [55]
1239 2331 1277 2365 et
1295 2330 1373 2376 [68]
1394 2331 1431 2364 et
1451 2328 1579 2366 «nulla
1597 2329 1769 2365 metus».’
1791 2328 1843 2363 Cf.

287 2384 335 2418 ad
354 2396 390 2418 v1
409 2383 452 2418 fr.
467 2397 504 2418 1v
524 2383 713 2428 adscripta
733 2385 771 2419 et
790 2394 886 2418 scen.
901 2387 981 2418 407.

405 2436 570 2471 LXXVII
589 2438 685 2482 (550)
718 2436 886 2472 Donatus
906 2437 945 2472 in
959 2437 1039 2472 Ter.
1055 2436 1200 2472 Phorm.
1216 2449 1258 2471 111
1273 2440 1303 2478 1,
1317 2440 1335 2471 1
1354 2437 1364 2453 ‘
1374 2435 1559 2471 enimvero
1574 2435 1739 2481 Antipho
1752 2435 1846 2470 mu]-

285 2620 364 2647 non
376 2609 632 2656 depravatum
652 2620 731 2646 esse
751 2611 783 2647 et
795 2609 966 2655 fulmina
984 2609 1113 2648 valide
1131 2609 1323 2647 venientia
1342 2607 1563 2655 omnparari
1576 2618 1662 2644 oum
1674 2606 1843 2653 falarica

285 2669 407 2705 missa
425 2667 598 2705 utLucr.
616 2679 659 2706 v1
680 2676 787 2715 329‚·
807 2669 853 2715 cf.
867 2669 974 2706 relat.
991 2669 1100 2707 acad.
1116 2680 1152 2706 a.
1167 2665 1275 2716 1896
1290 2680 1332 2715 p.
1351 2674 1430 2714 727
1538 2666 1620 2703 546
1643 2667 1735 2703 sunt
1754 2666 1843 2703 add.

286 2727 448 2764 Merula
456 2740 469 2772 ,·
485 2727 533 2774 cf.
550 2735 632 2773 553
751 2727 834 2764 549
855 2726 938 2765 Nec
951 2728 1154 2766 Mercerus
1254 2727 1331 2764 rite
1350 2726 1390 2763 ‘m
1410 2725 1557 2763 virtute
1576 2724 1733 2768 Iunius,
1753 2724 1844 2762 freti

286 2786 434 2823 virtute
447 2786 671 2831 Mercerus,·
690 2786 736 2833 cf.
752 2782 897 2840 ἠνορέῃ
911 2785 1073 2825 πίσυνοι
1084 2786 1139 2824 Il.
1153 2798 1343 2823 manuum
1354 2784 1446 2822 freti
1460 2784 1607 2822 virtute
1621 2783 1844 2832 pedumque

287 2844 492 2882 Lucretius
505 2857 531 2883 v
553 2843 648 2892 966.
666 2844 742 2882 Sed
758 2856 823 2892 090
838 2845 962 2882 malui
980 2846 1183 2893 transponi
1195 2845 1384 2883 virtutem
1395 2843 1471 2881 rite
1578 2841 1721 2880 Livius
1734 2853 1843 2880 xxxv

290 2911 355 2951 27,
370 2901 394 2939 6
417 2904 555 2953 sopitis
575 2903 761 2954 vigilibus
780 2905 826 2941 ut
844 2903 886 2940 in
905 2903 1014 2941 nullo
1033 2905 1256 2953 propinquo
1274 2905 1383 2941 metu
