2020 3334
585 199 793 236 VERRIUS
813 203 1032 238 FLACCUS.
1072 205 1249 241 FESTUS
1579 210 1689 245 LXIX

137 312 342 362 Distingui
361 312 466 349 enim
491 311 587 350 haec
613 314 752 362 opinor
777 316 944 364 oportet,
972 316 1127 365 quando
1153 319 1266 358 occisi
1291 322 1507 369 occensique
1532 335 1608 360 non
1634 324 1691 360 vi-

139 372 279 409 dentur
310 370 351 408 in
381 383 501 408 unam
533 372 636 409 coire
668 373 920 411 sententiam:
952 388 1043 413 nam
1077 379 1222 415 occensi
1259 372 1312 430 (h.
1346 391 1376 416 e.
1409 375 1575 433 accensi)
1612 394 1689 421 non

137 430 303 480 possunt
328 430 405 467 dici
430 430 508 467 nisi
532 431 631 480 rogi,
657 431 704 468 ut
732 430 925 482 Vergilius
952 434 1010 471 ait
1027 433 1123 472 Aen.
1144 447 1185 472 XI
1208 437 1288 474 188
1310 439 1452 476 circum
1469 451 1688 478 accensos..

136 500 258 538 roqos,
285 489 354 538 qui
378 489 486 527 locus
511 489 620 527 totus
646 489 900 529 conferendus
926 493 985 530 est
1009 494 1160 542 nostro,
1185 495 1270 545 rogi
1297 497 1427 534 autem
1452 498 1609 536 accendi
1629 512 1688 538 so—

137 548 273 586 lebant
297 549 422 595 nocte,
448 547 495 586 de
522 560 597 597 quo
623 560 731 586 more
752 548 912 587 Servius
938 550 989 588 ad
1007 550 1103 588 Aen.
1123 565 1149 590 v
1172 555 1191 590 1
1216 555 1255 591 et
1273 566 1314 592 vl
1336 556 1436 603 2243
1462 556 1575 594 occisi
1597 571 1687 596 vero

137 608 214 645 nisi
244 607 362 646 fallor
394 607 579 645 dicuntur
604 607 750 657 sepulti
786 609 848 646 vel
886 608 1116 658 sepeliendi,
1154 613 1198 648 ut
1230 612 1386 650 Servius
1424 615 1601 663 loquitur
1639 617 1688 655 ad

135 666 232 704 Aen.
252 678 294 704 XI
316 667 369 704 24
395 668 571 705 hortatur
597 667 718 704 socios
749 669 791 704 ut
821 668 1056 714 sepeliantur
1087 671 1210 713 occisi,
1242 671 1337 708 item
1361 671 1580 711 Macrobius
1607 675 1687 713 Sat.

135 739 177 764 1v
198 727 235 774 4,
252 727 275 763 9
301 724 454 764 Aeneas
479 726 655 764 hortatur
679 728 722 763 ut
744 727 980 773 sepeliantur
1005 729 1128 766 occisi.
1163 727 1317 778 Duplex
1342 730 1464 780 igitur
1495 734 1688 772 sententia

136 784 232 823 satis
258 785 482 834 perspicua,
510 785 784 837 supplementa
809 784 975 823 incerta:
1007 787 1251 836 temptabam
1275 788 1436 837 sepulti]
1463 789 1599 829 Omnes
1631 803 1689 830 oc—

135 845 217 888 cisi,
243 845 464 892 accensique
492 845 536 881 in
564 846 670 883 nocte
693 855 830 882 serena
853 843 1077 893 [Ooltuxere
1101 847 1205 895 νομὴ·
1236 847 1298 884 vel
1324 849 1563 896 impositique
1587 852 1688 898 roqis

134 901 247 951 susnt]
281 902 418 940 Omnes
449 903 580 946 occisi,
618 904 839 950 accensique
872 904 915 941 in
950 907 1055 942 nocte
1090 917 1226 943 serena
1256 905 1474 954 [Collucent
1509 910 1687 955 flammis.

137 961 313 1006 Quorum
346 961 465 999 verba
498 962 860 1012 supplementorum
892 975 937 999 ex
962 963 1140 1013 Vergilio
1166 965 1293 1013 petita
1318 967 1425 1013 sunt,
1459 979 1572 1015 quem
1601 967 1687 1006 vide

135 1034 265 1071 georg.
286 1033 327 1059 1v
348 1022 431 1058 477
452 1020 549 1059 Aen.
569 1033 611 1059 vl
633 1021 715 1060 308
738 1022 777 1059 et
795 1034 821 1060 v
842 1022 879 1059 4.

253 1079 312 1118 De
337 1080 576 1118 hexametris
602 1079 701 1118 dixi:
728 1080 863 1118 eadem
888 1082 992 1119 ratio
1014 1081 1242 1131 agnoscitur
1261 1083 1302 1120 in
1322 1082 1496 1121 versibus
1516 1086 1688 1135 tragicis,

134 1151 301 1188 quorum
325 1139 455 1177 minor
480 1141 539 1178 est
563 1151 764 1187 numerus,
797 1141 867 1189 qui
893 1139 1088 1190 plerique,
1121 1141 1225 1190 quod
1258 1141 1415 1190 quidem
1446 1155 1515 1192 per
1546 1143 1688 1182 codicis

135 1197 402 1236 condicionem
429 1210 660 1249 cognoscere
685 1198 789 1247 licet,
815 1198 911 1237 item
937 1201 1028 1237 sunt
1053 1212 1187 1238 versus
1213 1200 1443 1250 singulares,
1469 1202 1581 1240 modo
1608 1203 1686 1252 ple·

133 1269 225 1294 nam
264 1258 501 1295 sententiam
540 1257 783 1306 exhibentes,
821 1258 935 1296 modo
974 1258 1207 1308 pendentem
1252 1261 1291 1297 et
1334 1272 1523 1298 mancam.
1567 1261 1688 1299 Velut

133 1329 170 1365 p.
193 1316 289 1364 346,
307 1316 357 1353 18
387 1317 454 1364 qui
479 1316 694 1354 traduntur
718 1329 852 1355 versus
879 1317 969 1366 duo,
996 1330 1128 1355 eorum
1155 1316 1406 1368 Cresphontis
1435 1315 1500 1370 [11]

310 1375 431 1414 Ducit
454 1388 512 1414 me
537 1387 694 1414 uxorem
719 1376 926 1414 liberorum
951 1377 1025 1415 sibi
1050 1377 1307 1424 quaesendum
1329 1379 1459 1425 qratia

134 1434 303 1483 plenam,
329 1434 601 1472 Andromedae
629 1437 759 1473 autem
788 1431 881 1486 [vu]

310 1493 497 1532 Liberum
523 1494 782 1542 quaesendum
807 1507 927 1533 causa
951 1495 1126 1542 familiae
1151 1498 1311 1533 matrem
1337 1498 1423 1534 tuae

133 1551 367 1602 pendentem
399 1554 635 1592 sententiam
666 1553 796 1602 habet,
828 1554 890 1592 vel
923 1554 995 1592 hoc
1021 1567 1093 1604 par
1118 1566 1300 1592 versuum
1327 1554 1429 1603 quod
1455 1568 1491 1604 p.
1514 1555 1608 1603 234,
1631 1558 1685 1593 20

134 1612 306 1660 affertur,
331 1612 489 1651 Ennius
514 1614 558 1651 in
587 1613 789 1651 Telamone
815 1609 877 1664 [v]

308 1671 443 1710 Scibas
467 1675 603 1710 natum
628 1674 839 1720 inqenuum
863 1670 1036 1717 Aiacem,
1062 1673 1124 1711 cui
1150 1674 1190 1710 tu
1215 1672 1448 1711 obsidionem
1465 1684 1592 1721 paras

131 1731 220 1768 item
246 1730 323 1769 alio
348 1731 427 1769 loco
454 1725 583 1784 (Hect.
603 1732 695 1780 lytr.
716 1725 791 1783 vn)

309 1790 463 1834 Hector,
488 1792 555 1838 qui
579 1791 686 1828 haud
712 1792 832 1828 cessat
856 1791 1090 1828 obsidionem
1115 1790 1314 1834 obducere,

131 1849 223 1886 sunt
253 1861 387 1886 versus
424 1850 586 1900 integri,
631 1849 695 1888 sed
734 1849 842 1899 prior
879 1849 1060 1887 absoluta
1097 1849 1308 1897 sententia,
1353 1849 1452 1888 alter
1489 1849 1683 1899 pendenti.

130 1908 272 1946 Hector
298 1908 401 1945 enim
427 1909 577 1947 claudit
602 1909 841 1958 superiorem
867 1908 1113 1956 sententiam,
1146 1908 1264 1957 {luam
1289 1921 1358 1947 nos
1384 1908 1586 1956 nescimus,
1620 1922 1684 1946 ne-

132 1979 206 2015 que
244 1968 329 2004 erat
361 1967 465 2015 quod
496 1979 567 2015 que
597 1980 668 2018 pro
706 1969 773 2016 qui
808 1969 1073 2017 reponeretur.
1111 1967 1289 2005 Eundem
1322 1966 1480 2004 modum
1518 1980 1683 2018 agnosco

129 2039 166 2074 p.
189 2026 285 2074 532,
307 2027 330 2063 2
358 2026 516 2064 Ennius
541 2028 584 2065 in
608 2025 731 2064 Aiace
757 2022 835 2077 [Ν]

247 2083 374 2123 Aiax:
398 2087 515 2123 misso
539 2087 730 2133 sanquine
755 2085 879 2132 tepido
905 2085 1006 2123 tullii
1031 2085 1204 2132 efflantes
1229 2085 1369 2128 volant,

130 2156 222 2181 nam
252 2142 360 2182 Aiace
391 2156 439 2181 ne
471 2143 567 2192 quid
597 2143 727 2181 versui
760 2142 910 2181 deesset
942 2156 986 2180 ex
1011 2144 1141 2192 priore
1174 2143 1369 2181 sententia
1401 2141 1577 2179 additum
1612 2144 1682 2190 est,

131 2215 230 2251 quae
268 2203 323 2240 sic
354 2203 435 2239 fere
467 2202 672 2250 suppletur
698 2210 907 2249 percussus
938 2200 1057 2249 iacet]
1086 2200 1213 2239 Aiax:
1243 2203 1359 2239 misso
1389 2202 1578 2249 sanquine
1603 2213 1680 2250 eqs.

128 2261 211 2298 Nec
237 2260 497 2298 dubitandum
522 2261 679 2298 videtur
706 2261 800 2309 quin
826 2273 862 2309 p.
884 2260 980 2305 460,
1005 2260 1056 2297 15
1083 2261 1125 2298 in
1150 2259 1373 2298 Alemandro
1400 2255 1478 2310 [lv]

247 2320 454 2358 Hominem
480 2320 649 2367 appellat
674 2316 782 2368 ‘quid
806 2319 973 2363 lascivis,
997 2319 1157 2357 stolide?
1180 2330 1259 2357 non
1282 2314 1477 2367 intelte'qit'

128 2390 207 2417 non
231 2379 416 2427 intelleqis
442 2380 546 2417 recte
572 2379 777 2426 scribatur,
804 2378 907 2427 quod
934 2377 1129 2416 adiectum
1155 2379 1277 2416 estut
1295 2390 1427 2416 versus
1447 2390 1557 2416 suam
1576 2390 1681 2415 men-

129 2450 261 2476 suram
285 2437 448 2476 haberet
475 2432 584 2490 (nam
611 2438 660 2476 ad
685 2450 768 2476 rem
793 2450 871 2476 non
897 2431 1224 2489 desiderabatur),
1252 2436 1319 2476 sed
1345 2437 1393 2474 ab
1418 2437 1491 2474 hac
1517 2437 1679 2475 interro-

128 2498 288 2547 gatione
321 2496 425 2546 quod
455 2496 651 2546 pendebat
682 2497 775 2546 quia
807 2498 916 2534 extra
946 2508 1102 2534 versum
1133 2498 1218 2534 erat
1249 2497 1434 2534 omissum
1461 2497 1528 2533 est.
1560 2495 1680 2533 Porro

128 2568 164 2604 p.
187 2556 283 2604 370,
306 2557 358 2594 28
385 2568 518 2594 rursus
545 2556 621 2594 duo
647 2567 781 2594 versus
807 2555 938 2603 habes,
965 2568 1010 2592 ex
1037 2554 1277 2604 Cresphonte
1303 2554 1469 2592 alterum
1490 2550 1552 2604 [v]

410 2614 520 2653 Audi
545 2617 657 2663 atque
682 2615 825 2652 auditis
849 2615 1115 2652 hostimentum
1137 2614 1351 2662 adiwnyitO,

129 2674 238 2712 cuius
259 2676 298 2712 et
317 2676 485 2712 metrum
506 2676 545 2712 et
564 2673 758 2712 sententia
777 2673 932 2723 integra
952 2674 1021 2721 est,
1042 2673 1211 2712 alterum
1231 2685 1276 2711 ex
1292 2672 1471 2710 Hectoris
1486 2671 1598 2720 lytris
1614 2665 1676 2720 [x]

248 2732 353 2781 Quae
377 2745 462 2772 mea
487 2734 699 2772 comminus
723 2733 929 2771 machaera
955 2735 1066 2780 atque
1090 2733 1202 2770 hasta
1226 2732 1412 2770 hostibitis
1436 2741 1556 2767 manu

129 2792 184 2829 sic
209 2793 349 2841 opinor
373 2794 477 2830 recte
504 2793 704 2842 scriptum,
737 2791 803 2831 sed
828 2792 874 2828 ut
899 2791 1069 2829 numeris
1095 2791 1205 2839 nihil,
1237 2790 1452 2829 sententiae
1478 2787 1526 2825 ad
1557 2798 1677 2824 manu

130 2849 349 2889 addendum
368 2853 488 2890 missa
508 2852 570 2889 vel
589 2853 692 2890 iacta
711 2850 822 2888 desit.
848 2850 911 2888 Ad
929 2851 1030 2888 hanc
1049 2851 1243 2888 rationem
1262 2849 1355 2887 licet
1374 2848 1535 2885 fortasse
1557 2846 1676 2883 etiam

130 2908 325 2948 declarare
350 2923 506 2949 versum
531 2911 626 2949 satis
653 2909 859 2949 obscurum
885 2909 931 2947 de
958 2909 1208 2947 Andromeda
1234 2904 1296 2959 [v]
1322 2920 1357 2956 p.
1380 2906 1474 2952 570,
1496 2905 1548 2942 29
