2004 3278
249 179 426 215 CXCVIII
779 176 823 211 H.
849 175 914 210 DE
933 174 1087 210 LIBRIS
1106 173 1338 210 ENNIANIS

250 291 382 339 Ennii,
413 289 677 327 Hannibalem
702 288 932 326 dissuasisse
957 286 1168 335 Antiocho,
1193 299 1242 325 ne
1266 286 1416 325 bellum
1441 287 1591 326 faceret
1619 299 1708 326 cum
1732 287 1810 326 Ro-

250 351 389 388 manis.
415 348 539 393 Quem
565 347 750 386 credibile
776 348 835 385 est
859 359 938 384 non
964 345 1196 385 dissuasisse
1222 347 1381 384 omnino
1413 346 1563 385 bellum
1594 347 1663 385 sed
1694 347 1810 386 certis

251 407 544 447 condicionibus
570 406 793 458 gerendum.
820 405 867 443 Id
893 406 998 444 enim
1022 405 1198 456 intelligi
1222 405 1380 444 videtur
1405 419 1450 444 ex
1475 405 1524 445 iis
1551 418 1652 455 quae
1678 405 1725 444 de
1749 406 1810 445 his

249 467 456 516 colloquiis
481 465 670 504 Antiochi
705 478 795 504 cum
826 464 1051 504 Hannibale
1080 464 1228 503 habitis
1260 464 1366 514 apud
1396 464 1594 503 Iustinum
1625 466 1812 516 leguntur

247 538 344 563 xxx1
366 527 408 564 5:
440 525 509 563 ubi
533 525 735 563 Hannibal
765 525 915 563 fatetur
942 518 1006 577 (3)
1038 524 1139 562 nihil
1167 536 1207 562 se
1238 526 1308 562 aut
1337 525 1586 563 consiliorum
1614 528 1683 563 aut
1707 536 1812 573 coep-

247 589 373 623 torum
392 586 660 633 praesentium
678 585 861 632 probare,
891 595 1012 632 neque
1035 584 1163 622 sedem
1188 584 1276 622 belli
1307 582 1515 622 Graeciam
1544 584 1620 622 sibi
1643 584 1812 632 placere,

247 657 333 683 cum
357 646 400 683 in
425 644 549 683 Italia
573 645 728 682 uberior
751 644 917 682 materia
941 644 1002 688 sit,
1028 644 1070 680 in
1096 655 1219 692 eaque
1244 656 1287 681 re
1308 642 1382 681 hoc
1402 643 1578 692 exemplo
1598 644 1726 681 utitur
1745 638 1810 696 (7)

246 705 282 742 si
307 705 393 752 quis
418 704 498 742 illis
523 703 648 742 Italia
671 703 775 741 velut
797 704 901 751 fonte
924 704 1071 741 virium
1090 704 1253 747 cesserit,
1277 703 1446 750 proinde
1469 702 1560 750 falli
1585 715 1631 740 ac
1660 703 1696 740 si
1726 704 1812 751 quis

246 775 379 801 amnes
398 774 476 800 non
495 763 543 801 ab
562 764 660 810 ipsis
678 763 845 810 fontium
857 762 1090 810 primordiis
1110 762 1286 800 derivare
1304 762 1371 800 sed
1389 763 1572 800 concretis
1590 763 1672 800 iam
1691 774 1812 810 aqua-

246 835 336 860 rum
359 823 525 860 molibus
550 825 720 860 avertere
747 821 806 860 vel
837 822 1027 860 eoesiccare
1057 822 1167 868 velit,·
1197 821 1300 859 unde
1331 821 1492 859 illorum
1522 834 1707 859 versuum
1733 815 1811 874 (Ν)

248 894 382 920 sensus
418 881 576 931 planior
607 880 742 919 evadit
774 882 814 918 et
838 881 911 918 hoc
936 880 1177 931 intelligitur
1202 880 1251 918 ad
1279 881 1444 918 eundem
1469 892 1688 919 sermonem
1713 881 1811 919 refe-

245 941 411 978 rendum
443 952 526 978 esse
556 940 660 978 hunc
693 939 814 977 Ennii
846 952 1002 978 versum
1028 934 1095 993 (Π)
1128 940 1240 977 nulla
1270 939 1364 977 libri
1396 941 1492 978 nota
1523 940 1691 978 allatum
1726 951 1812 979 con-

245 1001 396 1048 tempsit
419 1001 542 1047 fontes
567 1000 706 1047 quibus
726 1000 896 1047 exeruqit
920 1011 1045 1047 aquae
1068 1000 1138 1038 vis.
1166 999 1354 1037 Eiusdem
1373 998 1609 1038 Hannibalis
1630 1011 1711 1037 esse
1731 998 1810 1036 An-

244 1059 421 1097 tiochum
446 1059 641 1097 monentis
666 1070 824 1096 versum
848 1070 895 1095 111
920 1070 965 1095 ex
990 1058 1064 1097 hoc
1089 1058 1190 1096 libro
1212 1059 1378 1096 citatum
1397 1059 1447 1096 iis
1467 1058 1691 1096 ostenditur
1711 1071 1811 1108 quae

246 1119 288 1156 in
321 1118 410 1156 adn.
442 1118 668 1156 memoravi.
702 1116 815 1162 Quod
846 1118 971 1156 restat
996 1112 1047 1171 (1)
1079 1119 1183 1156 recte
1214 1117 1306 1155 huic
1331 1117 1432 1155 libro
1460 1117 1703 1166 adscriptum
1730 1130 1812 1156 esse

245 1178 355 1216 nullo
389 1179 548 1216 auctore
580 1177 697 1214 fidem
727 1177 881 1215 faciunt
913 1189 1013 1225 quae
1045 1176 1183 1215 Livius
1215 1176 1340 1215 tradit
1372 1189 1481 1215 xxxv
1504 1178 1569 1225 23,
1593 1179 1612 1214 1
1649 1180 1812 1215 ceterum

245 1249 286 1275 eo
312 1240 476 1284 tempore
500 1238 630 1274 minus
657 1248 702 1274 ea
728 1236 826 1274 bella
852 1247 949 1284 quae
971 1237 1203 1284 yercbantur
1228 1248 1344 1274 curae
1362 1237 1546 1284 patribus
1567 1239 1677 1275 erant
1695 1248 1812 1284 quam

246 1297 470 1343 eoespectatio
496 1296 669 1333 nondum
695 1296 813 1343 coepti
845 1307 932 1333 cum
956 1294 1145 1334 Antiocho
1177 1295 1277 1340 belli,
1309 1307 1472 1344 eamque
1504 1295 1813 1334 sollicitudinem

245 1354 468 1393 rumoribus
501 1355 556 1392 ali
582 1349 647 1407 (8)
675 1355 835 1393 classem
866 1356 967 1403 reyis
992 1353 1175 1393 Antiochi
1206 1366 1250 1393 ex
1274 1353 1427 1393 Aetolia
1459 1356 1503 1393 in
1527 1354 1703 1393 Siciliam
1734 1358 1812 1394 tra—

246 1416 358 1453 iicere
384 1414 447 1452 vel
470 1408 565 1466 (10)
593 1413 827 1452 Antiochum
851 1425 976 1462 reyem
995 1414 1288 1462 Hellespontum
1313 1426 1400 1452 cum
1425 1416 1590 1453 exercitu
1615 1416 1812 1460 transisse,

245 1473 348 1511 unde
379 1473 623 1512 Antiochum
653 1475 859 1522 tamquam
890 1473 1060 1511 alterum
1090 1474 1258 1512 Xerxem
1293 1473 1556 1512 adventurum
1588 1475 1810 1512 extimesce-

242 1532 356 1571 bant:
382 1532 422 1570 id
450 1533 556 1582 quod
577 1533 718 1571 Florus
744 1533 915 1571 testatur
937 1529 968 1582 (1
990 1533 1056 1581 24,
1079 1527 1123 1585 2)
1149 1544 1228 1571 non
1253 1533 1364 1571 aliud
1388 1534 1678 1581 formidolosius
1701 1535 1812 1582 fama

246 1593 385 1631 bellum
409 1593 502 1640 fuit,
528 1593 668 1640 quippe
694 1604 780 1630 cum
804 1592 947 1630 Persas
972 1594 1005 1630 et
1029 1593 1222 1637 orientem,
1249 1592 1405 1631 Xeroeen
1430 1595 1542 1641 atque
1561 1593 1735 1631 Darium
1754 1605 1812 1631 co-

241 1653 421 1700 yitarent,
447 1651 602 1699 quando
614 1652 787 1699 perfossi
805 1652 904 1688 invii
922 1653 1078 1696 montes,
1104 1651 1259 1699 quando
1278 1652 1372 1690 velis
1395 1654 1567 1699 opertum
1586 1664 1694 1690 mare
1711 1665 1812 1690 nun-

245 1712 418 1748 tiaretur.
446 1710 506 1748 Ea
529 1711 654 1760 igitur
680 1710 882 1748 occasione
907 1709 1111 1759 probabile
1138 1712 1197 1748 est
1216 1710 1338 1748 Ennii
1356 1723 1513 1749 versum
1532 1711 1579 1748 de
1598 1711 1725 1749 Xerxe
1746 1706 1811 1764 (x)

244 1771 352 1818 isque
377 1769 624 1817 Hellesponto
642 1772 800 1817 pontem
826 1769 1017 1807 contendit
1040 1770 1084 1807 in
1109 1769 1185 1807 alto
1218 1770 1367 1807 elatum
1400 1782 1481 1808 esse
1513 1783 1537 1808 a
1570 1771 1701 1809 nescio
1734 1784 1811 1820 quo

246 1841 363 1878 quem
395 1830 514 1878 poeta
537 1828 765 1877 loquentem
790 1828 1000 1866 induxerit.
1031 1827 1138 1872 Quae
1163 1829 1367 1877 praeterea
1392 1830 1484 1868 huic
1509 1830 1611 1868 libro
1638 1830 1811 1880 adscrip-

246 1900 374 1926 seram
399 1900 502 1925 nunc
526 1886 844 1926 testimoniorum
869 1887 943 1925 fide
969 1889 1011 1925 in
1036 1899 1105 1926 xvi
1132 1888 1326 1926 collocata
1352 1890 1455 1926 sunt.

365 1946 535 1991 Quarti
567 1946 741 1985 decimi
773 1947 963 1985 annalis
995 1947 1219 1998 fragmenta
1243 1948 1348 1985 inter
1373 1947 1470 1986 duas
1496 1948 1590 1986 licet
1616 1961 1706 1986 cum
1731 1948 1811 1986 An-

244 2006 377 2044 tiocho
399 2019 432 2044 a.
453 2020 490 2043 u.
512 2019 542 2044 c.
559 2006 643 2043 564
665 2007 891 2045 commissas
910 2019 1063 2056 pugnas
1085 2007 1245 2055 aequali
1263 2007 1344 2044 fere
1363 2008 1545 2056 portione
1560 2007 1811 2046 distribueret

246 2065 418 2115 priorem
439 2065 526 2104 dico
540 2066 723 2103 navalem
738 2065 787 2103 ad
797 2065 1058 2114 Myonnesum
1071 2066 1220 2104 factam
1235 2078 1353 2115 quam
1366 2065 1504 2104 Livius
1518 2078 1658 2105 xxxvn
1673 2067 1739 2105 29.
1756 2068 1811 2106 30

244 2125 442 2173 perhibet:
468 2124 570 2163 unde
592 2126 784 2174 quantum
805 2125 902 2163 satis
923 2126 981 2163 est
1002 2125 1052 2163 ad
1070 2125 1320 2163 inlustranda
1339 2126 1386 2163 fr.
1400 2138 1516 2164 1——1v
1535 2126 1641 2164 infra
1660 2127 1811 2176 scripsi.

246 2184 352 2234 Ergo
379 2183 575 2222 Aemilius
602 2184 780 2234 Regillus
806 2185 966 2233 praetor
992 2183 1041 2222 ad
1068 2184 1254 2222 Teiorum
1278 2185 1415 2223 urbem
1441 2185 1606 2223 classem
1629 2184 1810 2224 traduxe-

247 2244 312 2281 rat
337 2245 377 2281 et
403 2237 491 2296 (29,
515 2238 557 2295 1)
585 2245 725 2292 eyressi
749 2244 889 2281 milites
913 2246 1132 2292 nautaeque
1155 2247 1248 2282 swnt
1272 2244 1325 2282 ad
1349 2247 1579 2283 commeatus
1611 2247 1646 2283 et
1676 2246 1812 2284 vinum

245 2304 412 2341 manime
437 2302 689 2340 dividendum
712 2304 756 2341 in
781 2314 917 2347 naves,
943 2297 1008 2355 (2)
1038 2315 1125 2341 cum
1148 2303 1273 2341 medio
1297 2305 1396 2351 forte
1426 2304 1504 2343 diei
1535 2305 1696 2352 ayrestis
1728 2306 1811 2352 qui-

243 2362 336 2399 dam
361 2362 414 2400 ad
431 2364 653 2410 praetorem
679 2361 870 2400 adductus
893 2363 1051 2401 nuntiat
1075 2363 1239 2400 alterum
1272 2364 1354 2401 iam
1385 2363 1487 2401 diem
1518 2364 1678 2402 classem
1707 2367 1812 2402 stare

244 2421 297 2458 ad
309 2421 482 2459 insulam
490 2422 652 2459 Macrin
663 2416 803 2473 (quam
816 2421 968 2460 nautici
981 2423 1136 2470 vocant,
1151 2421 1336 2460 adversus
1351 2416 1631 2475 Myonnesum)
1647 2426 1680 2461 et
1684 2423 1810 2470 paulo

244 2483 332 2518 ante
350 2481 456 2518 visas
476 2481 668 2528 quasdam
686 2482 830 2519 moveri
850 2483 1048 2528 tamquam
1070 2481 1123 2519 ad
1134 2482 1413 2529 profectionem
1430 2492 1571 2528 naves‚·
1594 2482 1724 2531 primo
1742 2476 1809 2534 (4)

245 2540 411 2577 turbatis
435 2540 610 2587 imperiis
636 2551 865 2578 concursum
890 2540 943 2578 ad
967 2551 1086 2578 naves
1112 2543 1187 2587 est‚·
1218 2539 1309 2578 dein
1335 2540 1500 2578 consilio
1527 2553 1573 2578 ac
1597 2539 1810 2589 prudentia

161 2586 168 2601 ⁸
244 2597 409 2636 Aemilii
439 2599 523 2636 sine
554 2597 820 2648 trepidatione
851 2611 971 2637 naves
1004 2599 1286 2648 conscendunt3
1318 2593 1382 2652 (7)
1408 2600 1671 2647 instructaque
1696 2601 1809 2645 acies,

244 2657 347 2695 velut
377 2660 572 2696 cernerent
601 2659 736 2706 regarios5
767 2659 811 2696 in
842 2658 964 2696 altum
989 2660 1179 2707 processit
1203 2653 1247 2711 (Ι.
1268 2653 1329 2711 11).
1360 2659 1461 2696 inter
1485 2659 1748 2707 Myonnesum
1777 2662 1811 2698 et

249 2715 438 2765 Corycum
461 2717 785 2764 promunturium
819 2720 940 2762 erant,
978 2729 1065 2756 cum
1099 2719 1240 2756 hostem
1273 2728 1498 2765 conspeoeere
1524 2712 1619 2770 (111).
1653 2712 1741 2770 (30,
1764 2713 1808 2771 1)

245 2777 327 2814 iam
351 2777 438 2814 totis
464 2776 652 2814 classibus
675 2776 794 2814 simul
812 2777 861 2814 ab
881 2778 986 2815 omni
997 2779 1114 2824 parte
1126 2789 1266 2826 puqna
1285 2779 1459 2815 conserta
1478 2780 1561 2815 erat
1580 2771 1808 2830 (1v).A1te-

246 2848 336 2872 rum
356 2834 460 2884 quod
479 2834 555 2872 huc
573 2836 747 2884 pertinet
765 2835 961 2884 proelium
972 2837 1032 2874 est
1045 2835 1095 2873 ad
1108 2836 1354 2886 Magnesiam
1368 2834 1416 2874 ad
1432 2834 1614 2885 Sipylum
1628 2837 1807 2874 commis-

246 2906 345 2939 sum,
368 2893 496 2944 quode
514 2892 652 2933 Livius
672 2895 697 2932 l.
711 2895 736 2932 l.
753 2895 938 2933 39—44.
960 2894 1036 2940 Qui
1054 2895 1123 2934 ubi
1141 2895 1343 2935 Romanae
1362 2895 1463 2934 aciei
1480 2896 1655 2934 rationes
1675 2896 1808 2946 tangit
