2020 3334
291 279 295 283 ¹
355 228 467 264 LXV]
909 227 936 262 I.
962 226 1188 261 HISTORIA
1207 226 1343 262 ENNII

473 340 615 388 Itaque
641 338 691 376 ad
708 338 872 376 Festum
895 337 1062 376 redeunt
1084 339 1243 388 praeter
1267 339 1398 377 cetera
1422 351 1558 378 versus
1575 340 1692 378 multi
1711 340 1916 379 annalium

357 401 397 436 et
421 397 720 448 tragoediarum
746 397 1037 435 nonnullarum.
1063 397 1118 435 Et
1142 396 1213 446 qui
1238 399 1331 435 sunt
1355 398 1561 436 annalium
1583 400 1797 437 secundum
1815 399 1917 437 ordi-

356 470 446 494 nem
460 457 651 495 librorum
665 456 848 505 citantur,
863 456 968 506 quod
981 456 1042 494 his
1056 455 1243 505 exemplis
1261 456 1528 507 cognoscitur:
1546 470 1584 507 p.
1603 459 1697 508 172,
1715 461 1735 496 1
1758 459 1917 497 Ennius

355 517 378 554 l.
406 527 447 553 VI
471 545 479 552 .
506 545 513 553 .
541 545 548 552 .
581 518 615 553 et
638 516 663 553 Ζ.
692 527 780 563 1VI3
805 529 842 565 p.
866 516 962 563 194,
984 515 1037 552 14
1064 515 1113 552 Ε.
1139 516 1182 553 v'm
1207 515 1231 553 l.
1259 527 1318 553 II.
1340 545 1348 553 .
1369 529 1401 562 .,·
1431 517 1519 554 item
1543 518 1587 554 in
1611 517 1635 554 l.
1668 529 1716 554 V.
1738 547 1746 555 .
1767 531 1798 564 .,·
1827 519 1917 555 item

356 576 399 612 in
424 575 448 612 Ζ.
476 586 563 623 VIII,
587 587 625 624 p.
647 574 744 622 348,
765 575 788 611 6
817 574 867 612 Ε.
886 576 929 612 in
941 575 1073 622 primo
1094 604 1102 611 .
1124 604 1132 611 .
1154 587 1185 621 .,·
1207 573 1333 623 [idem
1356 573 1425 623 in]
1447 575 1634 613 secwmto.
1651 589 1699 623 ..3
1725 589 1762 625 p.
1777 577 1915 624 426,3

355 633 404 671 E.
430 634 453 670 l.
475 646 495 671 I
516 663 524 670 .
545 663 582 670 ..
609 636 643 671 et
667 634 690 671 Ζ.
711 645 771 671 II.
792 648 848 682 ..3
884 646 923 682 p.
950 634 1053 681 428,
1076 634 1128 670 12
1162 633 1212 671 E.
1238 634 1262 671 l.
1283 646 1389 679 I...;
1427 636 1461 672 ct
1484 634 1510 671 Ζ.
1535 646 1683 681 III...‚·
1712 634 1737 672 l.
1764 647 1918 681 VII...,·

354 693 378 730 Ζ.
399 705 469 730 XI.
491 722 499 730 .
522 707 548 741 ,ς
572 705 609 741 p.
631 693 729 741 476,
751 692 803 730 18
831 692 881 730 E.
899 693 943 730 in
962 692 987 730 l.
1013 705 1056 729 I.
1078 722 1085 729 .
1107 705 1138 738 .;
1163 692 1186 729 Ζ.
1216 704 1295 730 VII.
1317 722 1325 730 .
1348 706 1379 739 .,·
1407 694 1451 731 in
1475 693 1499 729 Ζ.
1520 705 1596 730 XVI
1619 706 1750 742 ...;p.
1772 694 1914 742 492‚5

354 751 405 789 E.
425 752 449 789 Ζ.
470 764 505 789 II
521 781 529 788 .
552 783 559 790 .
580 764 611 798 .,·
635 753 670 789 et
693 751 716 789 Ζ.
731 763 830 789 XVI.
853 781 861 788 .
882 781 908 789 ..
935 749 1022 795 Quo
1046 750 1174 802 magis
1199 752 1383 800 apertum
1408 753 1468 789 est
1485 765 1524 801 p.
1546 752 1642 800 340,
1658 753 1711 790 22
1732 751 1803 790 ubi
1819 752 1917 790 haec

354 810 504 848 tradita
541 811 633 848 sunt
664 810 823 848 Bromius
860 810 884 848 Ζ.
910 822 962 847 XL
988 840 995 848 .
1024 839 1031 847 .
1059 839 1067 847 .
1105 810 1207 848 idem
1232 810 1255 848 Ζ.
1277 822 1381 847 XVI.
1410 840 1417 847 .
1445 840 1477 859 .,
1508 810 1680 859 priorem
1710 823 1917 849 numerum

357 869 459 907 falso
485 868 677 918 scriptum
702 881 796 918 esse,
823 870 862 906 et
885 868 1039 918 pridem
1063 881 1135 918 pro
1155 881 1206 906 XL
1230 869 1449 919 repositum
1474 871 1534 907 est
1553 882 1606 907 XI.
1634 868 1763 907 Semel
1782 882 1916 919 pecca-

356 929 442 965 tum
474 930 534 966 est
563 929 606 965 in
637 927 773 966 ordine
797 940 833 977 p.
863 929 966 976 220,
994 928 1047 965 25
1075 928 1125 965 Ε.
1150 928 1175 965 Ζ.
1195 940 1271 965 XVI
1293 958 1301 965 .
1328 958 1335 965 .
1363 957 1371 965 .
1404 930 1504 966 etin
1529 929 1554 966 Ζ.
1580 940 1684 966 VIII.
1712 959 1719 966 .
1747 959 1779 966 ..
1811 928 1917 966 Nam

356 986 510 1024 numeri
536 986 712 1025 dubitari
737 999 816 1024 non
841 988 973 1036 potest
999 987 1096 1036 quin
1120 988 1224 1025 recte
1250 987 1387 1036 scripti
1413 987 1502 1036 sint,
1528 987 1597 1026 sed
1620 987 1715 1025 licet
1737 987 1918 1037 patefieri

357 1058 436 1083 non
467 1045 593 1095 possit
624 1045 726 1083 unde
757 1046 790 1083 is
823 1058 931 1083 error
955 1047 1073 1083 natus
1098 1045 1168 1094 sit,
1199 1047 1261 1083 tot
1285 1046 1472 1094 exemplis
1498 1046 1769 1084 adversarium
1792 1059 1914 1084 unum

355 1116 434 1142 non
458 1105 592 1153 potest
621 1104 813 1154 impedire
845 1117 924 1154 quo
961 1104 1090 1142 minus
1121 1117 1193 1154 pro
1225 1106 1331 1143 certo
1362 1105 1556 1142 habeatur
1580 1104 1763 1142 Verrium
1795 1117 1916 1143 anna-

355 1163 454 1200 lium
479 1163 600 1202 libros
626 1175 695 1201 suo
722 1163 858 1201 ordine
883 1164 1119 1213 excerpsisse
1145 1176 1270 1213 neque
1295 1165 1337 1201 in
1364 1176 1409 1201 ea
1440 1176 1481 1201 re
1513 1164 1674 1202 Festum
1706 1164 1917 1213 quicquam

355 1223 543 1271 mutasse,
570 1235 688 1271 quem
708 1222 893 1260 credibile
920 1224 980 1260 est
997 1222 1172 1260 Ennium
1199 1235 1414 1272 numquam
1438 1222 1665 1272 inspexisse,
1691 1222 1758 1261 sed
1785 1235 1808 1260 a
1832 1223 1917 1261 solo

355 1281 495 1319 Verrio
521 1281 763 1330 pependisse.
789 1281 896 1319 Illud
921 1294 1080 1331 quoque
1107 1294 1153 1319 ex
1178 1281 1313 1319 ordine
1336 1282 1540 1330 primitivo
1559 1281 1686 1329 fluxit,
1711 1282 1818 1331 quod
1836 1284 1917 1320 tra-

356 1339 519 1390 goediae
550 1342 642 1389 post
674 1341 836 1378 annales
874 1341 1064 1378 citantur:
1103 1354 1139 1390 p.
1168 1341 1265 1389 236,
1287 1341 1310 1378 5
1344 1341 1503 1378 Ennius
1528 1341 1552 1378 Ζ.
1579 1353 1705 1378 XIIII.
1734 1370 1742 1377 .
1770 1370 1778 1378 .
1811 1344 1844 1379 et
1873 1343 1916 1379 in

358 1399 566 1447 Iphiqenia
587 1431 593 1437 .
616 1427 623 1435 .
647 1413 672 1446 ‚3
699 1412 735 1448 p.
759 1400 855 1447 346,
873 1400 924 1437 15
946 1399 996 1437 Ε.
1016 1400 1040 1437 Ζ.
1061 1411 1097 1437 II
1112 1429 1120 1436 .
1143 1431 1149 1437 .
1173 1429 1179 1435 .
1206 1400 1300 1437 etin
1317 1398 1547 1447 Cresphonte
1566 1429 1574 1436 .
1596 1429 1603 1436 .
1625 1429 1632 1436 .
1653 1403 1687 1438 et
1706 1401 1749 1438 in
1761 1398 1918 1437 Andro-

355 1458 468 1496 meda
488 1473 575 1507 ...3
599 1472 636 1508 p.
658 1459 756 1506 424,
772 1459 827 1496 30
850 1458 900 1496 Ε.
918 1459 962 1496 in
986 1461 1088 1497 sexto
1109 1488 1116 1495 .
1139 1489 1145 1495 .
1169 1471 1199 1504 .,·
1222 1460 1265 1496 in
1282 1457 1588 1496 Andromacha.
1610 1488 1618 1495 .
1639 1473 1666 1507 .;
1690 1472 1728 1508 p.
1749 1459 1846 1506 460,
1862 1459 1915 1496 13

358 1517 407 1554 Ε.
427 1517 452 1555 Ζ.
473 1529 515 1554 I.
538 1547 545 1554 .
568 1531 594 1566 ,ς
614 1520 648 1555 et
670 1519 714 1555 in
732 1516 959 1555 Alexandro
980 1547 987 1554 .
1010 1548 1017 1555 .
1039 1547 1064 1554 ..
1091 1516 1306 1555 Annalium
1325 1516 1418 1555 libri
1440 1519 1484 1555 ut
1503 1517 1682 1566 exempla
1701 1517 1917 1555 docuerunt

358 1576 549 1614 librorum
575 1576 748 1615 numeris
775 1577 1011 1614 afferuntur:
1037 1577 1243 1614 annalium
1268 1575 1444 1624 (annali)
1469 1575 1529 1614 bis
1553 1578 1712 1614 tantum
1737 1575 1915 1613 additum

356 1635 513 1686 legitur,
537 1648 574 1684 p.
597 1635 694 1683 234,
710 1636 764 1673 27
786 1636 945 1673 Ennius
970 1646 1084 1683 quom
1108 1635 1208 1673 dixit
1231 1637 1275 1673 in
1305 1635 1330 1672 Ζ.
1350 1647 1369 1672 I
1384 1635 1613 1673 annalium.
1630 1650 1679 1683 ..3
1698 1649 1735 1684 p.
1752 1635 1914 1683 284,23

356 1697 399 1731 ut
430 1694 589 1732 Ennius
614 1694 762 1733 annali.
789 1694 812 1731 Ζ.
834 1707 910 1731 III.
932 1724 939 1731 .
962 1724 986 1731 ..
1024 1693 1193 1731 Videtur
1217 1693 1397 1741 Verrius,
1423 1695 1457 1731 si
1487 1695 1592 1732 recte
1616 1706 1699 1731 rem
1723 1693 1918 1744 intelligo,

356 1753 476 1791 semel
507 1754 665 1791 tantum
702 1754 744 1790 in
780 1754 908 1802 primo
946 1754 1140 1801 cuiusque
1178 1752 1269 1790 libri
1299 1764 1417 1791 versu
1451 1754 1522 1802 qui
1556 1753 1719 1790 affertur
1754 1752 1917 1790 titulum

358 1811 451 1849 libri
483 1811 690 1850 addidisse.
731 1810 845 1850 Certe
869 1825 907 1861 p.
935 1813 1038 1860 312,
1067 1813 1117 1849 11
1152 1812 1194 1849 in
1225 1811 1287 1849 his
1318 1811 1472 1850 laciniis
1493 1842 1501 1849 .
1523 1841 1530 1848 .
1552 1841 1559 1848 .
1579 1823 1652 1859 pes
1682 1808 1783 1851 drl.
1805 1841 1812 1848 .
1833 1841 1841 1848 .
1871 1811 1917 1849 de

359 1872 442 1908 ruit
447 1866 468 1921 s
477 1900 484 1907 .
507 1900 514 1907 .
536 1901 544 1908 .
565 1871 590 1908 Ζ.
610 1883 629 1908 I
650 1883 703 1909 an
727 1871 842 1909 valde
868 1870 990 1908 dubia
1014 1883 1076 1908 res
1103 1871 1162 1908 est
1188 1883 1307 1920 quam
1331 1872 1435 1908 recte
1461 1871 1709 1909 restituerint
1735 1868 1918 1918 Ennius]

360 1930 384 1967 Ζ.
406 1942 424 1967 I
453 1928 700 1978 an[nalium‚
739 1929 786 1968 de
821 1942 898 1978 quo
929 1929 1049 1968 verbo
1081 1930 1218 1968 monui
1242 1931 1284 1967 in
1317 1930 1415 1967 actis
1446 1929 1554 1967 acad.
1587 1942 1620 1967 a.
1650 1930 1761 1967 1886
1789 1942 1826 1978 p.
1851 1931 1915 1966 11.

362 1988 523 2038 Duplici
555 1990 689 2026 autem
721 1990 820 2027 vitio
846 1989 1025 2039 peccavit
1051 1987 1095 2026 O.
1122 1988 1335 2028 Muellerus
1362 1988 1466 2037 quod
1492 2000 1591 2037 quae
1617 2002 1653 2038 p.
1676 1989 1773 2037 424,
1795 1989 1850 2026 30
1875 1988 1917 2025 in

360 2047 492 2086 codice
524 2047 579 2085 sic
610 2047 759 2096 scripta
784 2049 876 2086 sunt
896 2078 903 2085 .
925 2077 932 2085 .
954 2078 962 2084 .
989 2048 1148 2085 Ermius
1172 2049 1216 2085 in
1242 2043 1365 2097 sextos
1378 2077 1385 2085 .
1407 2077 1415 2084 .
1437 2077 1445 2085 .
1464 2050 1554 2085 ntus
1579 2049 1622 2085 tn
1647 2047 1788 2085 occulto
1813 2058 1917 2084 mus-

359 2103 427 2158 sas
445 2137 452 2144 .
474 2137 482 2144 .
504 2137 512 2144 .
531 2118 550 2145 s
575 2108 618 2144 in
642 2106 940 2145 Andromacha:
965 2102 1052 2157 ‘dis
1070 2106 1132 2144 his
1158 2106 1441 2156 supplementis
1469 2101 1524 2158 (p.
1548 2106 1644 2154 298,
1666 2100 1740 2158 30)
1767 2105 1917 2143 edenda

358 2165 511 2203 curavit
536 2166 695 2204 Ennius
719 2167 762 2203 in
786 2168 888 2204 sexto
912 2164 941 2214 [
936 2164 1176 2203 Annalium:
1211 2164 1338 2213 iJntus
1363 2167 1406 2203 in
1430 2165 1572 2203 occulto
1603 2162 1764 2213 mussa[
1762 2165 1855 2202 bant
1885 2167 1917 2202 et

358 2223 540 2273 EnniuJS
571 2226 614 2262 in
638 2223 766 2262 Andr.
800 2224 984 2262 Gitantur
1014 2225 1147 2262 autem
1178 2225 1255 2262 isto
1287 2224 1403 2263 modo
1437 2236 1551 2273 quem
1584 2224 1709 2262 allata
1739 2223 1918 2273 exempla

358 2283 646 2330 demonstrant,
680 2283 814 2321 addito
846 2283 938 2321 libri
968 2295 1131 2321 numero
1162 2283 1395 2332 plerumque
1426 2284 1538 2332 nota,
1569 2295 1729 2333 perraro
1761 2282 1918 2320 nomine

359 2342 548 2390 adhibito,
580 2354 716 2380 versus
740 2342 862 2380 Ennii
893 2355 938 2380 ex
969 2342 1030 2381 his
1062 2342 1266 2380 annalium
1296 2341 1425 2379 libris:
1457 2354 1550 2379 nam
1580 2354 1659 2379 non
1690 2341 1777 2391 pari
1805 2341 1917 2379 lance

358 2401 501 2439 tributi
532 2403 640 2448 sunt,
672 2403 712 2439 et
742 2401 835 2438 libri
861 2413 901 2439 1v
921 2413 963 2438 1x
983 2413 1041 2438 ΧΠ
1060 2413 1133 2438 xm
1151 2413 1205 2440 xv
1224 2412 1308 2439 XVII
1327 2398 1444 2448 mn,
1475 2401 1552 2438 nisi
1584 2400 1679 2449 quid
1709 2412 1771 2437 me
1801 2400 1919 2450 fugit,

359 2472 554 2509 nusquam
574 2460 764 2498 citantur:
791 2473 836 2498 ex
855 2459 1019 2510 reliquis
1038 2460 1131 2498 libri
1150 2472 1219 2498 xvl
1239 2454 1335 2512 (11)
1354 2471 1384 2496 11
1404 2454 1500 2511 (10)
1521 2471 1535 2496 1
1556 2454 1621 2511 (7)
1643 2459 1781 2496 ceteris
1800 2458 1916 2508 longe

360 2519 608 2567 frequentius
634 2519 866 2567 afferuntur,
892 2518 1012 2557 ceteri
1037 2519 1157 2557 semel
1182 2513 1239 2571 (v.
1258 2512 1378 2570 xlm),
1403 2517 1463 2555 bis
1489 2512 1550 2569 (VI
1568 2528 1639 2555 vm
1659 2511 1716 2569 x),
1741 2519 1803 2554 ter
1822 2511 1918 2569 (m),

361 2579 501 2626 quater
522 2572 613 2630 (xl),
640 2577 848 2627 quinquies
869 2572 963 2631 (vn)
991 2579 1196 2628 apparent.
1228 2577 1275 2614 In
1306 2575 1520 2628 tragoediis
1553 2577 1681 2614 certus
1712 2576 1807 2613 ordo
1839 2588 1918 2614 non

361 2635 600 2687 agnoscitur,
625 2650 662 2686 p.
685 2637 781 2685 346,
805 2637 857 2674 18
878 2638 921 2675 in
942 2636 1172 2684 Cresphonte
1186 2667 1194 2675 .
1210 2666 1218 2674 .
1234 2666 1242 2674 .
1262 2639 1297 2674 et
1313 2637 1356 2674 in
1374 2635 1626 2673 Andromeda
1646 2646 1685 2671 se
1706 2633 1918 2683 excipiunt,

359 2709 396 2745 p.
419 2696 516 2743 370,
538 2696 591 2732 27
623 2697 667 2733 in
694 2695 924 2743 Cresphonte
944 2725 952 2733 .
973 2726 981 2733 .
1004 2726 1011 2733 .
1032 2698 1065 2734 et
1095 2697 1138 2733 in
1162 2696 1340 2734 Hectoris
1370 2695 1492 2742 lytris.
1525 2692 1600 2731 Sed
1633 2693 1806 2730 citantur
1837 2693 1917 2731 suis

362 2753 585 2792 nominibus
604 2753 695 2792 hae:
722 2768 759 2804 p.
781 2755 878 2802 314,
894 2755 947 2792 23
969 2755 1127 2792 Ennius
1146 2753 1323 2793 Achillae
1341 2755 1384 2792 in
1401 2751 1623 2790 Aristarchi
1643 2782 1651 2789 .
1673 2782 1680 2789 .
1702 2766 1728 2800 .;
1749 2751 1846 2798 436,
1861 2751 1914 2788 23

365 2813 414 2850 Ε.
439 2814 483 2851 in
500 2811 651 2851 Achille
671 2843 679 2850 .
701 2843 709 2850 .
731 2827 757 2861 ,ς
778 2834 831 2839 -
856 2814 952 2862 532,
974 2814 997 2850 2
1025 2814 1075 2850 Ε.
1100 2814 1143 2851 in
1167 2812 1291 2851 Aiace
1311 2843 1319 2850 .
1341 2843 1349 2850 .
1370 2826 1396 2861 ,ς
1417 2832 1470 2837 —
1494 2812 1590 2859 270,
1606 2811 1660 2848 20
1686 2812 1728 2848 in
1746 2809 1918 2847 Alexan-

362 2872 432 2908 dro
463 2871 550 2910 loco
581 2871 695 2909 valde
727 2872 930 2920 mutilato,
963 2872 1066 2920 460,
1095 2873 1148 2909 14
1174 2872 1333 2914 Ennius
1353 2901 1362 2909 .
1382 2901 1390 2908 .
1412 2900 1420 2908 .
1452 2873 1486 2908 et
1515 2871 1558 2907 in
1585 2868 1811 2907 Aleaeandro
1832 2898 1840 2905 .
1862 2898 1870 2905 .
1891 2883 1918 2916 .;

366 2930 463 2978 548,
485 2931 539 2967 24
565 2930 615 2967 E.
640 2931 684 2968 in
707 2930 980 2969 Alexandro..
996 2945 1022 2979 ,ς
1043 2951 1096 2957 -
1120 2931 1217 2979 346,
1240 2931 1291 2968 19
1319 2930 1439 2968 Ε...
1459 2931 1494 2967 et
1516 2930 1560 2967 in
1577 2927 1829 2966 Andromeda
1845 2957 1853 2964 .
1868 2957 1876 2965 .
1892 2941 1916 2976 ,ς
