2004 3278
300 204 443 242 CXLVI
815 203 858 238 H.
885 202 950 238 DE
969 202 1123 238 LIBRIS
1143 202 1376 238 ENNIANIS

300 318 451 356 fuisset.
476 315 608 366 Atque
633 316 752 353 terffio
775 317 866 353 ante
887 314 1039 354 obitum
1058 327 1161 354 anno
1180 314 1453 354 duodecimum
1472 315 1655 354 annalem
1673 313 1862 355 adiecisse

301 389 390 414 eum
422 376 525 413 alter
562 387 678 424 quem
714 375 929 424 provocavi
963 375 1078 413 testis
1109 373 1259 413 Gellius
1291 370 1347 427 (n.
1372 373 1419 412 A.
1444 387 1531 414 xvn
1556 376 1624 424 21,
1644 369 1719 428 43)
1758 374 1862 413 affir-

303 436 388 473 mat
412 447 502 473 cum
519 434 578 472 ita
597 433 695 471 dicit
716 433 927 472 Claudium
946 436 981 472 et
1002 433 1241 472 Tuditanum
1259 434 1432 472 consules
1449 436 1663 483 sequumtur
1682 433 1724 483 Q.
1751 434 1862 472 Vale-

299 495 385 532 rius
410 496 444 531 et
470 492 511 532 0.
531 493 741 531 Mamilius
772 493 912 541 quibus
941 495 1079 531 natum
1104 504 1183 531 esse
1208 492 1250 542 Q.
1271 493 1450 531 Ennium
1466 496 1624 542 poetam
1647 494 1708 531 M.
1735 493 1862 532 Varro

298 554 342 591 in
361 554 492 601 primo
517 552 563 590 de
574 553 701 600 poetis
719 552 817 590 libro
835 553 992 600 scripsit
1015 564 1174 600 eumque
1199 564 1286 591 cum
1309 553 1514 600 septimum
1533 555 1567 591 et
1582 553 1863 602 sexaqesimwm

299 624 449 650 aunum
471 612 626 650 haberet
650 611 916 650 duodecimum
924 606 965 664 ³¹⁸)
985 612 1167 650 annalem
1185 612 1385 659 scripsisse
1403 611 1518 660 idwe
1535 613 1665 660 ipswm
1683 611 1862 650 Ennium

299 673 344 710 in
369 671 498 710 eodem
522 671 620 709 libro
645 671 780 710 dicere.

421 729 481 768 De
499 743 662 768 numero
681 742 878 778 versuum,
904 732 1002 780 quot
1020 730 1166 780 singuli
1186 729 1279 767 libri
1298 730 1575 779 continuerint,
1599 730 1862 780 periculosum

302 791 362 828 est
387 789 538 839 aliquid
562 790 664 827 velle
689 791 873 828 statuere.
899 789 1176 839 Amplissimos
1202 790 1323 828 fuisse
1348 788 1470 828 libros
1489 789 1720 828 tractandae
1738 791 1861 827 mate-

299 850 382 887 riae
408 848 566 887 ubertas
591 849 759 897 indicat,
785 861 831 887 ac
855 848 1062 887 brevitatis
1088 848 1264 887 studium
1290 849 1463 886 alienum
1488 850 1575 887 erat
1598 851 1639 887 et
1668 861 1693 887 a
1723 848 1863 887 carmi-

299 908 360 946 nis
386 920 527 958 genere
552 910 592 946 et
616 910 662 946 ut
686 920 707 945 8
731 908 974 974 longioribus
1001 920 1101 957 quae
1126 910 1337 957 supersunt
1359 908 1591 959 fragmentis
1612 907 1821 957 dispicitur
1839 920 1863 945 a

298 969 427 1017 poeta.
453 967 601 1005 Verum
619 970 753 1005 tamen
772 968 806 1005 si
824 967 947 1005 licet
935 981 978 1005 111
995 979 1038 1005 18
1058 967 1224 1005 obscura
1243 968 1467 1005 coniectura
1485 967 1631 1016 ludere,
1657 979 1757 1016 quae
1776 979 1864 1005 eam

301 1038 420 1075 quam
446 1026 578 1064 animo
603 1026 815 1064 informavi
841 1027 1025 1065 carminis
1050 1027 1264 1078 imaginem
1289 1026 1484 1076 perficiat,
1516 1039 1605 1065 cum
1629 1027 1745 1065 unius
1770 1025 1864 1063 libri

301 1086 409 1123 mille
436 1088 476 1124 et
502 1086 736 1136 quingentos
762 1086 825 1124 vel
850 1088 1046 1124 sescentos
1075 1086 1139 1124 vel
1170 1085 1267 1124 adeo
1298 1087 1544 1136 octingentos
1575 1098 1710 1125 versus
1742 1086 1864 1123 fuisse

302 1156 511 1194 assumam,
536 1158 615 1183 non
640 1145 810 1183 multum
833 1157 857 1183 a
874 1157 968 1184 vero
987 1157 1149 1183 numero
1168 1145 1304 1183 videor
1323 1145 1529 1183 declinare.
1555 1144 1668 1183 Unde
1688 1146 1864 1195 apparet,

307 1204 502 1253 quantilla
527 1216 618 1254 pars
641 1205 780 1253 quanti
800 1205 983 1243 carminis
1005 1204 1055 1242 ad
1073 1216 1144 1243 nos
1164 1205 1398 1254 pervenerit,
1419 1205 1605 1253 quoniam
1625 1216 1758 1242 omnes
1778 1216 1864 1242 ver-

301 1275 367 1301 sus
387 1275 649 1313 versuumque
674 1264 894 1313 particulae
920 1265 1171 1313 computatae
1197 1264 1262 1302 vix
1292 1264 1453 1301 tertiam
1483 1266 1638 1313 partem
1669 1263 1785 1302 unius
1818 1275 1866 1301 ex

300 1322 574 1372 duodeviginti
599 1322 711 1360 libris
738 1322 968 1372 adaequent.
1005 1322 1137 1373 Larga
1162 1323 1344 1361 materies
1372 1323 1407 1360 ei
1439 1323 1508 1372 qui
1531 1322 1706 1361 Merulae
1738 1334 1862 1360 exem-

298 1381 410 1430 plum
428 1382 609 1420 imitatus
630 1394 650 1420 e
669 1381 797 1430 Livio,
822 1381 1027 1431 Dionysio,
1053 1382 1143 1420 aliis
1168 1394 1299 1420 rerum
1319 1382 1576 1432 scriptoribus
1599 1394 1670 1420 suo
1689 1381 1864 1431 periculo

300 1441 454 1490 explere
472 1442 665 1480 immensa
683 1441 895 1479 intervalla
914 1441 1141 1490 susceperit,
1159 1442 1201 1479 in
1221 1441 1363 1491 quibus
1383 1441 1567 1480 versiculi
1586 1443 1631 1479 ut
1650 1441 1755 1491 apud
1767 1441 1863 1478 Ver·

301 1500 442 1551 gilium
467 1500 529 1538 illi
555 1496 651 1539 ‘rari
676 1502 815 1539 nantes
840 1501 882 1538 in
907 1502 1064 1551 gurgite
1094 1497 1224 1539 vasto’
1255 1503 1461 1551 vagantur.
1495 1499 1572 1539 Sed
1603 1500 1763 1539 annales
1788 1500 1865 1538 Ro-

298 1571 435 1598 manos
462 1560 617 1609 spiritu,
643 1560 677 1598 si
703 1560 762 1598 dis
789 1560 931 1609 placet,
957 1559 1138 1598 Enniano
1164 1560 1407 1598 conscribere
1437 1560 1525 1598 aliis
1557 1560 1749 1610 relinquo,
1780 1560 1864 1609 ipse

300 1620 507 1657 contentus
533 1619 567 1658 si
590 1631 670 1657 non
694 1619 906 1657 infeliciter
931 1621 970 1657 et
994 1619 1089 1657 fines
1116 1621 1426 1670 argumentaque
1450 1619 1641 1658 librorum
1660 1621 1700 1658 et
1717 1619 1865 1657 medio-

301 1679 377 1716 cris
403 1690 590 1717 versuum
614 1679 741 1728 partis
766 1691 908 1716 nexum
934 1691 979 1717 ac
1005 1690 1158 1717 sensum
1184 1678 1373 1729 indagare
1400 1678 1621 1730 contigerit.

417 1737 747 1788 Fmgmentorum
771 1750 933 1776 numero
965 1737 1127 1787 reliquis
1160 1738 1277 1776 facile
1307 1739 1486 1787 praestat
1515 1737 1666 1787 primus
1698 1737 1864 1788 annalis,

300 1797 342 1834 in
369 1808 486 1846 quem
510 1809 590 1835 non
614 1809 760 1846 paucos
786 1809 922 1836 versus
948 1797 1175 1847 opinatione
1200 1797 1321 1834 intuli
1346 1796 1428 1835 sive
1454 1797 1624 1835 aliorum
1649 1798 1732 1836 sive
1762 1809 1863 1845 mea,

300 1867 371 1893 nec
396 1855 430 1894 si
456 1857 520 1894 cui
545 1856 665 1905 paulo
690 1856 754 1894 hic
779 1855 941 1894 liberius
967 1869 1061 1895 usus
1087 1857 1313 1894 coniectura
1343 1856 1491 1905 videor,
1523 1856 1566 1894 id
1597 1856 1680 1895 sine
1711 1856 1865 1895 ratione

302 1915 463 1954 factum.
495 1915 646 1965 Nempe
672 1928 718 1953 ex
742 1915 868 1954 initiis
894 1917 1027 1965 potius
1055 1928 1174 1965 quam
1199 1928 1219 1953 e
1243 1915 1382 1953 mediis
1409 1917 1449 1953 et
1473 1916 1656 1954 extremis
1682 1915 1864 1954 carmini-

299 1974 372 2012 bus
398 1976 649 2025 grammatici
674 1974 902 2024 depromere
927 1975 1105 2024 exempla
1130 1975 1269 2024 solent,
1293 1976 1340 2012 ut
1363 1973 1608 2024 probabilior
1632 1976 1685 2014 sit
1702 1975 1777 2013 hoc
1796 1987 1862 2012 no-

303 2033 408 2071 mine
434 2034 606 2083 suspicio
633 2046 732 2083 quae
757 2034 850 2072 huic
874 2035 976 2072 libro
1003 2046 1122 2083 quam
1148 2046 1248 2083 quae
1274 2034 1344 2072 alii
1368 2034 1521 2072 tribuat
1543 2034 1777 2085 fragmenta.

418 2092 635 2131 Exordium
653 2087 822 2147 (1—xn)
836 2093 988 2132 Ennius
1002 2093 1219 2132 Homerum
1237 2093 1417 2132 imitatus
1431 2094 1540 2143 capit
1553 2093 1602 2132 ab
1614 2092 1864 2132 invocatione

303 2151 507 2190 Musarum
526 2152 609 2191 sive
630 2151 902 2202 Camenarum,
929 2165 1026 2202 quas
1045 2152 1180 2191 Latini
1198 2152 1395 2191 vocabant
1414 2147 1539 2205 (1.11),
1567 2165 1734 2201 quarum
1760 2151 1865 2201 quod

299 2211 365 2249 hic
391 2212 631 2250 mentionem
655 2212 802 2261 iniecit,
828 2225 875 2250 ex
899 2225 1006 2252 more
1032 2213 1126 2250 fecit
1150 2214 1279 2262 poeta,
1305 2212 1374 2261 qui
1398 2211 1541 2250 inferre
1561 2224 1674 2250 voces
1694 2212 1864 2262 peregri-

301 2282 371 2308 nas
397 2271 440 2308 in
465 2272 641 2320 patrium
666 2284 883 2310 sermonem
909 2272 989 2310 fere
1014 2272 1091 2310 nisi
1117 2271 1322 2322 explicitas
1348 2272 1387 2308 et
1406 2283 1495 2309 cum
1513 2271 1742 2321 vulgaribus
1762 2282 1864 2308 com-

302 2331 453 2396 positas
478 2330 625 2369 noluit:
651 2330 698 2369 de
724 2344 800 2381 quo
826 2343 934 2370 more
954 2331 1051 2370 alibi
1068 2331 1185 2397 plura
1204 2342 1440 2396 expromam.
1466 2330 1573 2368 Hlud
1590 2329 1865 2369 tantummodo

301 2388 457 2438 mirum,
489 2389 594 2439 quod
625 2390 687 2428 vel
718 2391 762 2428 in
794 2391 978 2429 carminis
1009 2389 1209 2440 prooemio
1241 2391 1281 2427 et
1305 2390 1347 2426 in
1371 2389 1574 2428 Musarum
1600 2389 1866 2439 appellatione

301 2450 606 2515 grammaticum
631 2451 727 2500 agit,
754 2462 992 2499 quamquam
1018 2450 1085 2488 vix
1111 2450 1304 2499 aptiorem
1328 2448 1421 2486 huic
1445 2449 1577 2486 versui
1596 2448 1727 2486 sedem
1746 2460 1865 2496 quam

301 2508 343 2544 in
369 2508 498 2556 prima
522 2508 725 2546 Musarum
751 2509 1121 2547 commemoratione
1145 2501 1396 2560 reperias.**)
1422 2506 1571 2545 Earum
1590 2519 1663 2556 ope
1687 2508 1733 2544 ut
1757 2506 1864 2543 vide-

420 2631 451 2678 *)
477 2633 738 2676 duodecimum,
763 2644 837 2668 non
862 2634 1197 2676 duodaeicesimum,
1221 2631 1308 2666 libri
1329 2631 1491 2667 Gelliani
1514 2630 1573 2676 (cs.
1589 2641 1672 2665 ann.
1688 2643 1739 2665 x11
1752 2630 1797 2665 fr.
1811 2632 1865 2676 v);

303 2679 404 2723 quod
427 2690 555 2714 verum
580 2690 660 2715 esse
685 2680 734 2714 ad
759 2691 844 2715 eum
868 2680 1006 2715 librum
1031 2681 1154 2725 ipsum
1180 2679 1349 2724 exposui;
1375 2679 1441 2713 sed
1464 2678 1520 2713 ita
1540 2679 1582 2712 ut
1600 2678 1658 2713 vel
1677 2678 1730 2712 sic
1749 2688 1866 2723 appa-

304 2728 387 2761 reat
411 2726 573 2761 Ennium
597 2726 721 2772 ipsum
746 2738 851 2762 suam
876 2727 1019 2772 poesim
1047 2738 1115 2772 per
1144 2727 1259 2762 libros
1290 2725 1525 2760 distribuisse
1557 2727 1595 2760 et
1625 2725 1865 2760 distributam

304 2773 484 2816 edidisse3
510 2774 550 2808 id
575 2774 674 2818 quod
700 2774 813 2809 etiam
840 2775 991 2810 exordio
1016 2775 1104 2809 libri
1130 2773 1280 2819 septimi
1307 2773 1554 2808 confirmatur.

402 2820 451 2866 **)
477 2821 532 2856 De
550 2822 710 2866 utraque
727 2832 767 2856 re
787 2824 917 2857 contra
936 2822 1053 2857 sensit
1070 2821 1300 2856 Ribbeckius
1319 2820 1384 2864 qui
1397 2831 1429 2854 a.
1446 2823 1537 2854 1856
1551 2819 1590 2853 in
1602 2830 1694 2853 mus.
1710 2819 1827 2854 Rhen.
1843 2832 1865 2853 x

303 2879 338 2912 p.
354 2871 422 2902 265
431 2879 509 2912 sqq.
531 2868 702 2913 opusculi
720 2869 794 2903 mei
815 2880 1008 2904 censuram
1027 2868 1128 2913 fecit,
1150 2868 1215 2904 sed
1234 2868 1289 2903 ita
1307 2868 1350 2902 ut
1367 2866 1478 2901 nimis
1499 2877 1621 2911 saepe,
1644 2877 1764 2911 paene
1782 2866 1865 2911 ipso

303 2914 457 2958 fatente,
485 2915 629 2950 levibus
655 2915 894 2960 opinionibus
918 2916 1143 2961 indulgeret,
1169 2926 1262 2960 quas
1286 2914 1455 2949 refellere
1478 2913 1631 2959 longum
1651 2915 1708 2948 est
1727 2915 1765 2948 et
1783 2913 1864 2948 inu-
