2004 3278
295 183 452 219 CLXXX
794 182 837 216 Π.
863 182 928 216 DE
947 181 1101 216 LIBRIS
1120 180 1354 216 ENNIANIS

292 298 351 334 est
375 297 435 333 ita
459 295 655 332 neminem
681 293 878 332 editorum
902 293 1009 344 fugit
1033 305 1153 332 naves
1180 292 1344 343 regendi
1374 292 1572 343 exercitia,
1603 293 1741 343 qualia
1770 294 1852 333 fere

290 356 332 391 in
358 354 493 391 limine
519 353 616 390 belli
640 352 756 391 rudes
784 353 901 391 huius
934 353 1032 390 artis
1058 353 1229 391 Romani
1258 353 1518 402 instituerint,
1549 353 1721 404 depingi.
1754 354 1853 391 Rem

291 415 330 450 et
355 412 561 450 confirmat
587 413 626 449 et
655 411 834 450 illustrat
858 411 1048 462 Polybius
1067 424 1083 449 1
1103 413 1215 461 21,1
1244 411 1286 450 οἱ
1313 409 1355 450 δὲ
1385 410 1433 450 τὰ
1462 411 1701 464 πληρώματα
1728 423 1850 452 συνα-

290 471 521 523 θροίσαντες
545 469 754 510 ἐδίδασκον
779 469 823 509 ἐν
848 477 893 526 τῇ
919 476 968 526 γῇ
994 473 1238 522 κωπηλατεῖν
1269 469 1337 510 τὸν
1368 469 1513 523 τρόπον
1544 477 1701 511 τοῦτον·
1733 471 1853 510 καθί-

290 541 425 577 σαντες
457 528 520 568 ἕπὶ
551 535 628 569 τῶν
661 530 835 583 εἰρεσιῶν
867 529 910 569 ἐν
941 536 987 585 τῇ
1012 528 1133 586 χέρσῳ
1158 529 1250 577 τοὺς
1275 527 1424 582 ἄνδρας
1449 528 1521 581 τὴν
1546 529 1671 582 αὐτὴν
1696 529 1852 583 ἔχοντας

288 589 396 637 τάξιν
421 592 504 636 ταῖς
529 585 585 628 ἐπ’
613 588 743 629 αὐτῶν
770 595 849 629 τῶν
875 590 1022 629 πλοίων
1048 587 1274 642 καθέδραις,
1300 587 1419 640 μέσον
1451 585 1488 628 δ’
1523 588 1564 629 ἐν
1596 589 1730 637 αὐτοῖς
1761 589 1852 641 στή-

290 659 426 695 σαντες
452 647 519 687 τὸν
544 648 767 700 κελευστήν,
792 648 875 700 ἅμα
898 649 1048 696 πάντας
1075 647 1309 688 ἀναπίπτειν
1335 644 1395 699 ἐφ’
1423 647 1567 696 αὐτοὺς
1591 664 1759 702 αγοντας
1783 648 1852 697 τὰς

288 710 415 760 χεῖρας
439 706 504 746 καὶ
529 708 647 747 πάλιν
673 709 884 760 προνεύειν
909 707 1160 756 ἐξωθοῦντας
1179 708 1321 755 ταύτας
1341 708 1581 760 συνείθιζον,
1606 706 1799 761 αρχεσθαί
1814 722 1852 747 τε

290 765 356 805 καὶ
387 766 519 819 λήγειν
550 772 628 806 τῶν
659 767 851 818 κινήσεων
882 767 980 820 πρὸς
1011 766 1057 807 τὰ
1085 774 1154 807 τοῦ
1180 770 1386 807 κελευστοῦ
1410 765 1717 821 παραγγέλματα.
1744 767 1852 813 Quae

294 828 478 864 accurate
498 827 562 864 vel
581 828 623 864 in
644 840 784 877 genere
805 829 1081 866 exercitiorum
1101 840 1189 866 cum
1208 827 1401 866 Ennianis
1421 828 1598 866 versibus
1612 829 1851 878 conspirant.

290 885 349 923 cf.
374 885 543 924 Diodori
568 899 646 924 exc.
674 887 698 924 l.
719 899 821 925 xxm
842 889 866 925 2
893 901 930 937 p.
953 888 1035 925 316
1053 900 1108 937 sq.
1141 887 1260 925 Dind.
1294 887 1422 932 Quare
1456 887 1563 936 quod
1589 900 1708 937 supra
1735 888 1853 937 tetigi

288 945 372 983 noli
404 945 585 983 dubitare
618 945 770 984 duobus
802 948 891 985 istis
922 948 1086 984 tertium
1118 947 1288 985 adiicere
1322 947 1362 984 id
1396 946 1502 996 quod
1533 946 1614 984 illis
1640 948 1853 996 praeposui

288 1004 335 1041 fr.
356 999 435 1057 x.*)
462 1005 522 1042 Ex
549 1017 628 1054 qua
654 1005 774 1043 Ennii
799 1007 1027 1045 narratione
1052 1006 1253 1056 Vergilius
1280 1006 1428 1044 colores
1455 1005 1647 1055 quosdam
1671 1007 1713 1043 in
1738 1018 1852 1044 suam

288 1063 466 1113 aliquam
491 1064 767 1103 naumachiam
794 1065 1025 1115 desumpsit,
1051 1066 1086 1103 si
1111 1065 1272 1114 quidem
1294 1064 1452 1103 Servius
1473 1065 1595 1102 Ennii
1619 1078 1780 1114 memor,
1806 1067 1853 1103 ut

287 1125 397 1172 puto,
423 1122 520 1161 Aen.
541 1137 568 1163 V
590 1125 672 1161 114
698 1124 795 1162 haec
822 1125 1030 1163 adnotavit
1055 1124 1105 1162 ad
1124 1137 1149 1161 x
1176 1124 1377 1174 adscripta
1395 1125 1543 1163 Punico
1569 1125 1663 1162 bello
1675 1126 1853 1172 primum

286 1183 544 1221 naumachias
570 1183 623 1221 ad
648 1185 868 1222 exercitium
893 1185 1091 1222 instituere
1110 1184 1282 1222 Romani
1306 1186 1519 1231 coeperunt,
1537 1187 1746 1232 postquam
1758 1195 1853 1232 pro-

288 1242 432 1279 barunt
440 1245 568 1290 qentes
579 1244 694 1281 etiam
706 1244 843 1281 navali
856 1245 1062 1282 certamine
1067 1244 1288 1291 plurimum
1294 1254 1429 1291 posse:
1441 1243 1494 1281 ad
1507 1255 1624 1291 quam
1637 1255 1718 1281 rem
1730 1244 1773 1281 in
1784 1244 1853 1282 hoc

287 1302 493 1339 certamine
504 1302 725 1349 plurimum
745 1303 898 1341 adludit
910 1305 1036 1350 poeta.
1056 1303 1130 1340 His
1149 1303 1276 1341 tribus
1295 1303 1528 1353 fragmentis
1548 1303 1736 1351 praemisi
1748 1314 1851 1340 nunc

289 1359 457 1397 aliorum
483 1362 715 1398 auctoritati
741 1361 879 1399 cedens
906 1374 984 1399 non
1009 1363 1127 1399 nimis
1146 1361 1311 1400 fidenter
1329 1374 1404 1401 vm
1423 1363 1463 1399 et
1481 1374 1535 1411 lx,
1563 1374 1731 1411 quorum
1749 1361 1852 1399 illud

287 1432 334 1456 ex
352 1432 411 1458 v11
436 1419 612 1471 affertur,
638 1421 711 1458 hoc
733 1421 877 1459 incerti
896 1421 990 1458 libri
1010 1423 1087 1459 est:
1114 1423 1154 1459 et
1171 1421 1275 1458 illud
1294 1421 1455 1471 quidem
1475 1421 1666 1471 explicari
1684 1422 1851 1460 fortasse

286 1480 418 1528 potest
442 1479 504 1517 his
531 1492 632 1551 quae
656 1479 847 1529 Polybius
867 1493 882 1518 1
903 1482 971 1528 20,
994 1481 1046 1518 15
1075 1481 1214 1518 scribit
1239 1479 1280 1519 ἐν
1308 1471 1337 1534 ᾧ
1365 1479 1414 1530 δὴ
1439 1483 1562 1535 καιρῷ
1592 1486 1669 1519 τῶν
1694 1482 1850 1532 Καρχη-

288 1537 435 1576 δονίων
459 1536 557 1576 κατὰ
583 1537 652 1577 τὸν
677 1538 863 1591 πορθμὸν
889 1537 1193 1590 ε’παναχθέντων
1219 1539 1364 1588 αὐτοῖς,
1389 1538 1455 1578 καὶ
1483 1545 1575 1591 μιᾶς
1607 1537 1704 1586 νεὼς
1735 1554 1851 1578 κατα-

288 1611 466 1649 φρακτου
498 1596 562 1635 διὰ
594 1596 666 1648 τὴν
697 1598 928 1650 προθυμίαν
958 1599 1231 1651 προπεσούσης
1264 1595 1353 1636 ὥστ’
1389 1597 1641 1637 ἕποκείλασαν
1666 1597 1852 1651 γενέσθαι

289 1659 366 1702 τοῖς
388 1650 589 1707 Ῥωμαίοις
614 1656 849 1709 ὑποχείριον,
875 1657 995 1713 ταύτῃ
1016 1657 1297 1710 παραδείγματι
1316 1657 1504 1709 χρώμενοι
1529 1657 1610 1697 τότε
1636 1657 1734 1708 πρὸς
1759 1658 1851 1697 ταύ-

287 1729 360 1765 την
386 1713 591 1755 ἐποιοῦντο
616 1714 688 1766 τὴν
714 1722 783 1755 τοῦ
808 1716 954 1763 παντὸς
980 1716 1118 1756 στόλου
1146 1717 1385 1769 ναυπηγίαν,
1412 1717 1553 1766 quibus
1579 1717 1763 1767 deinceps
1784 1717 1851 1764 ad-

287 1775 412 1812 nectit
438 1775 567 1824 prima
594 1788 694 1824 quae
713 1776 884 1814 Romani
909 1776 959 1814 ad
979 1778 1185 1826 acceptum
1205 1777 1402 1826 specimen
1423 1778 1658 1814 constructis
1682 1776 1851 1815 navibus

287 1834 509 1885 remigandi
535 1835 722 1873 exercitia
746 1836 1007 1884 instituerint,
1041 1849 1141 1884 quae
1168 1848 1288 1885 supra
1320 1836 1440 1873 attuli
1472 1837 1511 1873 et
1543 1848 1632 1874 cum
1657 1836 1850 1874 Ennianis

287 1893 466 1931 versibus
493 1896 707 1943 composui.
737 1894 796 1931 De
816 1895 942 1933 altero
962 1896 1090 1933 maior
1110 1897 1169 1932 est
1188 1895 1396 1945 dubitatio,
1417 1897 1456 1933 et
1475 1897 1520 1932 ut
1539 1897 1722 1933 omittam
1747 1907 1851 1945 quae

286 1952 392 1989 idem
417 1952 609 2002 Polybius
635 1966 650 1991 1
671 1954 725 1991 23
752 1955 873 1992 refert
898 1955 940 1991 in
965 1954 1094 1992 Duilii
1119 1955 1288 1993 victoria
1314 1955 1450 1992 navali
1475 1954 1713 1992 Hannibalis
1739 1954 1850 1992 ducis

288 2024 430 2049 navem
454 2013 698 2061 praetoriam
722 2015 859 2064 magni
883 2014 1004 2063 pretii
1030 2015 1200 2063 captam,
1225 2015 1268 2051 in
1293 2015 1464 2063 iis-quae
1484 2026 1498 2051 1
1520 2015 1586 2051 46.
1609 2015 1661 2051 47
1684 2013 1852 2051 tradidit

288 2070 334 2108 de
361 2070 528 2109 audacia
553 2071 792 2111 Hannibalis
818 2072 965 2111 Rhodii
990 2073 1031 2110 in
1057 2073 1260 2111 obsidione
1280 2072 1463 2122 Lilybaei
1481 2086 1560 2110 una
1579 2085 1679 2110 nave
1698 2073 1850 2110 intran-

286 2131 338 2168 tis
359 2129 401 2167 in
419 2132 579 2179 portum
599 2133 639 2169 et
657 2133 868 2170 incolumis
891 2132 1068 2170 exeuntis
1089 2134 1128 2170 et
1147 2132 1194 2169 de
1214 2132 1383 2170 aliorum
1403 2132 1549 2170 similia
1568 2133 1851 2181 temptantium

288 2190 395 2227 ausis
426 2190 543 2239 plura
575 2193 668 2229 sunt
700 2204 801 2241 quae
833 2192 883 2230 ad
916 2192 1086 2230 alterum
1123 2194 1256 2229 utrum
1292 2192 1434 2229 horum
1471 2204 1656 2230 versuum
1694 2193 1763 2229 aut
1800 2191 1850 2229 ad

286 2250 502 2298 utrumque
529 2250 668 2288 ascisci
698 2252 921 2300 potuerint:
946 2251 1043 2289 haec
1070 2251 1189 2288 affero
1217 2252 1283 2300 47,
1306 2251 1329 2288 5
1358 2246 1417 2301 ἐφ’
1449 2241 1479 2304 ᾧ
1507 2245 1688 2303 (χώματι)
1721 2249 1851 2302 τετρή-

288 2322 359 2358 ρης
390 2305 619 2361 ἐκτρέχουσα
651 2308 794 2356 νυκτὸς
825 2308 985 2349 ἐκάθισε
1015 2308 1081 2348 καὶ
1114 2313 1195 2356 τοῖς
1219 2309 1418 2360 πολεμίοις
1444 2308 1663 2361 ὑποχείριος
1690 2307 1849 2361 ἐγένετο,

290 2364 532 2419 διαφέρουσα
562 2374 608 2424 τῇ
641 2374 858 2424 κατασκευῇ
889 2374 958 2420 τῆς
996 2368 1234 2420 ναυπηγίας”
1266 2362 1314 2419 ἧς
1346 2368 1388 2407 οἵ
1418 2365 1601 2419 Ῥωμαῖοι
1631 2367 1849 2419 κρατήσαν-

404 2480 434 2525 *)
460 2480 511 2515 Ut
534 2482 661 2516 tamen
693 2482 930 2525 admoneam
963 2493 1036 2526 quo
1068 2481 1189 2527 magis
1221 2482 1403 2526 appareat
1435 2491 1547 2525 quam
1580 2482 1689 2515 caute
1719 2480 1759 2515 in
1790 2480 1848 2515 his

288 2526 398 2561 rebus
424 2528 668 2563 iudicandum
693 2529 752 2572 sit,
778 2529 945 2574 potuisse
970 2530 1040 2564 hoc
1066 2528 1228 2574 quidem,
1254 2530 1297 2563 ut
1316 2530 1373 2563 est
1392 2538 1436 2563 ex
1454 2541 1521 2563 vm
1540 2527 1709 2571 allatum,
1735 2527 1850 2562 etiam

288 2574 327 2608 in
347 2574 445 2609 bello
465 2575 715 2611 Hannibalico
735 2576 857 2611 locum
877 2576 1047 2621 adipisci,
1068 2577 1099 2611 si
1119 2576 1271 2621 quidem
1284 2575 1408 2610 Livius
1428 2575 1521 2610 haec
1539 2575 1657 2610 tradit
1670 2556 1719 2609 ad
1732 2585 1764 2610 a
1780 2579 1849 2610 544

288 2623 387 2666 (xxw
402 2626 457 2666 51,
473 2626 492 2656 5
509 2626 576 2669 sq.)
603 2624 699 2658 hune
724 2624 886 2659 ordinem
914 2624 1048 2659 laboris
1072 2625 1287 2669 quietisque,
1319 2623 1438 2668 quoad
1468 2623 1540 2658 Car
1541 2623 1686 2668 thaqine
1716 2624 1850 2658 morati

287 2673 389 2712 sunt,
420 2675 619 2706 servarunt.
653 2671 861 2717 Remiqium
891 2672 1101 2716 classicique
1135 2672 1266 2707 milites
1296 2671 1493 2715 tranquillo
1526 2671 1565 2704 in
1597 2671 1712 2706 altum
1742 2670 1849 2705 evecti

288 2718 489 2762 aqilitatem
512 2729 664 2753 navium
687 2719 894 2754 simulacris
917 2719 1064 2754 navalis
1076 2730 1226 2764 puqnae
1243 2718 1529 2763 eaeperiebantur.
1557 2716 1653 2759 Quin
1672 2717 1772 2752 idem
1785 2727 1849 2762 ge-

287 2775 356 2798 nus
377 2764 635 2799 exercitiorum
654 2765 780 2800 Livius
801 2766 910 2810 (xxxv
924 2770 979 2810 26,
994 2767 1029 2811 2)
1049 2766 1088 2800 in
1107 2765 1207 2800 bello
1225 2765 1402 2800 Antiochi
1422 2764 1605 2799 similibus
1625 2764 1746 2798 verbis
1766 2775 1847 2809 per-

289 2811 456 2847 strinxit:
482 2812 612 2847 harum
630 2823 808 2848 novarum
826 2815 977 2848 navium
995 2814 1195 2859 aqilitatem
1213 2817 1256 2848 ut
1275 2814 1506 2857 emperiretur,
1531 2813 1641 2846 simul
1662 2816 1703 2847 ut
1724 2813 1848 2846 omnia

288 2860 378 2893 satis
403 2863 492 2903 apta
517 2859 567 2894 ad
585 2864 761 2895 certamen
780 2864 903 2903 essent,
923 2865 1109 2905 provectos
1127 2862 1168 2896 in
1187 2861 1301 2896 altum
1320 2860 1479 2905 quotidie
1497 2860 1663 2905 remiqem
1684 2859 1847 2894 militem-

289 2917 355 2950 que
378 2907 585 2942 simulacris
608 2908 754 2943 navalis
772 2918 922 2954 puqnae
946 2909 1138 2944 exercebat.
