2004 3278
256 196 414 232 CLXXJJ
767 195 810 230 H.
836 194 901 229 DE
920 193 1074 229 LIBRIS
1093 193 1325 228 ENNIANIS

255 310 339 346 lum
364 307 557 346 Punicum
581 307 832 356 insequentes
857 305 1009 343 Ennius
1033 307 1075 343 in
1101 306 1269 355 septimo
1287 304 1562 355 perhibuisset.
1587 304 1716 351 Quam
1734 305 1817 344 vim

254 367 373 405 verba
387 367 507 403 Ennii
519 366 691 404 habeant
706 379 751 403 ex
764 365 943 416 Vergilio
956 366 1125 402 maxime
1139 364 1377 414 perspicitur
1392 365 1460 414 qui
1474 364 1532 404 ait
1543 365 1639 403 Aen.
1648 377 1722 404 vm
1731 365 1815 404 655

465 424 592 473 Atque
615 426 677 463 hic
701 426 854 463 auratis
878 425 1045 463 volitans
1071 427 1273 473 arqenteus
1298 435 1414 462 anser

465 485 683 523 Porticibus
711 483 847 523 Gallos
871 486 915 522 in
939 484 1072 522 limine
1097 484 1230 522 adesse
1255 483 1427 528 canebat,

469 543 578 582 Galli
595 555 670 591 per
694 544 831 581 dumos
856 543 1022 582 aderant
1045 554 1286 591 arcemque
1310 542 1545 587 tenebant,

466 603 630 651 Defensi
654 604 818 641 tenebris
843 605 878 641 et
900 603 999 641 dono
1023 604 1145 641 noctis
1170 613 1323 650 opacae.

256 661 406 706 Quibus
445 662 547 701 addo
586 675 686 712 quae
724 663 816 701 sunt
854 662 960 712 apud
997 661 1235 711 Dionysium
1254 673 1328 699 xm
1350 663 1386 710 7,
1409 662 1464 699 10
1500 657 1579 711 ἤδη
1610 666 1689 699 τῶν
1715 659 1817 713 πρώ-

253 735 330 758 των
361 718 664 772 ἀναβεβηκότων
695 719 761 759 καὶ
792 720 885 767 τοὺς
919 719 1188 773 ὑστερίζοντας
1224 717 1521 771 ἀναδεχομένων
1559 719 1627 758 ἴνα
1659 719 1818 766 πλείους

252 778 455 831 γενόμενοι
479 778 579 819 τότε
606 778 919 830 ἀποσφάξωσι
944 779 1054 826 τοὺς
1079 778 1128 818 ἐν
1155 782 1258 826 ταῖς
1288 781 1526 829 φυλακαῖς
1557 777 1623 817 καὶ
1652 778 1818 818 καταλά-

253 839 399 889 βωνται
423 837 465 877 τὸ
491 837 628 890 ἔρυμα,
659 837 886 891 ἀνθρώπων
913 837 983 890 μὲν
1009 837 1140 885 οὐδεὶς
1165 837 1313 889 ἔμαθεν
1337 840 1416 888 κτλ,
1448 840 1488 876 et
1518 839 1658 876 notum
1686 840 1747 877 est
1775 839 1818 876 in

254 898 328 935 hoc
353 899 656 948 occupationum
681 912 823 949 genere
850 899 1055 937 custodum
1080 911 1283 936 caesorum
1315 910 1430 947 saepe
1461 898 1701 936 mentionem
1732 898 1818 935 fieri

253 952 381 1009 (Serv.
401 957 443 994 in
455 957 551 995 Aen.
573 971 603 995 11
619 953 733 1011 166).
754 958 839 996 Iam
859 958 900 995 in
920 958 1098 996 oratione
1116 970 1195 995 non
1215 959 1275 996 est
1294 958 1399 1007 quod
1414 957 1603 1006 offendat3
1623 969 1701 1005 qua
1721 956 1817 995 dicit

252 1028 331 1064 qua
361 1018 427 1054 via
451 1017 487 1054 h.
509 1031 539 1054 e.
567 1030 687 1066 quam
721 1019 812 1055 ante
837 1019 1073 1066 temptatam
1100 1030 1123 1055 a
1148 1017 1326 1055 Romano
1350 1016 1414 1054 vel
1441 1015 1556 1054 Gallo
1581 1016 1645 1054 vel
1668 1016 1817 1054 indica-

251 1077 336 1113 tam
360 1077 517 1114 tantum
541 1079 659 1126 poeta
684 1076 793 1126 prius
819 1077 1098 1128 descripserat3
1124 1077 1164 1113 et
1183 1076 1290 1125 quod
1309 1077 1368 1113 est
1386 1076 1593 1124 viyilesque
1615 1078 1819 1114 cruentant

253 1146 330 1183 quo
356 1135 441 1173 iure
461 1135 683 1174 absolutam
703 1148 785 1174 esse
809 1136 1027 1174 orationem
1046 1135 1211 1173 dicimus
1233 1129 1292 1187 (in
1313 1147 1390 1184 quo
1409 1147 1488 1172 uno
1508 1134 1604 1172 olim
1622 1129 1815 1187 peccavi),

253 1206 356 1242 quae
382 1195 437 1232 sic
457 1195 679 1233 continuari
703 1197 860 1244 poterat
886 1195 978 1233 Iam
996 1207 1135 1242 paene,
1162 1196 1202 1232 et
1227 1196 1310 1233 sine
1335 1193 1543 1243 particulis
1570 1205 1616 1230 ea
1640 1194 1701 1231 vis
1731 1206 1816 1232 ora-

252 1252 372 1291 tionis
399 1255 577 1291 constare
602 1256 776 1303 poterat:
805 1254 853 1291 ad
873 1253 1042 1304 Vergilii
1069 1253 1188 1291 verba
1213 1266 1332 1302 supra
1358 1253 1482 1291 allata
1501 1264 1701 1301 arcemque
1720 1256 1817 1291 tene·

253 1312 346 1349 bant
370 1307 496 1364 (657)
525 1312 683 1350 Servius
710 1313 878 1351 adnotat
903 1313 1005 1351 deest
1022 1325 1170 1361 paene:
1192 1325 1287 1351 nam
1310 1323 1435 1360 prope
1463 1314 1682 1359 tenuerunt3
1713 1312 1818 1350 idem

255 1370 305 1408 ad
324 1370 421 1408 Aen.
443 1384 475 1408 11
497 1373 598 1420 156,
631 1374 670 1409 et
701 1384 818 1421 saepe
850 1373 906 1410 sic
938 1375 1124 1410 narratur
1155 1374 1201 1410 ut
1230 1372 1381 1410 factum
1412 1383 1495 1409 esse
1527 1370 1684 1409 dicatur
1714 1371 1819 1421 quod

253 1431 387 1467 tamen
405 1443 544 1468 revera
569 1431 718 1469 factum
743 1444 822 1469 non
848 1443 929 1470 esse
949 1431 1217 1470 intercedente
1237 1431 1318 1469 alia
1336 1443 1379 1468 re
1398 1430 1576 1468 narratio
1595 1430 1683 1480 ipsa
1701 1430 1818 1468 fidem

253 1488 350 1527 facit
373 1486 437 1538 (cf.
458 1489 619 1529 Diodor.
640 1503 781 1530 xxxvn
802 1492 855 1528 27
876 1504 913 1540 p.
933 1491 1085 1539 162D.‚
1110 1491 1281 1540 Appian.
1301 1490 1378 1529 vol.
1399 1503 1414 1527 1
1431 1503 1467 1539 p.
1491 1491 1588 1538 301,
1605 1491 1627 1528 9
1642 1484 1726 1543 Μ.),
1746 1503 1818 1528 nec

255 1560 345 1586 raro
372 1548 550 1587 videmus
575 1549 695 1587 Ennii
721 1562 856 1588 versus
882 1550 1057 1600 integros
1084 1550 1281 1588 sententia
1305 1562 1446 1588 manca
1473 1549 1614 1587 afferri.

375 1607 519 1646 Libro
540 1610 711 1658 quinto
733 1610 801 1658 qui
828 1609 1035 1659 compositi
1061 1611 1153 1648 sunt
1177 1621 1324 1657 versus,
1351 1621 1485 1647 eorum
1511 1610 1700 1657 quattuor
1727 1608 1819 1646 libri

257 1668 353 1704 nota
372 1667 552 1718 insigniti
578 1670 671 1706 sunt
697 1669 764 1706 sed
788 1669 909 1706 iidem
933 1669 1034 1706 nihil
1059 1669 1106 1706 de
1127 1670 1358 1718 argumento
1377 1667 1468 1704 libri
1488 1669 1560 1705 aut
1578 1668 1624 1705 de
1643 1667 1819 1717 ipsorum

259 1726 460 1764 occasione
485 1727 676 1776 produnt:
703 1728 771 1776 qui
797 1741 843 1765 ex
868 1728 1028 1766 incertis
1053 1729 1156 1765 hunc
1181 1729 1311 1765 locum
1330 1727 1438 1765 nacti
1458 1728 1560 1775 sunt,
1587 1738 1652 1764 eos
1672 1728 1741 1764 aut
1760 1726 1817 1768 in—

257 1784 387 1823 dicata
413 1798 474 1824 res
501 1788 573 1824 aut
591 1787 820 1825 testimonia
839 1787 982 1836 quibus
1003 1788 1154 1836 accepti
1173 1787 1356 1825 feruntur
1373 1786 1464 1823 huic
1483 1785 1583 1824 libro
1603 1785 1817 1824 vindic-ant.

256 1843 431 1889 Quorum
457 1846 630 1894 primum
657 1849 716 1884 est
742 1841 809 1899 (Π)
836 1847 975 1885 bellum
1001 1848 1134 1895 aequis
1158 1847 1339 1884 manibus
1363 1857 1440 1883 nox
1463 1846 1687 1893 intempesta
1718 1846 1818 1884 dire-

254 1905 335 1948 mit,
367 1904 409 1942 in
443 1917 520 1953 quo
549 1906 688 1943 bellum
714 1903 768 1958 (h.
797 1919 827 1943 e.
850 1901 1064 1959 proelium)
1097 1906 1202 1955 quod
1234 1905 1377 1942 dicitur
1402 1903 1641 1942 Samnitium
1670 1904 1819 1942 bellum

261 1975 342 2001 esse
368 1963 535 2002 Acronis
560 1965 680 2002 verba
706 1965 774 2014 qui
801 1966 915 2003 affert
939 1965 1091 2014 liquido
1117 1965 1400 2003 demonstrant.
1427 1963 1537 2008 Quae
1562 1975 1622 2001 res
1642 1963 1818 2001 illustra-

253 2024 320 2060 tur
339 2035 363 2060 a
382 2022 497 2062 Livio
518 2018 594 2076 (vn
616 2019 704 2076 33),
730 2024 787 2062 ibi
812 2024 880 2062 ubi
903 2025 949 2062 de
969 2025 1098 2074 primo
1123 2024 1227 2062 bello
1249 2022 1465 2061 Samnitico
1493 2023 1543 2060 ad
1569 2035 1601 2060 a.
1621 2036 1658 2060 u.
1680 2035 1709 2060 c.
1732 2023 1814 2060 411

255 2081 353 2119 dicit
378 2077 473 2135 (14)
500 2084 629 2131 itaque
647 2084 830 2129 Romani,
856 2096 942 2122 cum
968 2087 1002 2122 et
1025 2085 1144 2131 fluere
1168 2085 1250 2121 iarn
1269 2082 1498 2121 lassitudine
1516 2084 1618 2120 vires
1636 2083 1819 2120 sentirent

253 2143 287 2179 et
310 2141 389 2179 diei
413 2142 520 2179 haud
543 2143 708 2181 multum
731 2154 940 2191 superesse,
966 2144 1116 2182 accensi
1140 2144 1205 2180 ira
1224 2143 1414 2180 concitant
1434 2153 1473 2179 se
1491 2143 1535 2179 in
1553 2142 1714 2179 hostem:
1738 2144 1819 2179 tum

246 2201 425 2247 primum
455 2203 596 2249 referri
620 2202 760 2250 pedem
791 2205 903 2250 atque
933 2203 1120 2241 inclinari
1150 2213 1231 2240 rem
1261 2202 1305 2239 in
1335 2202 1472 2250 fuyam
1500 2202 1708 2248 apparuit;
1737 2203 1818 2238 tum

252 2261 359 2307 capi,
393 2260 515 2298 occidi
551 2260 731 2308 Samnis;
764 2274 832 2300 nec
868 2263 1152 2310 superfuissent
1186 2261 1317 2305 multi,
1356 2262 1407 2298 ni
1441 2271 1531 2298 nox
1569 2261 1819 2298 victoriam

252 2320 403 2367 mayis
428 2331 564 2367 quam
582 2321 818 2367 proelium
844 2322 1122 2359 diremisset.
1147 2320 1201 2358 Et
1220 2320 1254 2357 si
1279 2321 1343 2357 cui
1366 2319 1495 2369 magis
1520 2319 1678 2368 placeat
1697 2318 1818 2357 verba

254 2377 376 2416 Ennii
401 2378 451 2416 ad
477 2391 524 2416 ea
547 2380 687 2417 referri
713 2393 814 2429 quae
839 2379 976 2418 Livius
1001 2380 1043 2417 in
1068 2379 1187 2417 tertio
1217 2378 1322 2416 bello
1349 2377 1589 2416 Samnitium
1615 2373 1659 2430 (x
1683 2379 1749 2425 12,
1770 2373 1816 2430 5)

253 2437 303 2474 ad
323 2450 358 2475 a.
377 2451 415 2475 u.
436 2450 467 2475 c.
489 2439 572 2477 456
600 2440 836 2477 memoravit
855 2442 1076 2488 pugnatum
1100 2439 1248 2476 maiore
1267 2440 1384 2485 parte
1409 2437 1486 2475 diei
1510 2448 1655 2485 mayna
1681 2438 1818 2475 utrim-

253 2508 324 2544 que
356 2497 489 2535 caede:
521 2509 611 2536 nox
640 2499 855 2543 incertis,
886 2511 977 2547 qua
1007 2499 1123 2536 data
1152 2498 1357 2535 victoria
1388 2498 1522 2538 esset,
1559 2497 1819 2534 intervenit

257 2549 323 2607 (cf.
351 2556 517 2594 eundem
536 2569 578 2594 1x
600 2557 667 2605 23,
689 2551 745 2609 4),
777 2557 902 2595 nihilo
928 2558 1053 2595 secius
1077 2557 1119 2594 in
1144 2556 1218 2594 hoc
1242 2556 1343 2594 libro
1374 2567 1510 2593 versus
1543 2566 1657 2592 suum
1687 2554 1816 2592 locum

255 2614 465 2653 obtinebit:
492 2618 532 2653 et
557 2616 662 2664 quod
686 2616 960 2666 progrediente
987 2615 1248 2665 aequabiliter
1272 2628 1403 2653 rerum
1423 2613 1557 2652 ordine
1578 2613 1818 2652 suadebatur

254 2673 371 2711 huius
398 2675 617 2713 testimonii
641 2674 718 2713 fide
741 2675 834 2713 licet
854 2675 997 2714 certius
1019 2675 1226 2723 affirmare,
1252 2674 1396 2712 bonam
1414 2674 1568 2722 partem
1587 2673 1706 2710 huius
1725 2672 1817 2710 libri

255 2732 370 2770 bellis
398 2732 624 2771 Samniticis
651 2736 883 2783 occupatam
906 2735 1037 2773 fuisse.
1070 2734 1308 2772 Samnitium
1333 2733 1473 2771 bellum
1498 2733 1661 2779 ancipiti
1684 2732 1818 2770 Marte

252 2795 402 2840 ²aestum
426 2793 603 2841 Pyrrhus
627 2794 757 2838 hostis,
781 2793 977 2842 Pyrrhum
1000 2794 1120 2832 Poeni
1143 2794 1263 2831 secuti
1288 2793 1346 2830 ait
1368 2791 1504 2830 Livius
1529 2803 1587 2829 vn
1609 2791 1675 2839 29,
1697 2791 1732 2827 2.

378 2850 603 2888 Consimilis
630 2854 689 2890 est
720 2865 798 2889 non
831 2864 992 2901 compar
1022 2852 1199 2891 condicio
1230 2851 1413 2890 versiculi
1439 2844 1523 2903 (In)
1555 2861 1654 2887 euax
1679 2851 1819 2897 aquast

259 2921 421 2959 aspersa
445 2911 622 2949 Latinis:
655 2911 765 2949 cuius
796 2912 968 2961 primum
999 2912 1168 2949 formam
1199 2924 1224 2949 a
1253 2923 1315 2949 me
1346 2909 1560 2949 certissime
1591 2909 1816 2946 restitutam
