2054 3282
822 169 1070 204 THYESTES
1643 167 1696 208 18
1703 168 1725 209 7

169 290 255 334 355
286 290 484 345 Namque
509 305 690 348 regnum
717 290 971 346 suppetebat
996 291 1067 346 mi,
1092 293 1142 332 ut
1167 289 1287 345 scias,
1314 292 1473 344 quanto
1501 304 1522 331 e
1547 287 1656 343 loco,

287 362 466 413 Quantis
493 362 658 418 opibus,
684 362 839 417 quibus
865 362 916 404 de
942 362 1067 404 rebus
1093 361 1212 417 lapsa
1236 360 1409 403 fortuna
1434 359 1608 403 aecidat.

928 479 979 513 XI

168 551 252 595 357
287 552 466 595 Tantalo
493 555 740 608 prognatus,
766 551 923 607 Pelope
948 554 1088 608 natus,
1114 551 1188 606 qui
1214 551 1429 605 quondam
1455 565 1479 591 a
1505 564 1630 591 socru

287 623 504 666 Oenomao
531 637 629 679 rege
654 623 996 678 Hippodameam
1022 623 1157 677 raptis
1182 625 1362 664 nanetus
1387 620 1562 676 nuptiiS,

290 694 404 737 Iovis
432 696 511 737 iste
537 695 709 750 quidem
734 709 947 749 pronepos

917 811 984 845 XII

169 885 255 927 360
288 885 424 935 Quam
450 883 558 926 mihi
584 885 766 926 maxime
792 885 863 926 hic
887 884 1015 926 hodie
1041 884 1272 940 contigerit
1298 883 1457 925 malum

906 1000 991 1034 ΧΠΙ

168 1074 251 1117 361
287 1072 361 1116 Set
387 1088 454 1116 me
479 1072 638 1130 Apollo
664 1074 754 1129 ipse
781 1074 963 1116 delectat
988 1073 1134 1116 ductat
1159 1072 1392 1128 Delphicus

169 1240 349 1275 accidat».
372 1238 473 1284 quid,
500 1239 589 1274 huic
615 1238 712 1274 calix
736 1238 848 1273 mulsi
873 1238 1138 1285 impingendus
1165 1240 1221 1273 est
1245 1240 1288 1273 ut
1310 1238 1458 1284 plorare
1481 1238 1638 1282 desinat,
1666 1239 1732 1273 aut

169 1293 313 1337 aliquid
333 1292 412 1328 eius
431 1291 558 1327 modi?
584 1302 668 1327 ecce
694 1292 765 1327 tibi
786 1303 830 1327 ex
850 1292 969 1327 altera
987 1293 1096 1337 parte
1115 1292 1168 1327 ab
1195 1292 1350 1327 eodem
1375 1293 1512 1337 poeta
1532 1292 1635 1338 [85].’
1657 1291 1730 1326 En-

168 1346 282 1381 niana
301 1357 380 1381 esse
401 1345 527 1381 Cicero
547 1346 708 1389 indicat3
734 1345 889 1390 Thyesti
917 1345 1157 1380 attribuenda
1183 1346 1328 1380 censuit
1352 1345 1598 1390 Ribbeckius,
1622 1346 1660 1380 et
1678 1345 1731 1379 vi-

168 1400 302 1435 dentur
320 1400 414 1435 haec
433 1399 472 1434 in
492 1399 691 1444 Thyestem
718 1399 867 1434 omnia
893 1410 960 1434 sua
984 1399 1104 1434 mala
1124 1400 1232 1445 (353),
1253 1400 1421 1444 ereptum
1441 1410 1597 1444 regnum
1617 1400 1655 1433 et
1670 1409 1730 1434 ex-

167 1454 326 1488 tinctum
346 1463 473 1499 genus,
496 1452 753 1498 deplorantem
773 1453 923 1498 egregie
942 1453 1136 1498 quadrare.

286 1506 336 1540 XI
350 1508 445 1552 (357)
479 1505 604 1541 Cicero
618 1506 724 1541 Tusc.
735 1506 828 1551 disp.
838 1519 879 1540 111
895 1510 949 1551 11,
959 1510 1003 1541 25
1017 1507 1028 1523 ‘
1038 1506 1311 1552 aegritudinem
1326 1506 1575 1551 depellamus.
1592 1507 1732 1541 .taetra

168 1560 267 1595 enim
280 1570 337 1595 res
352 1561 417 1603 est,
429 1560 576 1603 misera,
589 1560 822 1595 detestabilis
835 1589 841 1594 .
854 1589 877 1595 ..
892 1560 929 1594 ¹2,
941 1560 972 1580 ²⁶
983 1560 1105 1605 qualis
1120 1560 1219 1595 enim
1229 1560 1300 1595 tibi
1313 1559 1378 1594 ille
1390 1559 1537 1595 videtur
1549 1560 1730 1596 «Tantalo

170 1643 175 1649 .
194 1643 199 1648 .
217 1643 222 1647 .
245 1625 267 1649 a
285 1625 403 1650 socero
426 1643 431 1648 .
450 1643 455 1648 .
473 1642 478 1648 .
501 1613 653 1659 nuptiis,
674 1613 769 1648 Iovis
789 1613 860 1648 iste
880 1613 1031 1658 quidem
1057 1624 1275 1658 pronepos».
1297 1614 1424 1648 tamne
1449 1624 1536 1659 ergo
1564 1613 1731 1648 abiectus

167 1670 320 1712 tamque
339 1666 479 1702 fractus
494 1671 510 1702 ἵ)
530 1667 692 1703 «nolite»
713 1667 837 1710 inquit
857 1667 1045 1711 «hospites
1062 1696 1068 1701 .
1085 1695 1091 1701 .
1110 1667 1282 1702 haeret»
1297 1668 1400 1712 (vm).
1422 1668 1464 1701 tu
1483 1668 1532 1711 te,
1556 1666 1729 1711 Thyesta,

168 1720 364 1755 damnabis
385 1720 609 1765 orbabisque
628 1720 711 1755 luce
730 1721 883 1765 propter
901 1720 976 1754 vim
996 1720 1144 1755 sceleris
1165 1719 1317 1754 alieni?
1335 1719 1387 1755 Cf.
1402 1720 1492 1754 ibid.
1510 1724 1564 1763 18,
1580 1724 1635 1755 39.
1756 1720 1758 1722 ’

167 1774 270 1809 Haeo
289 1774 415 1809 omnia
434 1774 482 1808 ad
501 1786 617 1808 unum
637 1774 869 1818 eundemque
883 1773 1083 1818 Thyestem
1101 1773 1299 1818 pertinere,
1320 1784 1430 1819 quem
1443 1773 1614 1819 Hyginus
1628 1774 1732 1808 iden-

166 1827 284 1862 tidem
299 1827 387 1872 (fab.
403 1830 458 1862 86.
474 1828 533 1873 87)
550 1827 718 1872 ‘Pelopis
733 1828 771 1862 et
783 1827 1060 1872 Hippodamiae
1073 1827 1191 1861 fflium
1202 1827 1212 1844 ’
1229 1827 1408 1872 appellat,
1423 1838 1491 1862 nec
1509 1840 1576 1862 v111
1596 1827 1731 1872 certius

168 1881 216 1915 ad
229 1881 391 1915 Ennium
404 1891 516 1925 quam
529 1893 566 1915 >n
579 1880 719 1924 referri,
734 1880 919 1916 Ciceronis
933 1881 1005 1916 iter
1018 1881 1237 1926 disputandi
1249 1880 1462 1926 patefacere
1475 1880 1623 1916 videtur
1642 1881 1732 1927 (alia

167 1945 224 1969 res
239 1936 296 1969 est
309 1934 354 1968 de
364 1934 508 1977 Medea,
520 1934 604 1968 vide
615 1935 663 1968 ad
674 1936 749 1979 vn),
763 1934 892 1979 itaque
905 1935 998 1969 haec
1008 1945 1156 1979 quoque
1163 1934 1336 1979 Thyestis
1346 1934 1459 1969 verba
1473 1934 1519 1969 de
1533 1934 1609 1969 suis
1622 1934 1731 1969 rebus

167 1987 360 2022 referentis
375 1998 454 2022 esse
467 1987 662 2032 probabile
676 1989 748 2031 est3
768 1998 889 2033 neque
902 1988 976 2022 ista
989 1988 999 2004 ‘
1008 1988 1103 2022 Iovis
1120 2016 1126 2022 .
1140 2016 1146 2022 .
1161 1998 1346 2033 pronepos
1357 1988 1381 2031 ³,
1396 1987 1442 2022 de
1456 1999 1528 2032 quo
1540 1987 1731 2022 Bentleius

167 2041 304 2076 rectius
318 2051 431 2085 quam
450 2040 672 2085 posteriores
691 2040 883 2084 iudicavit,
905 2041 951 2075 ab
966 2041 1085 2075 Ennio
1106 2041 1337 2086 seiungenda
1356 2042 1461 2085 sunt3
1483 2040 1528 2075 cf.
1544 2040 1682 2076 Telam.
1695 2054 1732 2075 v1

169 2095 207 2128 et
231 2095 325 2139 trag.
347 2093 417 2128 inc.
440 2106 499 2128 mv
517 2094 579 2138 R.;
605 2093 678 2128 nisi
704 2094 804 2139 quod
825 2093 950 2128 Cicero
977 2093 1134 2129 fortasse
1153 2095 1196 2128 ut
1216 2094 1311 2129 solet
1330 2094 1536 2128 orationem
1556 2094 1730 2138 variavit,

168 2158 255 2181 nam
275 2147 511 2181 verisimilius
532 2147 683 2191 quidem
703 2147 849 2182 videtur
867 2147 961 2182 haec
980 2147 1179 2191 Thyestem
1200 2147 1246 2182 de
1266 2158 1304 2181 se
1325 2147 1507 2181 exhibere.

286 2200 353 2234 XII
367 2202 462 2246 (360)
489 2200 632 2235 Nonius
646 2212 681 2245 p.
695 2203 774 2243 268,
786 2204 827 2234 11
843 2200 854 2217 ‘
864 2200 1079 2246 contingere
1093 2201 1238 2236 evenire
1254 2200 1449 2235 ...Ennius
1463 2201 1584 2245 tyeste
1595 2211 1730 2245 «quam

170 2282 176 2288 .
194 2282 200 2288 .
217 2282 223 2288 .
238 2254 429 2290 malum»)

286 2307 371 2341 XIII
385 2308 480 2352 (361)
512 2307 655 2342 Nonius
668 2319 703 2352 p.
717 2310 773 2350 97,
786 2310 828 2342 31
846 2308 857 2324 ⁶
868 2307 1053 2342 delectare
1066 2307 1207 2342 illicere
1222 2307 1419 2342 attrahere.
1434 2307 1575 2342 Ennius
1589 2308 1732 2344 theestes

169 2365 201 2396 et
220 2360 431 2406 (Thyeste
448 2361 546 2397 «set
564 2361 763 2406 Mercerus)
777 2371 836 2395 me
851 2390 857 2396 .
875 2389 881 2396 .
899 2390 905 2395 .
922 2360 1125 2397 delficus».'

289 2545 372 2582 357
393 2555 469 2591 sqq.
491 2543 684 2582 Numeros
708 2544 909 2582 Bentleius
933 2545 1126 2583 coustituit
1285 2557 1398 2583 socru
1423 2545 1624 2583 Bentleius
1649 2546 1728 2584 coll.

142 2607 145 2609 ’
168 2603 297 2641 Nouio
309 2616 352 2651 p.
367 2612 386 2639 2
399 2611 461 2651 23,
473 2612 527 2638 20
542 2614 673 2641 socrus
688 2604 727 2641 et
739 2604 956 2642 masculino
970 2617 1110 2654 genere
1123 2606 1272 2643 veteres
1287 2605 1365 2643 diei
1383 2616 1496 2655 posse
1509 2605 1729 2643 voluerunt.

169 2663 343 2701 Naevius
371 2658 480 2714 [com.
503 2659 557 2698 66
578 2658 646 2713 R]
675 2665 708 2700 et
731 2662 934 2701 Priscz'auo
958 2675 1001 2701 v1
1021 2675 1062 2711 p.
1088 2672 1183 2712 233,
1200 2672 1220 2711 7
1243 2664 1298 2701 H.
1462 2664 1545 2702 358
1571 2665 1731 2702 nactust

170 2717 392 2775 (nanctust)
419 2721 620 2760 Bentleius
782 2722 864 2761 359
893 2722 1076 2761 Fortasse
1101 2735 1172 2774 ego
1200 2723 1358 2773 quidem
1366 2737 1380 2769 ,·
1411 2723 1457 2770 cf.
1484 2734 1583 2770 quae
1607 2735 1731 2770 supra

169 2783 308 2829 scripsi
446 2782 543 2819 360.
560 2781 641 2819 361
664 2781 726 2819 De
744 2783 943 2830 utriusque
961 2785 1078 2821 metro
1098 2783 1198 2830 quod
1217 2783 1318 2821 idem
1337 2784 1400 2826 est,
1425 2783 1551 2820 cretici
1569 2783 1730 2820 adneoeis

171 2841 365 2885 trochaeis,
380 2842 463 2879 dixi
474 2852 643 2889 prooem.
659 2850 673 2876 1
684 2837 766 2876 888
771 2836 792 2891 s
796 2839 849 2889 89
864 2854 906 2890 p.
923 2851 958 2890 9.
980 2842 1042 2880 De
1054 2854 1127 2890 quo
1146 2844 1353 2880 metrorum
1362 2853 1500 2889 qenere
1511 2841 1593 2879 Leo
1605 2854 1730 2889 nuper

171 2901 245 2948 eyit
262 2901 308 2938 de
326 2902 424 2939 eant.
444 2900 571 2939 Plaut.
587 2894 677 2952 (aot.
698 2901 808 2939 acad.
831 2900 996 2950 Gottinq.
1011 2913 1046 2939 a.
1065 2912 1078 2937 1
1090 2895 1194 2954 897)
1207 2913 1250 2949 Ρ.
1269 2911 1282 2936 1
1295 2898 1318 2936 8
