2054 3282
325 195 408 238 156
997 186 1195 224 SCENICA

1078 304 1111 339 H

925 364 1157 392 AGAMEMNO
1177 364 1270 399 (6—8)

320 418 407 462 215
650 416 761 467 Quid
785 416 923 458 noctis
949 413 1146 456 videtur?
1171 413 1217 455 in
1242 412 1428 456 altisono

651 487 765 530 Caeli
797 486 933 541 clipeo
960 486 1133 539 superat
1162 486 1277 526 temo

318 560 402 602 217
648 557 803 600 SteHas
836 556 1018 599 sublime
1049 555 1218 611 agitans
1251 555 1379 597 etiam
1411 557 1538 610 atque

647 628 792 671 Etiam
822 627 961 670 noctis
993 627 1074 668 iter

1071 718 1123 753 ΠΙ

318 784 404 826 219
901 780 1045 823 favent
1070 780 1266 822 faucibus
1292 780 1439 836 russis,

646 853 797 896 Missis
823 854 950 894 cantu
975 851 1215 908 plausuque
1239 853 1439 907 premunt

646 923 750 966 Aias

315 1030 410 1066 ferre
428 1030 566 1076 pedum
586 1039 707 1064 cessas
729 1029 897 1064 nitere».'
1015 1028 1135 1064 Schol.
1150 1027 1283 1063 Veron.
1299 1027 1339 1063 in
1352 1027 1461 1074 Verg.
1478 1028 1543 1063 ecl.
1559 1032 1591 1071 5,
1606 1031 1651 1063 88
1671 1041 1706 1074 p.
1724 1032 1767 1063 72
1780 1028 1876 1065 Keil.

316 1098 328 1119 1
346 1097 381 1130 p.
399 1087 441 1118 12
462 1084 602 1118 Herrm.
624 1083 782 1127 ‘pedum
802 1084 927 1117 autem
947 1083 1004 1117 est
1021 1082 1197 1117 baculum
1219 1092 1421 1125 recurvum,
1444 1093 1516 1128 quo
1535 1083 1703 1128 pastores
1722 1084 1878 1118 utuntur

315 1159 358 1163 -
373 1138 376 1185 Ι
392 1138 456 1171 aut
470 1136 737 1171 adminiculum
749 1136 887 1181 pedum
902 1136 960 1179 sit,
974 1138 1018 1171 ut
1031 1136 1085 1171 ait
1095 1136 1237 1171 Ennius
1250 1136 1290 1170 in
1300 1135 1456 1181 Ifigenia
1471 1137 1652 1183 «gradum
1665 1165 1670 1171 .
1683 1165 1688 1171 .
1700 1165 1706 1171 .
1720 1147 1841 1172 cessas
1856 1148 1876 1172 ο

314 1191 386 1225 fide
400 1211 443 1216 —
459 1211 501 1215 ——
517 1190 520 1236 Ι
536 1191 703 1234 pastores
728 1189 843 1235 pedes
863 1189 1014 1224 bovium
1034 1191 1074 1235 (o
1085 1201 1107 1224 v
1117 1189 1130 1224 i
1140 1201 1165 1224 u
1175 1201 1213 1224 m
1231 1188 1389 1235 Keilius>
1408 1190 1597 1225 retrahere
1611 1190 1781 1225 soleant.’

314 1244 510 1288 Euripides
526 1246 615 1277 1—3
629 1245 705 1278 ΑΓ.
721 1238 764 1277 Ὦ
777 1241 929 1289 πρέσβυ,
951 1241 1076 1288 δόμων
1098 1245 1216 1279 τῶνδε
1234 1242 1423 1287 πάροιθεν
1444 1249 1570 1291 στεῖχε.
1588 1245 1665 1279 ΠΡ.
1684 1242 1822 1291 στείχω.
1842 1242 1878 1279 τί

316 1297 356 1333 δὲ
371 1301 616 1342 καινουργεῖς,
626 1294 854 1341 Ἀγάμεμνον
868 1295 1066 1340 ἄναξςΑΓ.
1081 1296 1219 1332 πεύσει.
1232 1297 1308 1331 ΠΡ.
1325 1296 1482 1332 σπεύδω.
1502 1307 1591 1332 nam
1610 1307 1655 1332 ex
1674 1297 1755 1342 ipso
1768 1296 1877 1332 initio

312 1350 462 1385 fabulae
487 1349 554 1384 illa
579 1349 691 1384 Ennii
716 1360 890 1394 expressa
916 1351 1013 1395 sunt,
1038 1360 1113 1385 non
1139 1360 1184 1384 ex
1202 1362 1232 1384 v.
1250 1353 1317 1384 139
1335 1350 1435 1394 quod
1455 1361 1539 1385 cum
1559 1349 1746 1396 Scaligero
1766 1350 1876 1396 vulgo

313 1402 566 1447 crediderunt;
586 1403 671 1437 vide
690 1413 851 1448 prooem.
869 1404 1020 1449 1888s89
1039 1415 1075 1448 p.
1093 1407 1136 1438 13
1151 1415 1203 1447 sq.

428 1456 463 1491 Π
482 1457 577 1501 (215)
604 1456 721 1491 Varro
742 1457 789 1492 de
808 1456 831 1491 1.
847 1457 885 1491 L.
900 1470 952 1492 vn
968 1460 1011 1491 73
1025 1457 1140 1502 «quid
1153 1457 1300 1492 ...caeli
1319 1456 1438 1502 clipeo
1452 1460 1542 1493 temo
1555 1461 1706 1503 superat
1722 1485 1728 1491 .
1746 1485 1752 1491 .
1767 1468 1878 1504 aqens

315 1538 320 1544 .
338 1538 343 1544 .
362 1539 367 1544 .
383 1510 487 1545 iter».
501 1509 564 1544 hic
575 1509 734 1544 multam
747 1511 895 1545 noctem
914 1510 1109 1546 ostendere
1127 1510 1205 1546 volt
1218 1521 1242 1545 a
1259 1510 1418 1545 temonis
1437 1511 1558 1555 motu3
1579 1511 1644 1546 sed
1663 1511 1762 1546 temo
1778 1510 1877 1546 unde

312 1565 349 1598 et
369 1575 432 1598 cur
452 1563 598 1598 dicatur
616 1563 719 1598 latet.
736 1563 896 1599 arbitror
916 1564 1090 1609 antiquos
1109 1564 1266 1599 rusticos
1286 1564 1447 1609 primum
1466 1565 1615 1599 notasse
1635 1564 1820 1608 quaedam
1838 1564 1878 1599 in

313 1617 413 1652 caelo
435 1617 542 1662 signa
561 1627 658 1662 quae
677 1618 825 1662 praeter
838 1617 914 1653 alia
927 1619 1034 1653 erant
1046 1617 1211 1664 insignia
1225 1619 1338 1662 atque
1352 1618 1399 1652 ad
1414 1617 1578 1663 aliquem
1589 1629 1697 1652 usum
1711 1617 1877 1653 culturae

312 1672 350 1705 ct
360 1672 416 1715 (et
432 1671 516 1705 add.
526 1671 690 1716 Lachm.)
698 1672 845 1716 tempus
857 1671 1131 1716 designandum
1142 1671 1337 1706 convenire
1348 1671 1749 1706 animadvertebantur.
1757 1671 1787 1691 ⁷⁴
1798 1671 1876 1706 eius

313 1724 420 1770 signa
434 1725 520 1758 sunt
533 1724 634 1768 quod
646 1724 715 1759 has
729 1726 872 1770 septem
892 1724 1019 1760 stellas
1034 1724 1166 1760 Graeci
1182 1726 1225 1760 ut
1241 1724 1423 1759 Homerus
1442 1726 1551 1760 vocat
1570 1724 1717 1769 ἅμαξαν
1738 1725 1776 1759 et
1793 1735 1877 1770 pro»

311 1777 493 1822 pinquum
507 1777 585 1812 eius
600 1777 749 1812 bootem
763 1778 928 1824 signum3
948 1777 1065 1813 nostri
1079 1788 1142 1812 eas
1157 1778 1299 1823 septem
1313 1777 1441 1812 stellas
1454 1777 1565 1812 boves
1579 1778 1618 1812 et
1629 1778 1825 1821 temonem,
1841 1778 1879 1812 et

312 1841 427 1876 prope
447 1841 510 1865 eas
529 1831 663 1866 axem!
774 1831 877 1866 Idem
891 1831 981 1866 ibid.
996 1844 1019 1866 v
1034 1835 1077 1866 19
1095 1831 1105 1848 ‘
1115 1831 1265 1866 omnino
1280 1841 1348 1877 ego
1361 1831 1482 1877 magis
1495 1832 1587 1876 puto
1601 1841 1624 1865 a
1637 1830 1730 1866 chao
1744 1830 1877 1866 choum

313 1884 493 1930 (chovum)
515 1885 552 1919 et
570 1884 658 1919 hinc
678 1884 833 1928 caelum,
855 1885 1032 1929 quoniam
1051 1885 1095 1919 ut
1114 1884 1192 1918 dixi
1211 1884 1292 1928 hoc,
1314 1884 1453 1919 circum
1466 1894 1652 1929 supraque
1666 1883 1766 1928 quod
1780 1895 1877 1920 com·

311 1937 421 1982 plexu
437 1937 602 1972 continet
614 1938 763 1981 terram,
775 1949 915 1981 cavum,
929 1938 1083 1973 caelum.
1099 1937 1228 1982 itaque
1242 1937 1335 1972 dicit
1346 1937 1587 1972 Andromeda
1598 1937 1711 1972 Nocti
1725 1938 1824 1984 [112]
1840 1938 1878 1972 et

312 1990 540 2036 Agamemno
551 1991 614 2027 «in
628 1990 788 2026 altisono
798 1992 891 2027 caeli
903 1991 1062 2037 clipeo»3
1075 2001 1206 2026 cavum
1219 1990 1319 2026 enim
1332 1989 1510 2035 clipeum3
1522 1991 1560 2025 et
1570 1990 1711 2025 Ennius
1724 1990 1815 2025 item
1828 1990 1877 2025 ad

313 2044 543 2079 cavationem
557 2044 675 2080 «caeli
689 2044 860 2090 ingentes
874 2045 1056 2080 fornices»
1071 2045 1194 2090 (381).'
1293 2044 1424 2079 Festus
1437 2056 1472 2089 p.
1489 2046 1568 2087 504,
1584 2047 1604 2078 9
1618 2043 1684 2078 Th.
1702 2044 1878 2089 ‘(septen-

312 2097 462 2142 triones)
480 2097 484 2144 Ι
501 2099 644 2143 septem
657 2097 789 2134 stellae
803 2098 956 2144 appe(ll)
971 2119 1014 2124 —
1030 2119 1073 2123 —
1089 2097 1092 2145 Ι
1107 2097 1175 2132 bus
1189 2097 1338 2141 iunctis,
1352 2108 1444 2142 quos
1457 2097 1530 2132 trio
1541 2119 1585 2123 —
1598 2118 1641 2123 —
1656 2097 1659 2144 Ι
1674 2097 1876 2142 appellent,

313 2150 412 2193 quod
431 2150 496 2184 iun
510 2172 553 2176 -—
575 2172 618 2177 —
636 2151 640 2198 Ι
658 2151 767 2196 quasi
785 2151 965 2186 terriones
986 2173 1029 2177 -
1051 2173 1095 2177 —
1113 2151 1116 2197 Ι
1133 2152 1233 2196 quod
1252 2151 1292 2186 id
1313 2152 1455 2186 astrum
1475 2151 1571 2186 Grae
1584 2171 1628 2176 —
1650 2172 1694 2176 —
1711 2150 1715 2196 Ι
1731 2151 1876 2195 partem

313 2203 501 2247 quandam
515 2225 557 2230 —
574 2225 617 2230 -
634 2204 794 2251 {Ennius
815 2208 988 2250 «superat
1000 2224 1044 2231 -
1060 2226 1103 2230 —
1121 2204 1125 2251 Ι
1143 2205 1181 2239 et
1201 2204 1349 2250 physici
1369 2215 1454 2239 eum
1472 2207 1515 2239 εὖ
1526 2203 1583 2230 -’
1600 2205 1668 2238 etc.
1691 2202 1743 2238 cf.
1758 2203 1875 2238 Varro

312 2269 364 2290 v11
385 2259 438 2290 75.
535 2257 715 2302 Apuleius
736 2258 782 2293 de
803 2258 873 2293 deo
893 2258 990 2293 Socr.
1007 2262 1027 2292 2
1047 2270 1083 2303 p.
1100 2261 1131 2299 6,
1149 2261 1191 2293 19
1213 2257 1344 2292 Goldb.
1362 2256 1627 2302 ‘suspicientes
1647 2256 1687 2291 in
1705 2256 1776 2292 hoc
1794 2267 1875 2302 per-

312 2308 515 2345 fectissimo
535 2321 555 2346 «
564 2312 695 2346 mundi
702 2322 722 2347 »
742 2313 786 2346 ut
805 2311 859 2346 ait
878 2311 1019 2346 Ennius
1040 2311 1220 2356 «clipeo»
1240 2310 1343 2345 miris
1363 2310 1573 2357 fulgoribus
1591 2310 1736 2345 variata
1756 2309 1875 2345 caela-

313 2362 442 2397 mina.'
1061 2396 1064 2399 .

430 2415 480 2450 m
500 2417 596 2462 (219)
635 2417 760 2452 Cicero
781 2418 826 2453 de
847 2418 918 2453 div.
934 2431 961 2453 11
982 2422 1037 2461 26,
1054 2421 1099 2467 57
1114 2417 1368 2453 ‘Democritus
1395 2417 1558 2462 optumis
1578 2416 1698 2452 verbis
1725 2427 1875 2451 causam

433 2563 515 2602 215
536 2574 590 2612 sq.
610 2564 783 2603 Distinxi
796 2568 887 2613 post
904 2565 1072 2610 videtur,
1095 2568 1128 2603 ei
1146 2567 1188 2604 in
1209 2566 1378 2604 altisono
1399 2577 1428 2603 c.
1443 2565 1569 2614 clipeo
1590 2565 1750 2613 superat
1768 2565 1872 2601 temo

312 2624 354 2660 in
373 2634 495 2661 usnam
515 2624 695 2662 coniunxi
716 2619 801 2676 (hoc
820 2636 907 2663 cum
929 2619 1136 2678 Columna)
1158 2625 1351 2673 eidemque
1368 2622 1651 2672 Ayamemnom
1676 2623 1794 2661 tribui
1817 2634 1873 2661 sc-

313 2694 399 2720 cum
412 2682 655 2721 deliberamti:
671 2683 783 2731 vulyo
796 2683 953 2722 videtur
967 2713 975 2721 .
991 2714 997 2720 .
1013 2684 1138 2734 clipeo
1147 2682 1168 2721 P
1185 2686 1290 2722 temo
1304 2684 1475 2733 superat,
1490 2693 1653 2731 quorum
1663 2682 1757 2720 haec
1768 2683 1873 2720 temo

313 2752 385 2789 eqs.
405 2741 487 2779 semi
506 2741 679 2780 tribwwnt
696 2754 845 2790 parum
859 2743 1057 2791 probabili
1081 2745 1251 2789 ratione;
1270 2743 1357 2781 vide
1376 2754 1474 2790 quac
1493 2742 1690 2789 disputavi
1701 2752 1871 2788 prooem.

319 2809 333 2835 1
344 2797 426 2836 888
432 2796 453 2850 s
457 2798 510 2849 89
524 2813 567 2849 p.
583 2810 596 2835 1
608 2809 632 2847 4
646 2811 700 2849 sq.
823 2802 906 2839 217
928 2804 1032 2840 temo
1047 2802 1212 2840 sublime
1227 2803 1382 2852 agitans
1396 2802 1488 2840 dicit
1498 2803 1543 2839 ut
1560 2799 1724 2838 sublime
1737 2800 1872 2838 volan-

312 2860 369 2897 tes
395 2859 517 2898 nubes
535 2859 742 2898 Lucretius
761 2873 802 2898 VI
823 2868 875 2908 97
995 2861 1150 2911 agitans
1169 2872 1246 2910 pro
1266 2872 1384 2911 agens
1403 2861 1541 2909 scripsi
1555 2853 1742 2912 (prooem.
1763 2856 1872 2894 1880

314 2930 357 2966 p.
380 2913 472 2970 13),·
491 2919 539 2966 cf.
555 2919 608 2957 ad
625 2927 676 2967 29
688 2929 701 2955 1
831 2921 915 2958 220
934 2920 1064 2959 Missis
1078 2921 1214 2959 addidi
1229 2923 1263 2959 et
1274 2920 1500 2959 sententiam
1513 2918 1675 2967 explicui
1689 2913 1871 2972 (prooem.
