2054 3282
711 157 971 192 ANNALIUM
996 157 1084 192 LIB.
1105 157 1189 192 XIV
1672 159 1723 199 71

920 275 971 310 VI

165 343 247 385 391
284 342 432 385 «Nunc
468 345 532 385 est
564 343 638 384 ille
670 343 759 384 dies
792 357 887 384 cum
920 342 1058 398 gloria
1089 343 1274 384 maxima
1306 357 1397 385 sese

282 412 422 456 Nobis
455 414 651 456 ostendat
684 414 720 455 si
752 413 936 456 vivimus
969 414 1057 455 sive
1090 414 1307 456 morimur.

910 542 976 576 VH

163 608 250 651 393
282 607 505 651 Horrescit
536 607 635 651 telis
669 608 878 650 exercitus
911 622 1035 663 asper
1065 609 1293 663 utrimque.

900 736 984 771 Vffl

164 805 251 847 394
276 803 378 846 Infit
411 818 459 846 «o
492 804 605 846 cives
639 818 746 859 quae
778 819 844 845 me
876 804 1048 846 fortuna
1080 804 1230 846 ferocis

281 874 498 931 Contudit,
531 874 708 932 indigno
741 875 854 917 bello
887 875 1070 917 confecit
1103 875 1254 917 acerbo

161 1039 308 1074 quoque
327 1028 496 1075 rumpiae
515 1026 679 1074 ingentis
700 1028 737 1062 et
755 1027 860 1073 ipsae
873 1027 1121 1074 longitudinis
1135 1027 1232 1064 inter
1246 1027 1410 1065 obiectos
1424 1028 1590 1074 undique
1603 1039 1725 1064 ramos

160 1081 444 1129 impediebant?

272 1136 323 1171 V1
342 1137 437 1181 (391)
469 1134 682 1171 Priscianus
695 1148 718 1169 x
731 1145 766 1180 p.
783 1138 917 1179 501,14
930 1135 974 1170 H.
993 1135 1004 1152 ‘
1014 1134 1242 1180 deponentia
1255 1135 1294 1170 in
1306 1135 1382 1171 rior
1399 1135 1609 1171 desinentia
1628 1135 1725 1172 orior

161 1191 199 1225 et
216 1190 353 1226 morior
370 1191 449 1225 tam
469 1188 673 1225 secundum
691 1188 842 1223 tertiam
862 1198 975 1233 quam
995 1188 1198 1224 secundum
1223 1190 1397 1233 quartam
1423 1189 1725 1235 coniugationem

161 1243 441 1279 declinaverunt
454 1243 623 1278 auctores
636 1270 642 1277 .
655 1241 832 1277 ..Ennius
846 1242 886 1277 in
896 1255 977 1277 xnn
991 1242 1182 1278 annalium
1194 1253 1333 1279 «nunc.
1349 1271 1354 1277 .
1370 1270 1375 1277 .
1390 1254 1469 1278 sese
1484 1242 1548 1288 (in
1564 1271 1569 1277 .
1585 1271 1590 1277 .
1605 1271 1611 1277 .
1627 1254 1643 1277 s
1653 1254 1696 1278 es
1705 1254 1724 1278 e

160 1309 229 1332 om.
250 1297 375 1343 Sang.)
391 1296 499 1331 nobis
521 1295 695 1331 ostendat
714 1295 940 1341 <ostendit
959 1296 1076 1342 Lugd.
1096 1297 1134 1331 et
1153 1307 1242 1331 corr.
1260 1296 1351 1342 Reg.
1373 1307 1393 1331 ο
1406 1297 1602 1331 stentat
1628 1308 1723 1331 unus

160 1350 316 1396 Krehlii)
333 1379 338 1385 .
356 1378 361 1384 .
380 1379 385 1384 .
406 1349 634 1385 morimur».’

277 1404 345 1438 VII
365 1405 459 1449 (393)
497 1402 708 1437 Macrobius
730 1401 804 1437 Sat.
819 1415 856 1437 VI
876 1406 908 1445 4,
925 1406 944 1437 6
967 1403 1066 1437 ‘turn
1085 1402 1225 1438 ferreus
1244 1403 1363 1438 hastis
1377 1404 1503 1438 horret
1516 1414 1605 1449 ager
1619 1403 1721 1448 (Aen.

160 1471 196 1493 XI
212 1459 303 1503 601).
324 1457 450 1492 horret
468 1456 561 1491 mire
581 1467 620 1490 se
638 1455 763 1498 habet,
785 1455 850 1491 sed
871 1457 909 1490 et
920 1455 1062 1490 Ennius
1082 1456 1120 1490 in
1141 1457 1274 1501 quarto
1289 1457 1433 1491 decimo
1449 1456 1673 1493 «horrescit.
1691 1485 1696 1491 .
1716 1485 1721 1491 .

159 1511 368 1556 utrimque»
390 1511 427 1545 et
446 1510 484 1544 in
504 1509 711 1544 Erechtheo
732 1510 794 1554 (ιν)
816 1519 942 1545 «arma
963 1509 1141 1555 arrigunt,
1168 1510 1387 1545 horrescunt
1411 1510 1511 1546 tela»
1532 1511 1570 1544 et
1587 1510 1627 1544 in
1647 1509 1724 1545 Sci-

159 1564 271 1610 pione
291 1565 382 1610 (vm)
404 1563 565 1608 «sparsis
585 1562 703 1597 hastis
722 1562 845 1607 longis
866 1573 1018 1608 campus
1039 1563 1212 1608 splendet
1231 1564 1268 1598 et
1285 1563 1433 1599 horret»
1455 1562 1513 1609 (cf.
1535 1563 1588 1598 ibi
1609 1563 1723 1599 adno-

159 1618 263 1663 tata).
286 1617 351 1652 sed
371 1618 409 1651 et
434 1617 520 1651 ante
546 1626 672 1651 omnes
692 1615 873 1650 Homerus
895 1616 946 1660 (Il.
962 1629 1028 1650 xm
1049 1618 1130 1662 339)
1152 1616 1301 1661 ἔφριξεν
1321 1616 1362 1652 δὲ
1383 1615 1480 1663 μάχη
1501 1615 1723 1663 φθισίμβρο-

158 1684 220 1712 τος
239 1669 399 1717 ἐγχείῃσι
419 1671 574 1715 (μακρῇς
593 1668 638 1710 ἃς
651 1666 752 1715 εἶχον
764 1667 1048 1715 ταμεσίχροας).’
1147 1669 1335 1716 Vergilius
1356 1669 1470 1704 etiam
1483 1669 1573 1704 Aen.
1589 1683 1640 1704 vn
1655 1673 1723 1705 526

162 1724 362 1759 ‘horrescit
387 1723 525 1758 strictis
552 1733 658 1768 seges
683 1722 854 1757 ensibus'
877 1724 915 1757 et
933 1736 985 1757 xn
1005 1726 1073 1758 663
1096 1723 1331 1767 ‘strictisque
1358 1733 1462 1769 seges
1484 1723 1722 1758 mucronibus

157 1779 284 1813 horret
308 1777 455 1812 ferrea'
477 1776 584 1811 Unde
610 1776 715 1822 origo
740 1776 860 1822 magis
880 1776 1122 1821 metaphorae
1141 1776 1381 1822 perspicitur:
1403 1776 1448 1811 cf⁴
1470 1777 1722 1822 Lycophronis

159 1832 260 1867 Alex.
272 1834 339 1866 252
350 1829 540 1876 πέφρικαν
551 1829 640 1865 ὥστε
651 1828 756 1875 ληίου
768 1830 853 1875 γύαι
864 1828 1014 1877 λόγχαις
1024 1829 1308 1877 ἀποστίλβοντες
1318 1831 1356 1865 et
1365 1830 1580 1876 Holzingeri
1592 1841 1720 1866 comm.

277 1884 362 1919 VHI
381 1885 476 1929 (394)
514 1883 725 1918 Priscianus
745 1897 768 1918 x
787 1895 822 1928 p.
839 1886 917 1926 518,
934 1887 977 1918 14
997 1883 1041 1918 H.
1063 1883 1325 1919 ‘vetustissimi
1343 1886 1470 1920 tamen
1488 1885 1567 1918 tam
1586 1884 1723 1929 produ-

160 1939 295 1974 cebant
314 1949 426 1983 quam
447 1937 699 1982 corripiebant
719 1937 925 1982 supradicti
944 1937 1058 1980 verbi,
1078 1937 1118 1972 id
1138 1939 1195 1972 est
1214 1937 1358 1983 (tundo)
1378 1937 1515 1980 tutudi,
1535 1937 1722 1982 paenulti-

158 2003 267 2027 mam.
282 1991 423 2026 Ennius
443 1991 482 2025 in
501 2004 581 2025 xnn
595 1990 701 2027 «infit
717 2019 722 2024 .
740 2019 745 2024 .
763 2018 769 2024 .
783 1991 861 2034 fero
880 1991 932 2026 sic
951 1990 1142 2026 contudit.
1160 2019 1165 2024 .
1183 2018 1189 2024 .
1205 2001 1330 2026 acervo
1350 1991 1363 2035 (
1370 1990 1532 2025 acerbo
1552 1990 1719 2036 Lugd.)».

159 2057 243 2080 ecce
268 2045 330 2079 1110
356 2044 544 2089 corripuit.
571 2043 672 2078 idem
696 2043 735 2077 in
755 2057 816 2078 xv1
837 2044 906 2090 [v];
933 2043 1033 2078 idem
1052 2043 1092 2078 in
1112 2043 1311 2078 annalibus
1333 2044 1444 2089 [448]
1465 2043 1527 2077 hic
1545 2043 1723 2088 produxit

158 2098 454 2143 paenultimam'
555 2096 606 2131 Cf.
622 2096 760 2130 Paulus
774 2096 875 2131 Festi
894 2109 929 2141 p.
946 2100 1002 2140 80,
1016 2099 1058 2130 15
1073 2096 1139 2130 Th.
1158 2096 1261 2130 ‘infit
1280 2096 1440 2141 incipit.'
1457 2095 1598 2131 Gellius
1612 2109 1673 2131 mx
1689 2100 1719 2140 7,

161 2155 203 2186 10
217 2152 315 2186 inter
328 2150 515 2185 Laeviana
533 2149 648 2184 refert
663 2149 774 2184 ‘item
793 2149 879 2184 fiere
895 2149 931 2194 (f
935 2149 1020 2184 ieri
1041 2150 1124 2192 duo,
1145 2149 1272 2184 suere
1291 2149 1349 2184 vel
1368 2149 1504 2184 fliere
1524 2149 1651 2195 ceteri)
1665 2150 1721 2184 in-

158 2204 294 2250 pendio
321 2204 413 2247 infit,
433 2203 473 2237 id
497 2204 553 2237 est
578 2202 657 2237 fieri
676 2202 831 2247 inpense
850 2202 1010 2247 incipit'
1031 2203 1163 2246 ltaque
1176 2202 1366 2247 Vergilius
1388 2202 1463 2237 ‘ita
1482 2202 1595 2237 farier
1614 2203 1717 2238 infit’

159 2258 262 2303 (Aen.
278 2271 314 2293 xr
335 2259 434 2302 242);
458 2255 571 2291 ‘solio
591 2266 655 2291 rex
674 2255 757 2290 infit
777 2255 824 2290 ab
845 2255 921 2290 alto
933 2256 942 2272 ²
960 2257 1009 2301 (XI
1025 2257 1124 2301 301),
1140 2255 1185 2290 al.
1203 2257 1240 2290 et
1259 2255 1384 2291 Livius
1401 2256 1502 2291 ‘tum
1521 2255 1576 2291 ita
1590 2255 1719 2291 Tullus

158 2311 261 2346 infit'
284 2312 309 2356 (Ι
330 2314 385 2353 28,
401 2313 453 2356 4),
477 2309 550 2344 ‘ibi
570 2309 673 2344 infit'
697 2310 751 2354 (111
773 2312 827 2354 71,
844 2309 888 2354 6).

278 2484 362 2521 394
382 2483 492 2521 ferox
512 2483 567 2521 sic
589 2480 779 2521 Columna
798 2481 967 2520 ferocem
986 2481 1114 2520 Ianus
1132 2480 1284 2526 Dousa,
1307 2483 1341 2520 et
1359 2480 1598 2521 contundere
1618 2482 1717 2521 fero-

159 2556 242 2581 cem
267 2543 313 2581 de
331 2554 435 2580 more
460 2543 620 2581 dicitur:
641 2541 749 2589 Very.
770 2538 867 2579 Aen.
889 2553 903 2578 1
927 2537 1007 2591 263
1035 2541 1280 2591 populosque
1305 2540 1453 2580 feroces
1482 2541 1718 2588 contundet,-

160 2602 244 2640 Tib.
259 2614 304 2639 111
320 2600 357 2650 6,
374 2610 420 2648 13
436 2602 507 2640 illa
526 2602 696 2639 ferocem
716 2599 916 2646 contudit;
939 2598 1069 2638 Cicero
1088 2601 1135 2639 de
1152 2612 1194 2639 re
1205 2612 1302 2648 p.V1
1325 2610 1384 2650 1,1
1408 2601 1477 2650 qui
1497 2600 1719 2639 contuderit

159 2692 164 2698 .
183 2692 188 2698 .
207 2692 212 2698 .
229 2661 467 2700 ecfrenatam
487 2662 598 2699 illam
617 2660 825 2705 ferociam,·
845 2659 987 2698 Livius
1007 2672 1119 2699 xxvn
1142 2669 1178 2708 2,
1193 2669 1212 2696 2
1237 2660 1404 2699 ferocem
1423 2661 1590 2698 victoria
1608 2659 1716 2698 Han-

157 2720 328 2758 nibalem
352 2720 613 2766 contudisset‚·
633 2720 722 2757 ibid.
745 2727 807 2767 12,
828 2728 841 2753 1
858 2728 871 2754 1
899 2718 1183 2758 contunderent
1200 2719 1390 2758 ferociam
1408 2719 1554 2765 hostis,·
1579 2719 1629 2756 al.
1650 2719 1717 2757 sed

158 2782 285 2817 tamen
309 2780 432 2818 malui
457 2781 499 2818 in
523 2780 686 2818 similem
705 2778 931 2816 sententiam
956 2778 1095 2817 ferocis
1117 2779 1266 2826 efficere
1286 2790 1330 2817 ex
1348 2778 1490 2816 ferosic
1508 2778 1543 2816 h.
1565 2789 1592 2815 e.
1615 2789 1716 2827 quae

157 2839 327 2887 fortuna,
348 2851 447 2887 quae
468 2851 549 2877 esse
569 2837 709 2876 ferocis
730 2837 840 2886 solet,
859 2849 922 2876 me
942 2837 1121 2877 contudit
1242 2839 1324 2878 395
1349 2835 1538 2876 Contudit
1555 2836 1716 2888 indigne

158 2898 197 2935 et
215 2897 318 2936 bello
341 2896 530 2937 Columna
