2054 3282
790 198 894 234 ΓΑΒ.
915 197 1006 234 INC.
1592 198 1675 240 195

856 318 940 352 ΧΠΙ

119 379 205 421 394
237 379 318 429 Qui
351 379 416 421 sui
449 382 649 433 quaestus
683 394 808 421 causa
839 380 959 421 fictas
993 379 1200 421 suscitant
1233 379 1464 420 sententias

857 495 941 530 XIV

118 556 203 598 395
235 556 394 613 Flagiti
426 557 683 613 principium
717 559 781 598 est
812 557 971 598 nudare
1004 557 1115 598 inter
1147 556 1250 598 civis
1284 571 1460 610 corpora

866 673 933 707 XV

117 733 203 776 396
237 733 350 784 Quin
382 734 478 775 inde
510 734 656 776 invitis
689 734 948 788 sumpserint
979 733 1266 788 perdvellibus

854 850 938 884 XVI

117 912 201 953 397
237 910 282 953 Si
313 911 430 953 voles
463 911 683 954 advortere
715 911 918 966 animum,
943 911 1121 953 comiter
1147 911 1466 952 monstrabitur.

844 1028 947 1063 XVII

118 1090 203 1131 398
237 1088 380 1131 Homo
413 1090 486 1144 qui
519 1090 677 1131 erranti
711 1089 889 1132 comiter
920 1091 1131 1132 monstrat
1162 1090 1275 1131 viam

235 1230 318 1264 XIII
338 1231 434 1275 (394)
474 1230 598 1265 Cicero
620 1230 665 1265 de
686 1230 757 1264 div.
777 1243 790 1264 1
809 1234 866 1273 40,
881 1233 925 1264 88
939 1230 950 1247 ‘
967 1231 1079 1275 atque
1100 1230 1214 1265 etiam
1236 1231 1322 1265 ante
1341 1229 1408 1264 hos
1428 1229 1680 1275 Amphiaraus

117 1285 155 1318 et
173 1283 346 1326 Tiresias,
373 1295 447 1319 non
471 1283 630 1318 humiles
651 1284 689 1318 et
708 1283 855 1318 obscuri
878 1294 998 1328 neque
1018 1294 1145 1319 eorum
1166 1283 1316 1326 similes,
1336 1284 1380 1317 ut
1399 1283 1500 1328 apud
1519 1282 1681 1317 Ennium

117 1338 183 1379 est,
196 1336 283 1381 «qui
296 1365 302 1370 .
317 1366 322 1371 .
337 1365 343 1371 .
356 1336 461 1372 fictas
482 1336 613 1383 (ficta
625 1336 730 1371 Voss.
740 1337 768 1371 B
783 1349 829 1371 m.
839 1349 892 1381 pr.
909 1336 1058 1371 factas
1072 1336 1198 1382 Vind.)
1213 1348 1239 1371 s.
1256 1336 1495 1379 sententias»,
1511 1336 1575 1371 sed
1590 1336 1682 1371 clari

117 1391 155 1424 et
173 1391 406 1435 praestantes
427 1389 522 1424 viri.’
645 1389 747 1425 Haec
767 1390 815 1424 ad
834 1389 1075 1425 Telamonem
1094 1403 1131 1424 1v
1149 1390 1289 1433 referri,
1311 1390 1411 1434 quod
1430 1389 1601 1425 nonnulli
1621 1400 1680 1424 vo-

115 1443 274 1485 luerunt,
296 1444 398 1478 haud
423 1443 683 1488 improbabile,
705 1455 788 1478 cum
814 1443 1034 1488 praesertim
1055 1442 1181 1478 Cicero
1207 1443 1261 1478 ibi
1288 1443 1424 1478 citatus
1449 1442 1582 1478 afferat
1598 1443 1681 1478 ‘eos

118 1496 181 1541 qui
201 1497 378 1541 quaestus
399 1507 512 1531 causa
531 1496 796 1541 hariolentur'3
818 1497 883 1532 sed
908 1497 1019 1531 nimis
1040 1508 1151 1542 saepe
1170 1496 1265 1531 talia
1285 1497 1330 1531 de
1350 1496 1498 1531 vatibus
1519 1508 1541 1531 a
1560 1496 1681 1541 poetis

117 1550 218 1585 elata
237 1551 324 1584 sunt
337 1549 521 1595 (Sophocl.
538 1549 626 1585 Oed.
643 1562 670 1585 r.
686 1553 754 1584 387
776 1550 823 1585 ad
843 1550 982 1585 Telam.
999 1563 1035 1584 1v
1053 1550 1201 1593 allatus,
1222 1550 1399 1595 Antigon.
1417 1554 1507 1584 1055
1528 1550 1568 1584 τὸ
1589 1564 1682 1595 μαν-

116 1603 220 1638 τικὸν
245 1602 316 1648 γὰρ
342 1608 418 1638 πᾶν
445 1602 676 1648 φιλάργυρον
702 1602 824 1648 γένος,
854 1603 988 1638 Accius
1018 1607 1083 1638 169
1105 1615 1158 1648 sq.
1173 1603 1215 1638 R.
1234 1603 1309 1638 ‘nil
1333 1603 1440 1638 credo
1466 1603 1681 1648 auguribus,

117 1656 181 1700 qui
209 1667 316 1691 aures
336 1656 457 1691 verbis
483 1656 645 1691 divitant
667 1656 819 1699 alienas,
841 1668 926 1692 suas
946 1658 988 1691 ut
1009 1668 1098 1692 auro
1118 1656 1350 1702 locupletent
1370 1657 1548 1701 domos’),
1569 1667 1682 1701 quam

116 1711 159 1744 ut
178 1709 314 1744 certius
334 1709 500 1744 iudicare
519 1709 642 1744 liceat.

235 1762 320 1797 XIV
334 1764 430 1808 (395)
470 1762 596 1799 Cicero
616 1763 722 1798 Tusc.
745 1763 839 1808 disp.
856 1777 892 1798 1v
912 1767 968 1806 33,
984 1767 1027 1798 70
1045 1763 1158 1798 ‘mihi
1179 1763 1330 1808 quidem
1350 1763 1444 1798 haec
1464 1764 1502 1798 in
1523 1762 1682 1798 Graeco-

117 1828 198 1850 rum
218 1816 423 1862 gymnasiis
438 1817 529 1851 nata
543 1817 771 1852 consuetudo
785 1817 941 1860 videtur,
962 1817 1001 1852 in
1016 1817 1155 1861 quibus
1165 1816 1229 1851 isti
1243 1817 1352 1851 liberi
1366 1817 1404 1851 et
1418 1817 1582 1852 concessi
1597 1818 1683 1851 sunt

119 1880 271 1905 amores.
293 1869 387 1904 bene
407 1880 494 1915 ergo
515 1869 656 1904 Ennius
671 1870 829 1916 «flagitii
845 1899 850 1904 .
869 1899 874 1905 .
893 1899 899 1904 .
916 1871 1121 1915 corpora».’
1238 1870 1405 1915 Euripid.
1421 1870 1596 1905 Androm.
1613 1874 1680 1904 595

118 1920 202 1959 οὐδ’
226 1921 272 1958 ἂν
293 1922 326 1958 εἰ
345 1922 514 1969 βούλοιτό
540 1936 596 1965 τις
622 1923 780 1968 σώφρων
801 1923 944 1969 γένοιτο
965 1921 1254 1968 Σπαρτιατίὸων
1275 1922 1378 1969 κόρη,
1398 1923 1439 1958 αἳ
1458 1924 1524 1965 ξὺν
1543 1922 1682 1958 νέοισιν

117 1976 359 2022 ἐξερημοῦσαι
384 1975 522 2021 δόμους
541 1982 712 2022 γυμνοῖσι
737 1982 867 2022 μηροῖς
886 1977 950 2012 καὶ
968 1975 1122 2018 πέπλοις
1141 1975 1349 2021 ἀνειμένοις
1368 1975 1530 2021 δρόμους
1548 1975 1682 2011 παλαί-

118 2041 229 2073 στρας
252 2026 288 2063 τ’
311 2029 379 2064 οὐκ
404 2030 631 2075 ἀνασχετοὺς
656 2029 736 2074 ἐμοὶ
761 2029 892 2071 κοινὰς
917 2030 1052 2075 ἔχουσι.
1072 2026 1169 2078 κᾷτα
1194 2029 1404 2075 θαυμάζειν
1433 2030 1549 2075 χρεὼν
1575 2029 1608 2064 εἰ
1632 2029 1681 2074 μὴ

117 2087 298 2127 γυναῖκας
317 2083 514 2127 σώφρονας
531 2082 736 2118 παιδεύετε.
759 2082 811 2117 Cf.
830 2082 957 2118 Cicero
977 2093 1073 2127 quae
1094 2082 1203 2117 affert
1222 2082 1327 2117 Tuse.
1348 2082 1443 2127 disp.
1461 2095 1488 2117 11
1510 2086 1564 2125 15,
1579 2086 1623 2117 36
1645 2083 1682 2117 et

117 2135 202 2170 vide
215 2135 262 2170 de
281 2146 319 2170 re
338 2147 373 2180 p.
389 2148 426 2170 1v
442 2138 475 2178 4,
490 2139 521 2170 4.

236 2188 303 2223 XV
317 2190 413 2234 (396)
440 2188 556 2224 Varro
578 2189 623 2223 de
643 2189 666 2223 l.
682 2189 720 2223 L.
735 2201 786 2224 vn
805 2192 850 2223 49
868 2189 991 2234 ‘apud
1010 2189 1171 2224 Ennium
1191 2189 1305 2234 «quin
1321 2217 1327 2223 .
1345 2217 1351 2223 .
1369 2218 1374 2223 .
1390 2189 1679 2234 perduellibus».

117 2241 327 2287 perduelles
354 2242 528 2276 dicuntur
553 2242 688 2284 hostes,
715 2243 759 2276 ut
783 2242 951 2287 perfecit,
978 2242 1031 2277 sic
1055 2253 1121 2287 per
1147 2242 1312 2277 duellum
1340 2253 1362 2277 a
1382 2244 1447 2286 (et
1472 2242 1567 2277 Flor.
1589 2254 1679 2277 corr.

118 2295 390 2341 Lachmannus)
403 2295 578 2330 duellum.
591 2295 630 2330 id
643 2296 776 2340 postea
788 2295 955 2330 bellum.'
1031 2294 1083 2330 Cf.
1097 2295 1284 2330 Charisius
1299 2309 1325 2330 11
1339 2308 1374 2340 p.
1387 2299 1467 2338 211,
1481 2299 1523 2329 18
1538 2295 1580 2329 K.
1595 2296 1682 2340 ‘per

118 2359 184 2393 pro
204 2359 395 2393 perquam,
410 2348 529 2391 valde,
548 2350 591 2383 ut
606 2348 813 2393 perduellio
827 2359 1007 2393 perquam
1021 2348 1172 2391 duellio,
1187 2350 1225 2384 et
1238 2349 1468 2394 (perduellis)
1481 2349 1680 2394 plusquam

118 2402 247 2445 hostis,
267 2403 309 2436 ut
330 2401 504 2436 Rabirius
525 2402 590 2446 qui
609 2401 901 2447 perduellionem
921 2401 1053 2436 fecisse
1073 2402 1288 2444 ducebatur,
1310 2402 1349 2436 id
1369 2403 1425 2436 est
1450 2403 1579 2436 contra
1604 2413 1681 2437 rem

118 2454 308 2499 publicam
329 2454 512 2490 sensisse.'
535 2455 651 2490 Varro
672 2455 718 2490 de
737 2455 760 2489 l.
776 2455 814 2488 L.
830 2468 852 2489 v
873 2458 892 2488 3
916 2455 1056 2490 ‘multa
1080 2455 1192 2490 verba
1218 2455 1321 2490 aliud
1345 2466 1443 2490 nunc
1469 2455 1680 2497 ostendunt,

119 2507 222 2542 aliud
236 2509 322 2542 ante
337 2508 610 2552 significabant,
624 2509 666 2542 ut
678 2508 813 2552 hostis,
830 2519 917 2542 nam
937 2509 1016 2542 tum
1043 2519 1085 2543 eo
1106 2509 1215 2544 verbo
1242 2508 1419 2543 dicebant
1443 2509 1681 2554 peregrinum

119 2561 183 2605 qui
203 2561 278 2595 suis
298 2560 444 2606 legibus
464 2562 640 2603 uteretur,
661 2572 759 2595 nunc
774 2561 903 2596 dicunt
917 2571 1000 2596 eum
1015 2572 1125 2606 quem
1139 2563 1219 2596 tum
1234 2562 1410 2597 dicebant
1422 2561 1678 2607 perduellem?

119 2613 244 2649 Cicero
258 2614 304 2649 de
319 2613 377 2648 off.
389 2627 401 2648 1
417 2618 470 2657 12,
480 2617 522 2648 37
538 2614 549 2631 ‘
559 2614 672 2649 etiam
685 2614 781 2648 illud
795 2614 1061 2658 animadverto,
1073 2615 1184 2660 quod,
1195 2615 1260 2660 qui
1273 2615 1423 2661 proprio
1437 2615 1586 2650 nomine
1599 2625 1681 2659 per-

119 2667 253 2702 duellis
267 2668 374 2710 esset,
383 2667 414 2702 is
428 2667 546 2702 hostis
560 2669 763 2710 vocaretur,
772 2667 926 2702 lenitate
940 2668 1042 2703 verbi
1055 2668 1109 2704 rei
1121 2669 1316 2704 tristitiam
1329 2668 1553 2714 mitigatam.
1562 2667 1680 2702 hostis

120 2720 217 2754 enim
238 2721 339 2765 apud
358 2721 515 2756 maiores
535 2721 679 2756 nostros
699 2721 731 2755 is
751 2721 955 2765 dicebatur,
976 2733 1086 2766 quem
1099 2734 1197 2757 nunc
1210 2722 1447 2768 peregrinum
1461 2721 1646 2755 dicimus.’

236 2773 320 2808 XVI
339 2776 437 2820 (397)
463 2774 580 2809 Varro
601 2774 646 2809 de
666 2774 688 2808 l.
704 2774 742 2808 L.
757 2787 808 2809 vn
828 2777 873 2809 89
890 2775 1012 2819 ‘apud
1028 2775 1189 2810 Ennium
1204 2776 1259 2812 «si
1272 2775 1372 2810 voles
1388 2803 1394 2809 .
1412 2803 1418 2808 .
1436 2803 1442 2808 .
1458 2773 1682 2808 monstrabi-

118 2828 211 2862 tur».
234 2827 388 2862 comiter
406 2827 524 2862 hilare
546 2839 589 2862 ac
608 2827 789 2870 lubenter,
811 2828 914 2862 cuius
935 2828 1038 2874 origo
1060 2828 1202 2864 Graeca
1222 2829 1367 2864 comos'
1390 2838 1465 2872 eqs.

238 2880 339 2915 XVII
359 2882 455 2927 (398)
489 2881 613 2916 Cicero
629 2881 674 2915 de
689 2880 748 2915 off.
764 2894 776 2914 1
792 2884 847 2924 16,
863 2884 904 2915 51
924 2882 1107 2917 ‘omnium
1124 2884 1249 2917 autem
1264 2880 1475 2917 communia
1488 2880 1680 2914 hominum

119 2932 290 2967 videntur
310 2944 364 2977 ea,
386 2945 481 2978 quae
503 2936 588 2968 sunt
607 2934 752 2979 generis
773 2934 851 2968 eius
872 2935 973 2978 quod
992 2935 1038 2970 ab
1059 2935 1179 2970 Ennio
1193 2935 1356 2980 positum
1370 2934 1409 2967 in
1422 2944 1497 2967 una
1510 2944 1548 2967 re
1562 2934 1679 2967 trans-

1326 2993 1395 3027 13*
