2020 3334
301 245 422 281 XXIV
852 245 878 280 I.
905 244 1134 280 HISTORIA
1158 244 1296 279 ENNII

294 359 463 406 premis,
506 358 700 395 incertum
738 358 814 394 est:
856 368 949 393 nam
993 368 1092 405 quae
1136 355 1242 405 apud
1277 356 1525 395 Priscianum
1566 357 1754 408 leguntur
1797 351 1862 410 (111

301 430 339 466 p.
368 418 439 465 90,
469 410 573 468 2H.)
610 416 690 453 iam
730 415 886 453 constat
923 414 972 452 ad
1003 414 1244 463 Pompilium
1277 415 1379 454 falso
1415 416 1543 454 relata
1580 428 1674 455 esse.
1713 415 1790 454 Sed
1826 416 1860 454 is

306 476 376 524 qui
412 487 452 513 se
483 475 649 512 Pacuvii
680 473 838 522 (Pacci)
871 473 1106 523 discipulum
1137 474 1252 521 dicit,
1283 475 1317 512 si
1347 473 1566 513 Pacuvium
1594 475 1716 513 Ennii
1746 475 1862 513 disci-

302 534 441 584 pulum
478 534 606 571 voluit
643 546 689 571 ea
725 535 856 572 mente
895 546 974 582 qua
1010 533 1183 570 Ennium
1216 533 1437 582 Musarum,
1474 546 1552 572 non
1590 536 1650 573 est
1685 534 1862 584 profecto

303 593 408 642 quod
432 593 650 631 Pacuvium
681 593 773 631 vivo
798 592 928 631 Ennio
960 594 1000 630 et
1031 605 1075 630 eo
1108 592 1269 631 docente
1299 593 1493 643 tragicam
1525 594 1650 632 artem
1680 593 1862 632 didicisse

303 654 534 690 statuamus.
567 651 756 690 Aemulus
787 651 896 690 haud
928 651 1045 690 dubie
1075 651 1269 690 Pacuvius
1306 652 1385 690 fuit
1415 651 1536 690 Ennii
1571 653 1612 691 et
1647 652 1862 702 posteriore

302 711 461 761 quidem
491 712 668 760 tempore
700 711 798 750 adeo
829 723 1033 760 superasse
1064 711 1237 748 Ennium
1273 711 1499 761 putabatur.
1538 711 1620 750 Nec
1657 711 1784 749 solum
1820 712 1863 749 in

301 770 517 821 tragoedia.
539 769 648 808 Cum
680 771 785 808 enim
816 769 1024 809 Diomedes
1056 764 1121 823 (111
1138 784 1176 820 p.
1198 771 1296 819 485,
1317 764 1446 823 32K.)
1479 770 1626 809 scribat
1656 770 1748 809 olim
1778 782 1863 808 car-

301 842 389 868 men
426 830 527 877 quod
564 841 608 868 ea
644 831 768 868 variis
800 830 1045 877 poematibus
1082 831 1280 868 constabat
1313 831 1439 868 satira
1481 830 1708 874 vocabatur,
1751 829 1864 877 quale

300 891 539 937 scripserunt
562 889 759 928 Pacuvius
784 892 818 927 et
842 889 1012 934 Ennius,
1038 889 1222 927 similiter
1240 888 1460 938 Porphyrio
1487 889 1537 927 ad
1560 888 1720 927 Horatii
1744 887 1864 927 verba

305 943 397 1000 (sat.
423 961 439 985 1
466 949 539 996 10,
565 942 640 1000 46)
679 949 747 987 hoc
778 951 861 986 erat
891 951 1040 995 experto
1073 960 1157 997 eqs:
1195 950 1379 996 quoniam
1417 949 1488 987 alii
1525 949 1608 987 alia
1645 949 1864 987 carminum

298 1019 442 1056 yenera
473 1010 731 1046 consummate
767 1007 975 1046 scriberent
1008 1038 1015 1045 .
1050 1037 1058 1045 .
1093 1038 1100 1045 .
1140 1018 1360 1046 sermonum
1397 1011 1524 1046 autem
1560 1009 1712 1056 frustra
1748 1010 1864 1055 temp-

302 1069 418 1104 tasset
458 1067 658 1105 Terentius
697 1067 824 1106 Varro
854 1067 1122 1105 Narbonensis
1149 1097 1157 1104 .
1184 1097 1192 1104 .
1220 1097 1228 1104 .
1259 1068 1349 1105 item
1386 1067 1545 1105 Ennius
1581 1068 1648 1114 qui
1685 1069 1865 1115 quattuor

302 1126 420 1164 libros
449 1128 677 1164 saturarum
708 1126 862 1173 reliquit
893 1129 927 1164 et
955 1126 1152 1164 Pacuvius
1182 1127 1271 1164 huic
1298 1128 1430 1174 qeneri
1460 1126 1756 1173 versificationis
1785 1137 1865 1164 non

301 1186 557 1234 suffecissent,
599 1196 639 1223 se
681 1185 723 1223 id
765 1186 929 1224 scribere
973 1187 1044 1233 ait,
1089 1187 1256 1235 utroque
1294 1186 1452 1223 auctore
1493 1186 1648 1224 constat
1690 1185 1864 1222 Ennium

302 1244 597 1293 Pacuviumque
628 1244 732 1282 idem
764 1256 885 1295 genus
917 1246 1142 1282 saturarum
1174 1245 1349 1283 coluisse.

422 1303 595 1341 Tantum
627 1303 673 1341 de
700 1303 929 1352 aequalibus
961 1305 1106 1353 poetis:
1138 1304 1205 1342 sed
1235 1306 1326 1353 post
1353 1304 1520 1342 mortem
1545 1303 1666 1341 Ennii
1691 1304 1760 1352 qui
1785 1304 1863 1353 pri-

303 1375 389 1400 mus
434 1364 517 1400 eius
560 1363 801 1400 mentionem
845 1362 939 1400 fecit
980 1364 1019 1400 et
1063 1362 1301 1400 carminibus
1346 1363 1428 1401 eius
1469 1375 1563 1401 usus
1607 1362 1763 1400 videtur
1806 1365 1866 1401 est

302 1421 344 1458 P.
367 1421 572 1459 Terentius
594 1416 647 1473 (a.
670 1416 935 1473 588-595),
961 1423 1030 1471 qui
1049 1434 1137 1459 cum
1156 1423 1217 1460 ius
1238 1422 1534 1461 contaminandi
1553 1421 1708 1460 fabulas
1729 1423 1866 1460 contra

304 1481 599 1518 criminationes
631 1480 764 1518 Luscii
801 1480 973 1518 Lanuini
1011 1481 1253 1529 defenderet,
1293 1493 1383 1519 cum
1420 1481 1588 1519 aliorum
1623 1483 1707 1518 tum
1744 1480 1865 1519 Ennii

304 1540 581 1577 auctoritatem
613 1540 831 1589 appellavit
861 1539 903 1577 in
934 1540 1098 1590 prologo
1123 1539 1315 1578 Andriae:
1348 1541 1414 1588 qui
1445 1552 1533 1578 cum
1557 1541 1658 1578 hunc
1683 1544 1867 1579 accusant

303 1599 498 1636 Naevium
523 1599 709 1637 Plautum
734 1599 912 1637 Ennium
936 1598 1145 1644 Accusant,
1177 1611 1269 1647 quos
1300 1601 1361 1638 hie
1391 1602 1517 1638 noster
1549 1603 1720 1638 auctores
1745 1600 1865 1638 habet.

304 1658 398 1696 Tres
431 1659 500 1707 qui
531 1660 643 1696 erant
674 1657 944 1696 celeberrimos
976 1660 1112 1708 poetas
1145 1659 1342 1708 nominat,
1381 1670 1476 1708 quos
1509 1658 1695 1696 credibile
1728 1660 1786 1696 est
1823 1660 1865 1696 in

305 1717 516 1755 condendis
548 1717 693 1756 fabulis
725 1717 838 1755 illam
862 1718 1057 1756 rationem
1083 1730 1203 1766 quam
1229 1717 1326 1755 dicit
1352 1718 1558 1756 Terentius
1585 1720 1738 1756 secutos
1765 1731 1865 1767 esse3

304 1776 370 1814 sed
408 1776 455 1814 de
493 1776 621 1815 Ennio
659 1778 697 1814 in
738 1777 787 1814 iis
826 1789 928 1826 quae
965 1776 1081 1815 hodie
1119 1779 1275 1815 exstant
1311 1777 1410 1814 nihil
1446 1778 1527 1815 eius
1566 1778 1718 1827 generis
1755 1790 1864 1815 mon-

305 1837 422 1873 strari
460 1836 623 1884 poterit,
662 1838 700 1874 et
741 1849 841 1885 quae
879 1835 926 1874 de
966 1835 1175 1886 Iphigenia
1207 1837 1288 1874 eius
1320 1836 1500 1875 nonnulli
1532 1837 1742 1874 commenti
1774 1838 1866 1874 sunt

304 1895 418 1932 irrita
450 1906 532 1932 esse
570 1889 631 1947 (in
668 1907 838 1944 prooem.
869 1890 1050 1946 1888l89
1084 1908 1120 1944 p.
1150 1890 1287 1948 9sqq.)
1323 1895 1491 1945 probare
1529 1894 1675 1933 studui.
1718 1894 1864 1933 Versus

304 1954 506 1992 Ennianos
545 1954 683 1992 Aelius
721 1954 901 1992 Donatus
941 1954 1116 1992 Terentii
1152 1955 1346 2003 interpres
1390 1954 1598 1992 nonnullos
1643 1954 1865 2003 explicandi

306 2025 423 2051 causa
462 2013 511 2050 ad
542 2025 676 2051 versus
709 2013 886 2051 Terentii
918 2013 1144 2063 adscripsit,
1184 2013 1230 2051 de
1263 2013 1406 2062 quibus
1439 2026 1508 2052 suo
1540 2014 1626 2051 loco
1658 2013 1865 2051 dicendum

306 2074 381 2109 est:
419 2072 486 2110 sed
516 2073 558 2109 in
590 2072 734 2121 quibus
768 2073 974 2110 Terentius
1005 2073 1089 2122 ipse
1121 2072 1302 2111 videatur
1332 2073 1453 2111 Ennii
1484 2085 1634 2110 memor
1665 2084 1747 2111 esse
1778 2086 1864 2122 per—

306 2143 433 2180 pauca
463 2133 574 2180 sunt3
605 2145 698 2170 nam
730 2131 780 2169 ad
812 2131 965 2181 adelph.
994 2127 1026 2184 (1
1054 2133 1092 2180 2,
1113 2126 1187 2184 31)
1211 2143 1288 2179 pro
1314 2132 1493 2180 Iuppiter
1519 2131 1579 2179 (tu
1603 2133 1712 2170 homo
1739 2132 1866 2181 adiyis

304 2201 364 2228 me
396 2191 447 2228 ad
483 2191 702 2239 insaniam)
741 2191 846 2240 quod
876 2190 1056 2229 Donatus
1095 2190 1260 2229 adnotat
1296 2193 1445 2240 traqica
1477 2192 1719 2236 exclamatio,
1756 2194 1865 2240 pote-

305 2251 370 2286 rat
398 2249 462 2287 hic
494 2249 654 2299 quidem
686 2250 732 2288 de
764 2250 894 2288 Ennio
927 2251 1137 2301 cogitasse,
1175 2252 1215 2288 et
1245 2250 1287 2287 in
1318 2252 1505 2300 promptu
1537 2251 1623 2288 erat
1652 2262 1788 2289 versus
1820 2264 1865 2288 ex

306 2307 488 2346 Hectoris
520 2309 635 2358 lytris
669 2304 805 2362 (xv111)
839 2322 862 2346 a
892 2309 1070 2348 Varrone
1105 2310 1250 2348 citatus
1287 2313 1395 2348 tueor
1431 2313 1465 2348 te
1500 2321 1630 2354 senex,
1660 2321 1738 2357 pro
1769 2310 1865 2358 Iup-

300 2369 416 2415 piter,
454 2367 521 2405 sed
559 2368 741 2406 Terentio
773 2369 850 2418 ipsi
881 2369 976 2407 haec
1008 2370 1074 2407 vix
1105 2369 1259 2419 tragica
1290 2369 1524 2406 exclamatio
1556 2370 1641 2407 visa
1673 2370 1749 2417 est,
1788 2381 1867 2418 qua

307 2428 346 2464 et
377 2427 460 2475 ipse
493 2426 590 2464 alibi
620 2428 747 2465 utitur
773 2423 946 2479 (adelph.
973 2441 1019 2465 111
1052 2429 1095 2477 3,
1118 2422 1190 2480 12)
1231 2430 1269 2465 et
1305 2427 1471 2465 Plautus
1498 2422 1756 2479 (Menaechm.
1782 2441 1807 2466 v
1828 2428 1866 2475 5,

309 2480 394 2538 54).
435 2484 511 2523 Sed
547 2498 681 2524 versus
711 2486 944 2537 Iphigeniae
980 2482 1099 2539 (scen.
1127 2481 1231 2539 244)
1270 2487 1370 2534 quod
1407 2489 1461 2524 est
1491 2489 1579 2524 ante
1610 2487 1727 2534 pedes
1756 2498 1865 2524 nemo

306 2547 465 2592 spectat,
509 2545 605 2583 caeli
646 2549 871 2583 scrutantur
905 2547 1050 2594 playas
1093 2546 1218 2584 videri
1262 2546 1386 2596 possit
1424 2545 1607 2583 Terentio
1650 2547 1692 2583 in
1734 2547 1865 2583 mente

307 2604 430 2642 fuisse
467 2616 557 2642 cum
593 2604 688 2642 haec
727 2604 915 2643 scriberet
946 2605 987 2642 in
1019 2605 1195 2654 adelphis
1229 2599 1292 2657 (111
1325 2605 1368 2653 3,
1389 2599 1464 2656 32)
1496 2606 1594 2642 istuc
1631 2607 1685 2642 est
1719 2616 1865 2652 sapere,

306 2674 386 2700 non
416 2663 517 2710 quod
548 2665 636 2701 ante
660 2664 777 2710 pedes
808 2664 955 2702 modost
986 2664 1113 2703 videre
1142 2664 1210 2702 sed
1241 2665 1355 2702 etiam
1386 2664 1457 2702 illa
1488 2675 1585 2711 quae
1615 2665 1753 2711 futura
1775 2667 1866 2702 sunt

301 2723 540 2769 prospicere,
578 2722 646 2759 ubi
676 2722 856 2760 Donatus
893 2724 1112 2761 sententiae
1150 2723 1325 2773 vulgaris
1356 2723 1485 2761 verbis
1516 2735 1640 2772 paene
1672 2722 1865 2760 Ennianis

308 2781 375 2819 sed
401 2781 530 2818 Ennio
562 2794 640 2819 non
672 2782 871 2831 appellato
902 2783 1141 2820 mentionem
1172 2783 1279 2820 facit.
1317 2782 1438 2820 Porro
1477 2793 1632 2819 versum
1670 2782 1865 2819 scenicum

310 2835 434 2892 (380)
474 2842 541 2887 qui
583 2841 725 2888 templa
767 2842 863 2879 caeli
904 2852 1054 2879 summo
1090 2843 1219 2880 sonitu
1262 2842 1441 2885 concutit,
1484 2841 1525 2877 in
1566 2852 1643 2889 quo
1686 2840 1865 2878 Donatus

302 2899 516 2946 parodiam
546 2899 591 2937 de
617 2900 749 2938 Ennio
781 2902 820 2937 et
849 2902 1076 2938 sententiam
1107 2902 1295 2948 tragicam
1324 2901 1513 2951 agnoscit,
1546 2900 1765 2947 Terentius,
1797 2900 1866 2947 qui

311 2958 417 2995 solus
449 2958 580 3007 habet,
616 2959 674 2997 ita
705 2958 819 2997 affert
850 2953 956 3011 (cun.
983 2971 1027 2996 111
1055 2960 1092 3007 5,
1113 2954 1188 3008 42)
1219 2961 1266 2997 ut
1296 2972 1336 2998 se
1364 2959 1423 2997 uti
1456 2959 1585 2997 alieno
1616 2970 1734 2996 versu
1764 2957 1864 2996 indi-

1984 196 1985 199 Α
1992 0 2015 180 ᾈᾈ“*Ᾰ-κ-Χ.
