2004 3278
446 170 662 207 SCENICA:
689 170 914 206 PHOENIX.
953 169 1162 207 TELAMO.
1200 169 1450 205 TELEPHUS
1618 168 1726 204 CCIX

166 285 299 323 omnia
318 284 494 323 obscura.
514 283 744 322 Phoenici
762 283 847 321 fieri
866 284 998 332 potest
1016 284 1062 321 ut
1081 282 1284 332 Euripidis
1301 283 1454 333 Φοῖνιξ,
1473 283 1583 321 cuius
1597 282 1726 320 simile

165 344 243 382 fuit
262 344 549 394 argumentum,
577 343 777 392 exemplar
795 343 926 391 fuerit,
949 342 1017 381 sed
1034 342 1211 381 versibus
1231 342 1351 380 Ennii
1371 354 1460 380 cum
1478 342 1595 380 huius
1614 341 1726 380 fabu-

166 403 229 442 lae
249 402 474 452 Euripideis
501 402 655 440 collatis
682 401 843 451 probari
867 401 900 440 si
927 401 1022 451 quid
1047 402 1161 440 video
1186 414 1266 440 non
1284 403 1425 451 potest.
1453 400 1600 440 Contra
1626 413 1727 450 quae

165 462 341 500 Phoenix
372 462 414 499 in
439 461 587 499 Iliados
618 473 722 499 nono
748 474 771 499 a
796 473 832 498 v.
855 461 938 498 448
972 459 1019 499 de
1051 474 1091 500 se
1122 474 1271 510 suoque
1302 463 1415 511 patre
1439 460 1659 510 Amyntore
1688 462 1728 499 et

167 523 250 559 eius
276 521 426 571 paelice
451 521 642 569 narravit,
669 532 836 569 quorum
861 520 1052 558 nonnulla
1077 520 1128 558 ad
1153 532 1286 558 versus
1307 520 1427 558 Ennii
1452 521 1642 570 adscripsi
1667 515 1726 572 (Π.

166 593 233 620 v11.
254 575 358 633 vm),
385 593 430 618 ea
455 581 514 618 ita
533 581 763 628 comparata
783 581 885 627 sunt,
910 581 955 616 ut
973 592 1097 628 paene
1118 580 1251 617 omnia
1270 592 1371 628 quae
1392 592 1436 617 ex
1456 592 1502 618 ea
1520 579 1728 630 tragoedia

166 640 286 677 Ennii
311 640 427 677 hodie
453 640 664 689 supersunt
689 651 734 676 ex
759 638 840 676 illis
865 639 993 676 lucem
1021 639 1229 688 accipiant.

284 698 487 748 Perpauca
513 698 692 736 addenda
717 698 810 735 sunt
835 697 881 735 de
900 697 1028 735 tribus
1050 710 1149 747 quae
1169 699 1322 736 restant
1340 697 1567 748 tragoediis,
1588 698 1726 735 Tela-

166 771 317 806 mone,
347 758 576 807 Telepho,
610 757 826 806 Thyeste.
860 757 913 794 Et
938 757 1129 795 Telamo
1163 756 1322 806 quidem
1349 759 1543 806 quantum
1569 770 1615 795 ex
1640 758 1729 795 reli-

168 819 273 867 quiis
300 818 549 867 cognoscitur
573 818 616 854 in
643 828 795 854 summa
814 817 872 853 rei
894 817 1171 866 cognationem
1197 816 1396 865 quandam
1417 829 1504 854 cum
1523 816 1730 854 Phoenicis

169 878 322 915 actione
348 889 443 926 prae
473 888 513 914 se
542 876 649 924 tulit,
676 876 709 913 si
736 875 896 924 quidem
921 875 1133 925 utrobique
1159 876 1388 925 potissimae
1413 877 1545 925 partes
1572 876 1731 914 fuerunt

167 937 293 986 patris
314 936 356 973 in
376 935 502 973 filium
521 936 632 973 falsis
647 934 878 973 criminibus
898 937 1125 974 accusatum
1145 936 1356 974 saevientis
1371 937 1410 973 et
1426 935 1500 973 filii
1513 948 1601 973 cum
1614 936 1731 973 liber-

167 997 251 1034 tate
277 996 401 1033 animi
425 994 692 1032 innocentiam
718 994 974 1032 defendentis.
1000 994 1109 1033 Haec
1135 995 1238 1032 enim
1265 989 1327 1048 (v)

284 1054 420 1093 Scibas
444 1056 581 1092 natum
605 1055 816 1102 inqenuum
840 1053 1014 1099 Aiacem,
1039 1056 1102 1093 cui
1127 1057 1169 1092 tu
1193 1054 1428 1092 obsidionem
1446 1065 1574 1102 paras

169 1114 392 1152 Telamonis
420 1114 641 1152 accusantis
668 1114 708 1151 et
732 1113 828 1151 haec
854 1107 932 1166 (VI)

286 1173 393 1211 Nam
417 1174 474 1211 ita
498 1174 594 1211 mihi
623 1173 841 1211 Telamonis
859 1174 991 1220 patris
1016 1175 1128 1220 atque
1153 1171 1276 1211 Aeaci
1301 1175 1335 1211 et
1351 1173 1497 1220 proavi
1522 1172 1630 1211 Iovis

290 1232 432 1271 Gratia
458 1243 535 1270 6336
543 1227 583 1284 ³⁸)
611 1235 665 1270 est
690 1235 801 1280 atque
826 1233 894 1270 hoc
919 1232 1048 1270 lumen
1073 1232 1285 1271 candidum
1310 1232 1429 1270 claret
1452 1232 1548 1270 mihi

174 1292 317 1329 Teucri
347 1291 621 1341 respondentis
654 1303 736 1329 esse
768 1292 1022 1330 manifestum
1054 1293 1113 1329 est
1144 1293 1184 1329 et
1216 1291 1311 1340 quid
1341 1292 1400 1328 rei
1430 1293 1586 1342 gestum
1611 1291 1732 1328 fuerit

170 1352 354 1400 aperiunt
391 1351 442 1389 ad
480 1364 604 1399 eaque
635 1363 714 1388 non
745 1351 862 1388 nimis
895 1350 1054 1388 difficile
1086 1351 1241 1400 reliqua
1273 1351 1526 1399 applicantur
1562 1351 1731 1388 maxime

169 1411 304 1449 ascitis
330 1410 378 1448 iis
406 1422 507 1458 quae
541 1423 586 1447 ex
613 1409 816 1459 Sophoclis
844 1409 964 1448 Aiace
997 1409 1045 1447 ad
1076 1411 1257 1459 iniquam
1288 1410 1389 1447 hanc
1415 1409 1556 1447 Teucri
1587 1411 1732 1447 sortem

169 1470 308 1507 referri
332 1471 507 1518 possunt.
536 1468 612 1506 Sed
638 1482 683 1506 ex
710 1481 788 1517 quo
815 1469 1030 1518 exemplari
1050 1468 1197 1507 Graeco
1223 1469 1319 1507 haec
1344 1469 1464 1507 ducta
1488 1470 1568 1507 sint
1586 1470 1732 1506 incom-

169 1530 344 1577 pertum:
370 1541 462 1566 nam
484 1529 667 1578 Τελαμών
693 1539 772 1566 non
796 1528 923 1565 fertur
942 1529 983 1565 in
1005 1527 1175 1566 Graecae
1195 1528 1422 1579 tragoediae
1441 1528 1632 1577 reliquiis,
1657 1529 1733 1565 fer-

169 1590 235 1625 tur
262 1589 443 1638 Tsenpog,
464 1587 668 1636 Sophoclis
690 1589 729 1625 et
748 1587 928 1636 aliorum,
955 1587 1061 1637 apud
1079 1587 1276 1626 Romanos
1300 1588 1441 1626 Teucer
1459 1587 1570 1626 Livii
1593 1588 1735 1626 Teucer

169 1647 346 1691 Pacuvii,
372 1647 440 1684 sed
464 1647 538 1684 hae
558 1646 717 1684 fabulae
739 1659 883 1695 omnes,
911 1647 1015 1695 quod
1040 1647 1201 1696 probari
1220 1660 1298 1685 non
1317 1648 1460 1696 potest,
1486 1647 1519 1685 si
1540 1646 1734 1684 Teucrum

169 1706 369 1744 habebant
394 1707 484 1756 post
509 1705 643 1743 Aiacis
668 1708 836 1744 mortem
862 1718 885 1743 a
911 1706 1123 1745 Telamone
1156 1708 1369 1755 receptum,
1399 1708 1533 1744 tamen
1559 1705 1733 1744 Ennium

172 1765 356 1803 credibile
390 1766 450 1803 est
482 1778 561 1805 non
593 1765 675 1803 sine
708 1777 827 1803 causa
858 1765 1045 1803 maluisse
1078 1767 1114 1803 ei
1145 1766 1303 1803 fabulae
1334 1766 1576 1804 Telamonem
1600 1766 1733 1814 potius

171 1837 291 1874 quam
326 1825 516 1863 Teucrum
546 1824 777 1873 inscribere,
813 1826 932 1873 atque
965 1838 1011 1862 ex
1042 1825 1090 1863 iis
1123 1838 1225 1875 quae
1257 1827 1413 1863 exstant
1445 1824 1733 1874 quodammodo

173 1884 382 1933 dispicitur
407 1884 565 1933 qualem
590 1884 692 1922 hunc
719 1884 972 1923 Telamonem
998 1897 1080 1922 esse
1111 1886 1231 1934 poeta
1256 1885 1438 1922 voluerit.

289 1943 348 1981 De
375 1944 576 1993 Telephi
601 1943 735 1981 fabula
760 1944 968 1982 notissima
994 1957 1066 1994 ego
1093 1945 1247 1982 omissis
1274 1944 1362 1982 aliis
1390 1942 1616 1981 auctoribus
1636 1955 1734 1991 quos

172 2002 324 2052 plenius
357 2003 558 2041 Nauckius
590 2004 691 2053 trag.
724 2002 788 2040 Gr.
821 2003 960 2052 fragm.
994 2017 1031 2052 p.
1060 2004 1142 2041 579
1176 2004 1353 2041 recenset
1391 2002 1552 2040 afferam
1582 2001 1735 2051 Hygini

174 2062 348 2099 fabulam
377 2063 456 2100 101
490 2062 675 2109 Telephus
700 2062 883 2099 Herculis
916 2065 949 2099 et
973 2061 1104 2110 Auqes
1134 2063 1243 2108 filius
1274 2063 1323 2100 ab
1347 2060 1498 2099 Achille
1528 2062 1572 2098 in
1595 2072 1735 2109 puyna

175 2121 354 2159 Chironis
385 2122 498 2158 hasta
522 2132 732 2167 percussus
764 2121 917 2158 dicitur.
952 2121 1017 2158 Eoo
1047 2132 1120 2168 quo
1151 2121 1307 2158 vulnere
1339 2132 1425 2158 cum
1455 2121 1498 2158 in
1529 2120 1611 2158 clies
1642 2122 1735 2157 tetro

174 2181 348 2218 cruciatu
374 2182 589 2228 anqeretur,
607 2181 706 2226 petit
728 2182 867 2217 sortem
892 2180 940 2217 ab
959 2178 1153 2226 Apolline,
1179 2180 1280 2227 quod
1305 2181 1399 2217 esset
1421 2179 1653 2217 remedium:
1677 2190 1735 2216 re·

172 2250 358 2286 sponsum
389 2241 443 2277 est
473 2240 507 2277 ei
537 2239 728 2277 neminem
758 2239 902 2276 mederi
925 2249 1040 2286 posse
1071 2240 1151 2276 nisi
1176 2239 1335 2277 eandem
1360 2239 1513 2276 hastam
1544 2249 1622 2285 qua
1652 2238 1735 2275 vul-

172 2301 331 2336 neratus
357 2301 449 2336 erat.
482 2299 568 2335 Hoc
597 2298 781 2345 Telephus
806 2298 874 2335 ubi
899 2298 1051 2335 audivit
1072 2299 1124 2335 acl
1143 2309 1268 2346 reqem
1286 2296 1615 2346 Ayamemnonem
1633 2298 1737 2335 venit

175 2360 208 2395 et
231 2359 379 2396 monitu
407 2357 729 2405 Clytaemnestrae
757 2356 924 2394 Orestem
951 2358 1142 2404 infantem
1167 2357 1213 2395 de
1238 2357 1443 2395 cunabulis
1467 2357 1601 2404 rapuit
1619 2357 1735 2394 mini-

174 2419 261 2454 tans
279 2428 319 2455 36
339 2429 425 2455 eum
444 2418 660 2455 occisurum
678 2417 757 2454 nisi
775 2416 850 2454 sibi
868 2414 1009 2454 Achivi
1027 2417 1282 2454 mederentur.
1307 2415 1468 2454 Achivis
1488 2418 1616 2454 autem
1635 2415 1736 2463 quod

293 2517 321 2562 ²¹⁶)
349 2517 408 2552 Me
434 2517 504 2552 hoc
529 2519 620 2553 miro
646 2519 812 2552 acumine
838 2516 1040 2552 coniecisse
1066 2516 1196 2552 scribit
1222 2516 1450 2551 Ribbeckius
1477 2516 1516 2550 in
1541 2516 1655 2551 tertia
1679 2526 1735 2550 re—

176 2565 388 2610 cognitione
414 2575 458 2599 ea
484 2565 627 2599 scilicet
652 2565 793 2599 fastosa
820 2575 894 2608 qua
920 2575 1064 2609 semper
1090 2575 1178 2609 erga
1203 2575 1262 2598 me
1287 2566 1368 2599 erat
1388 2563 1563 2608 superbia
1583 2565 1620 2598 et
1640 2573 1735 2607 quae

175 2612 213 2645 in
239 2612 309 2646 hac
329 2613 494 2647 extrema
514 2612 592 2647 eius
613 2623 726 2656 opera
746 2612 945 2657 praecipue
965 2611 1211 2656 exsplenduit.
1238 2612 1321 2656 Ipse
1341 2611 1441 2655 quod
1461 2610 1580 2645 edidit
1602 2611 1735 2645 Gratia

176 2664 278 2695 ecstet
308 2665 414 2704 atquc
445 2661 508 2695 hoc
539 2671 636 2694 nunc
668 2659 722 2694 ita
753 2660 1036 2703 interpretatur:
1069 2661 1125 2695 ita
1149 2660 1239 2694 mihi
1262 2660 1327 2694 hoc
1359 2660 1477 2694 lumen
1508 2662 1600 2693 cwtet
1629 2662 1735 2700 atque

176 2707 312 2742 clareat
329 2708 453 2752 qratia
471 2709 669 2751 maiorum3
690 2718 761 2751 quo
782 2706 902 2752 magis
923 2709 1114 2751 appareat,
1135 2718 1247 2750 quam
1261 2706 1422 2741 absurda
1437 2705 1486 2739 sit
1498 2705 1590 2739 haec
1604 2703 1733 2738 oratio.

178 2753 255 2798 Ego
282 2754 328 2788 ab
354 2754 400 2788 iis
426 2754 615 2799 profectus
642 2766 723 2788 sum
750 2764 845 2797 quae
877 2756 1007 2798 aperta
1039 2756 1125 2789 sunt
1156 2759 1262 2799 atque
1292 2755 1357 2789 hoc
1388 2754 1505 2787 lumen
1536 2751 1734 2786 candidum

176 2802 287 2836 claret
310 2802 400 2836 mihi
425 2812 625 2847 eorumque
650 2801 725 2835 vim
751 2801 937 2845 congestis
964 2801 1141 2846 exemplis
1169 2800 1365 2843 declaravi,
1398 2810 1442 2833 ex
1467 2797 1602 2841 quibus
1631 2797 1734 2832 colli-

177 2849 288 2892 gatur
313 2859 462 2883 necesse
489 2851 545 2884 est
571 2849 661 2893 quid
687 2860 769 2883 cum
795 2848 841 2882 iis
862 2848 1100 2883 coniunctum
1127 2860 1206 2883 esse
1231 2847 1411 2893 potuerit:
1437 2845 1551 2889 idque
1577 2844 1667 2888 quid
1687 2844 1736 2878 sit

176 2906 251 2929 non
275 2895 449 2931 inanibus
475 2896 712 2941 opinionibus
739 2896 803 2929 sed
828 2907 953 2930 rursus
979 2896 1231 2940 exemplorum
1256 2894 1354 2929 nube
1379 2892 1550 2938 patefeci.

248 2960 301 2987 Eu
309 2967 347 2987 m
359 2969 376 2987 u
387 2968 400 2987 s
421 2961 466 2987 ed.
485 2962 614 2989 Vahlen.
1501 2962 1522 2985 Ο
