2004 3278
268 211 417 247 CXXVI
816 210 843 245 1.
871 209 1099 245 HISTORIA
1123 208 1261 244 ENNH

268 323 336 362 sed
359 322 489 361 titulis
514 334 561 360 ac
585 323 758 360 numeris
783 322 976 360 librorum
1001 321 1170 370 afferret,
1194 320 1372 360 versibus
1396 321 1493 371 ipsis
1518 323 1616 361 satis
1641 322 1756 372 plene
1782 323 1831 361 ut

268 381 464 421 sententia
493 380 698 431 patefieret
729 382 770 419 et
798 381 1029 431 plerumque
1061 380 1266 419 emendate
1291 381 1460 430 scriptis.
1490 379 1600 426 Quae
1625 382 1759 420 omnia
1784 393 1830 419 eo

267 440 446 488 redeunt,
475 442 521 478 ut
545 453 635 479 cum
658 439 733 477 fide
758 439 967 478 videamur
991 440 1166 478 statuere
1191 451 1318 490 posse,
1342 438 1588 478 Priscianum
1612 440 1831 478 carminum

269 499 542 537 Ennianorum
566 499 770 538 volumina
796 498 845 537 ad
871 511 984 537 suam
1010 500 1181 537 aetatem
1205 500 1428 549 propagata
1450 499 1682 548 explicuisse
1701 500 1831 549 ipsum

269 560 310 597 et
334 558 527 608 quidquid
551 560 641 597 usui
666 560 769 597 esset
794 571 839 596 ex
858 558 908 596 iis
928 558 1174 608 excerpsisse.
1202 557 1274 596 Cui
1293 559 1512 596 sententiae
1529 558 1631 596 illud
1651 571 1731 597 non
1749 560 1831 596 iam

269 617 511 666 adversatur,
538 617 643 667 quod
668 617 894 656 Priscianus
918 618 1109 655 nonnulla
1135 617 1327 656 vocabula
1353 619 1423 656 aut
1447 616 1729 656 vocabulorum
1752 617 1831 656 for-

267 689 351 715 mas
385 678 552 726 tractat,
584 690 686 726 quae
710 690 759 715 ne
791 690 895 715 1111110
926 676 1087 726 quidem
1117 677 1160 715 in
1185 676 1305 714 Ennii
1334 676 1514 726 reliquiis
1545 676 1832 726 desiderantur,

268 737 380 774 nulla
399 736 519 774 Ennii
540 737 740 774 mentione
765 736 884 785 facta,
909 736 1019 775 velut
1043 748 1167 784 caepe,
1191 737 1322 780 nauci,
1348 736 1505 781 alacris,
1519 737 1709 785 qratulor,
1733 735 1831 785 alia3

270 807 517 834 communem
543 795 647 834 enim
671 795 773 833 hanc
798 795 1149 846 grammaticorum
1174 795 1498 833 consuetudinem
1523 807 1607 834 esse
1632 795 1673 833 in
1693 795 1831 834 Servio

268 854 362 903 dixi,
386 867 466 892 non
490 856 536 893 ut
561 868 607 893 ex
632 855 714 892 suis
740 854 968 893 auctoribus
994 856 1205 904 excerpant
1229 854 1362 893 omnia
1387 867 1554 904 quorum
1578 866 1671 893 usus
1697 855 1831 893 venire

267 913 393 963 possit
418 914 486 952 sed
515 915 562 952 ut
597 913 810 952 adhibeant
836 926 938 963 quae
963 914 1005 951 in
1029 915 1217 964 promptu
1243 915 1338 952 sint:
1369 915 1507 963 itaque
1533 913 1759 952 Priscianus
1787 914 1830 951 in

268 972 396 1011 Ennio
428 973 487 1011 ita
518 973 703 1011 videatur
732 975 914 1012 versatus
946 985 1029 1011 esse
1060 975 1106 1011 ut
1137 985 1226 1011 011111
1255 973 1383 1011 multa
1414 973 1588 1012 studiose
1617 973 1831 1023 colligeret,

267 1031 462 1071 nonnulla
481 1032 592 1070 aliud
612 1045 732 1083 agens
751 1032 1098 1082 praetermitteret.
1124 1031 1180 1070 At
1198 1032 1435 1081 Priscianus,
1455 1032 1523 1082 qui
1542 1032 1690 1070 artium
1710 1033 1831 1082 scrip-

268 1093 374 1130 tores
393 1090 557 1130 Latinos
583 1103 699 1141 saepe
726 1092 907 1130 universe
931 1092 1082 1140 laudat,
1108 1093 1148 1129 et
1167 1091 1399 1141 singillatim
1418 1092 1565 1130 multos
1585 1091 1710 1140 affert,
1733 1090 1831 1130 Cha-

268 1151 421 1199 risium,
452 1150 695 1199 Diomedem,
726 1150 908 1200 Probum,
940 1151 1154 1199 Donatum,
1185 1149 1422 1189 Caesellium
1446 1150 1665 1199 Vindicem,
1702 1150 1831 1188 Arun-

267 1211 369 1247 tium
389 1209 558 1258 Celsum,
584 1210 768 1248 Flavium
790 1209 972 1260 Capruin,
992 1210 1103 1259 alios,
1123 1223 1170 1248 ex
1187 1209 1237 1248 iis
1256 1210 1381 1259 possit
1399 1210 1525 1248 videri
1544 1223 1633 1248 cum
1653 1210 1832 1248 doctrina

269 1269 388 1307 etiam
416 1270 596 1318 exempla
619 1269 808 1318 hausisse,
834 1269 976 1318 quibus
995 1269 1363 1319 vetustissimorum,
1389 1270 1435 1306 ut
1454 1269 1582 1308 dicere
1602 1269 1713 1318 solet,
1737 1281 1831 1307 usus

270 1327 491 1376 confirmet3
519 1328 586 1367 sed
612 1330 716 1366 certe
742 1340 875 1367 eorum
897 1330 968 1378 qui
992 1328 1104 1367 nobis
1131 1328 1278 1367 servati
1303 1330 1396 1366 sunt
1420 1328 1552 1367 nullus
1578 1331 1638 1367 est
1661 1340 1832 1378 quocum

268 1389 330 1425 tot
360 1399 496 1425 versus
528 1387 730 1426 Ennianos
762 1400 987 1426 communes
1018 1387 1174 1426 habeat.
1213 1387 1303 1426 Non
1333 1387 1560 1438 negaverim
1585 1387 1831 1426 Priscianum

269 1459 316 1484 ex
333 1448 598 1485 vetustiorum
619 1446 769 1485 artibus
789 1459 867 1485 non
888 1447 1016 1485 solum
1035 1447 1195 1498 linguae
1214 1449 1426 1497 praecepta
1439 1447 1506 1485 sed
1520 1448 1641 1485 etiam
1654 1447 1831 1496 exempla

268 1517 362 1544 usus
388 1506 616 1556 sumpsisse:
642 1506 754 1544 0111118
781 1507 934 1557 generis
959 1519 1037 1544 non
1063 1507 1247 1545 omittam
1271 1506 1368 1544 haec
1393 1505 1552 1555 quidem
1571 1506 1711 1545 afferre
1731 1518 1831 1555 quae

268 1564 404 1603 scribit
422 1578 458 1614 p.
476 1566 572 1613 209,
590 1566 642 1603 14
652 1577 736 1614 sqq.
757 1567 800 1603 in
819 1577 840 1603 o
852 1566 1086 1613 productam
1105 1566 1319 1604 desinentia
1341 1565 1516 1604 Graeca.
1533 1596 1539 1603 .
1557 1597 1563 1602 .
1585 1566 1721 1604 addita
1735 1561 1827 1603 ‘nis’

266 1625 419 1672 faciunt
433 1626 650 1672 yenetivum
668 1627 711 1662 ut
722 1625 828 1663 Dido
845 1625 1025 1663 Didonis.
1045 1623 1189 1663 Accius
1203 1621 1409 1663 ‘custodem
1428 1625 1639 1663 adsiduum
1650 1625 1743 1663 Ioni
1762 1625 1831 1662 ad—

260 1684 395 1731 posuit
418 1680 590 1732 viryini?
616 1684 814 1722 Pacuvius
840 1680 958 1731 ‘filios
982 1685 1057 1722 sibi
1074 1695 1302 1732 procreasse
1326 1684 1469 1722 dicitur
1487 1684 1648 1722 cundem
1660 1695 1735 1732 per
1757 1683 1830 1722 Ca-

268 1742 464 1791 lypsonem
484 1739 715 1781 autumant?
741 1743 908 1781 Plautus
926 1744 969 1781 in
989 1743 1212 1781 aulularia.
1229 1773 1236 1779 .
1259 1739 1385 1791 ‘quem
1403 1743 1598 1791 quondam
1617 1743 1709 1781 Ioni
1727 1743 1831 1781 Iuno

268 1802 460 1840 custodem
486 1799 664 1840 addidit.’
693 1802 803 1850 Quod
827 1805 955 1840 autem
979 1802 1091 1840 Ionis
1117 1805 1150 1840 et
1171 1801 1401 1851 Calypsonis
1430 1805 1464 1840 et
1482 1802 1652 1840 Didonis
1677 1802 1831 1846 dicitur,

269 1861 432 1899 ostendit
461 1862 530 1899 hoc
554 1863 670 1899 etiam
698 1860 907 1899 Caesellius
940 1861 1090 1899 Vindex
1113 1862 1157 1899 in
1180 1863 1383 1899 stromateo
1405 1862 1465 1899 liis
1496 1862 1642 1900 verbis:
1673 1858 1831 1909 ‘Calyp-

267 1931 407 1958 sonem.
438 1921 496 1958 ita
520 1920 754 1959 declinatum
780 1923 833 1959 est
857 1920 965 1968 apud
989 1922 1178 1968 antiquos.
1210 1920 1353 1959 Islvius
1380 1916 1502 1968 ‘apud
1525 1921 1737 1969 nympham
1761 1920 1831 1958 At-

268 1979 387 2017 lantis
419 1980 547 2026 filiam
580 1977 859 2028 Calypsonem?
888 1980 1046 2018 Ennius
1076 1981 1121 2018 in
1153 1992 1224 2017 vm
1246 1975 1408 2018 ‘Poenos
1433 1979 1588 2018 Didone
1617 1976 1829 2018 oriundos’.

267 2037 412 2077 Accius
442 2040 486 2076 in
511 2039 607 2077 Ione
640 2035 847 2077 ‘custodem
878 2039 1088 2077 adsiduum
1119 2039 1211 2077 Ioni
1240 2040 1408 2077 instituit
1436 2036 1608 2087 virgini?
1641 2038 1830 2077 Videmus

268 2096 527 2147 Priscianum,
546 2098 658 2136 cuius
678 2098 736 2136 rei
756 2098 933 2147 exempla
952 2098 1095 2148 posuit,
1115 2098 1291 2137 eiusdem
1310 2097 1436 2136 denuo
1457 2110 1502 2136 ex
1524 2097 1715 2136 Caesellio
1734 2097 1829 2135 Vin-

269 2156 354 2194 dice
380 2157 558 2207 exempla
583 2157 735 2206 afferre,
761 2171 883 2195 unum
909 2157 1013 2195 idem
1033 2157 1136 2206 quod
1157 2158 1260 2206 ante,
1286 2170 1374 2195 cum
1391 2157 1573 2195 Enniano
1593 2157 1698 2206 quod
1716 2169 1830 2194 nemo

269 2218 474 2265 praeterea
500 2216 650 2255 citavit.
682 2215 738 2254 Cf.
765 2216 812 2255 de
839 2216 974 2255 eadem
999 2230 1042 2255 re
1069 2216 1291 2255 Charisium
1315 2230 1353 2266 p.
1376 2217 1443 2265 63,
1465 2218 1532 2265 20,
1559 2217 1627 2265 qui
1646 2228 1716 2254 nec
1736 2215 1830 2254 Cae-

271 2275 427 2313 sellium
446 2288 517 2314 1100
531 2275 704 2313 Ε1111111111
722 2276 871 2314 laudat.
896 2275 1053 2314 Simih'a
1072 2275 1297 2314 Priscianus
1316 2289 1353 2325 p.
1371 2277 1453 2314 212
1475 2275 1522 2313 de
1535 2275 1675 2314 Flavio
1690 2274 1830 2325 Capro.

272 2333 348 2372 Sed
378 2337 513 2372 tamen
540 2333 775 2373 Caesellium
806 2336 846 2374 et
872 2334 1043 2384 Caprum
1075 2335 1195 2373 etiam
1226 2335 1297 2372 alii
1329 2335 1581 2385 grammatici
1610 2336 1731 2373 testes
1763 2334 1830 2373 ad-

270 2393 418 2442 hibent,
444 2392 608 2443 Gellius,
633 2394 798 2443 Nonius,
823 2407 950 2444 neque
975 2396 1109 2432 tamen
1133 2395 1175 2432 in
1198 2394 1390 2432 Ennianis
1415 2393 1595 2431 versibus
1620 2406 1708 2432 cum
1726 2393 1830 2431 Pris-

272 2453 384 2490 ciano
411 2453 650 2503 conspirant,
674 2455 720 2491 ut
738 2453 843 2491 hunc
863 2466 936 2504 ego
955 2466 1035 2492 non
1054 2452 1285 2491 crediderim
1305 2465 1350 2490 ex
1368 2452 1507 2490 iisdem
1526 2452 1707 2501 testibus,
1732 2464 1830 2501 quos

270 2511 336 2550 hic
365 2512 448 2550 illic
479 2524 657 2562 expresse
689 2525 729 2550 se
761 2514 875 2562 sequi
904 2513 1063 2561 fatetur,
1095 2513 1216 2550 etiam
1246 2523 1325 2550 non
1355 2511 1569 2549 nominatis
1600 2523 1671 2549 sua
1697 2512 1830 2549 omnia

271 2572 520 2620 prompsisse.
547 2571 738 2617 Quocirca
762 2572 836 2610 hoc
860 2571 1110 2610 retinendum
1134 2583 1284 2619 censeo,
1303 2570 1411 2619 quod
1424 2570 1518 2618 dixi,
1536 2569 1656 2608 Ennii
1669 2569 1830 2619 quidem

272 2631 447 2668 carmina
465 2630 713 2669 Priscianum
731 2643 905 2670 versasse
925 2631 1054 2680 ipsum
1074 2631 1188 2679 eique
1208 2631 1282 2668 soli
1300 2630 1373 2668 hoc
1393 2630 1597 2679 acceptum
1614 2629 1709 2667 ferri
1723 2628 1829 2678 quod

272 2691 334 2727 tot
354 2689 501 2740 egregii
521 2702 658 2728 versus
679 2690 883 2727 annalium
903 2690 1147 2739 aliorumque
1161 2689 1349 2727 librorum
1363 2688 1479 2726 hodie
1493 2689 1725 2738 superstites
1738 2688 1828 2727 sint.

392 2748 501 2794 Quae
525 2749 567 2786 in
592 2748 745 2787 duobus
771 2749 969 2798 opusculis
988 2748 1183 2787 Prisciani
1201 2749 1387 2799 leguntur
1406 2747 1601 2795 Enniana,
1626 2760 1673 2785 ea
1690 2748 1829 2796 utpote

273 2820 362 2846 cum
386 2808 706 2846 institutionibus
732 2808 956 2846 communia
981 2820 1100 2857 supra
1124 2808 1351 2846 memoravi.
1378 2806 1437 2844 Ex
1461 2805 1664 2844 Prisciano
1697 2807 1829 2843 autem

273 2867 469 2905 fluxerunt
500 2879 546 2905 ea
577 2880 677 2916 quae
707 2866 827 2905 habet
859 2879 921 2905 ars
954 2879 1151 2916 anonyma
1176 2866 1225 2904 ab
1250 2866 1415 2916 Hageno
1440 2866 1483 2903 in
1509 2865 1709 2905 anecdotis
1735 2864 1827 2902 Hel-

273 2927 413 2965 veticis
438 2926 555 2964 edita.
