<?xml version="1.0" encoding="UTF-8"?>
<!DOCTYPE html PUBLIC "-//W3C//DTD XHTML 1.0 Transitional//EN"
    "http://www.w3.org/TR/xhtml1/DTD/xhtml1-transitional.dtd">
<html xmlns="http://www.w3.org/1999/xhtml" xml:lang="en" lang="en">
 <head>
  <title>
</title>
<meta http-equiv="Content-Type" content="text/html;charset=utf-8" />
  <meta name='ocr-system' content='tesseract 3.04.00' />
  <meta name='ocr-capabilities' content='ocr_page ocr_carea ocr_par ocr_line ocrx_word'/>
</head>
<body>
  <div class='ocr_page' id='page_1' title='image "./ennianaepoesisre00enniuoft_0329.png"; bbox 0 0 2054 3282; ppageno 0'>
   <div class='ocr_carea' id='block_1_1' title="bbox 734 163 1753 207">
    <p class='ocr_par' dir='ltr' id='par_1_1' title="bbox 734 163 1753 207">
     <span class='ocr_line' id='line_1_1' title="bbox 734 163 1753 207; baseline 0.01 -9"><span class='ocrx_word' id='word_1_1' title='bbox 734 163 993 200; x_wconf 88' lang='lat' dir='ltr'>ANNALIUM</span> <span class='ocrx_word' id='word_1_2' title='bbox 1018 165 1106 200; x_wconf 88' lang='lat' dir='ltr'>LIB.</span> <span class='ocrx_word' id='word_1_3' title='bbox 1128 164 1217 200; x_wconf 87' lang='lat' dir='ltr'>INC.</span> <span class='ocrx_word' id='word_1_4' title='bbox 1675 166 1753 207; x_wconf 88' lang='grc'>101</span> 
     </span>
    </p>
   </div>
   <div class='ocr_carea' id='block_1_2' title="bbox 888 282 1073 318">
    <p class='ocr_par' dir='ltr' id='par_1_2' title="bbox 888 282 1073 318">
     <span class='ocr_line' id='line_1_2' title="bbox 888 282 1073 318; baseline 0 -1"><span class='ocrx_word' id='word_1_5' title='bbox 888 282 1073 318; x_wconf 88' lang='lat' dir='ltr'>LXXVIII</span> 
     </span>
    </p>
   </div>
   <div class='ocr_carea' id='block_1_3' title="bbox 199 353 1507 467">
    <p class='ocr_par' dir='ltr' id='par_1_3' title="bbox 199 353 1507 467">
     <span class='ocr_line' id='line_1_3' title="bbox 199 353 1507 412; baseline 0.002 -17"><span class='ocrx_word' id='word_1_6' title='bbox 199 353 282 396; x_wconf 85' lang='lat'>551</span> <span class='ocrx_word' id='word_1_7' title='bbox 785 370 906 397; x_wconf 91' lang='lat' dir='ltr'>«nam</span> <span class='ocrx_word' id='word_1_8' title='bbox 932 370 1000 397; x_wconf 92' lang='lat' dir='ltr'>me</span> <span class='ocrx_word' id='word_1_9' title='bbox 1026 355 1168 412; x_wconf 86' lang='lat' dir='ltr'>gravis</span> <span class='ocrx_word' id='word_1_10' title='bbox 1195 356 1380 411; x_wconf 87' lang='lat' dir='ltr'>impetus</span> <span class='ocrx_word' id='word_1_11' title='bbox 1407 355 1507 399; x_wconf 85' lang='lat' dir='ltr'>Orci</span> 
     </span>
     <span class='ocr_line' id='line_1_4' title="bbox 316 424 716 467; baseline 0.003 -1"><span class='ocrx_word' id='word_1_12' title='bbox 316 424 509 467; x_wconf 86' lang='lat' dir='ltr'>Percutit</span> <span class='ocrx_word' id='word_1_13' title='bbox 535 425 579 466; x_wconf 91' lang='lat' dir='ltr'>in</span> <span class='ocrx_word' id='word_1_14' title='bbox 604 426 716 467; x_wconf 89' lang='lat' dir='ltr'>latus</span> 
     </span>
    </p>
   </div>
   <div class='ocr_carea' id='block_1_4' title="bbox 196 541 1306 670">
    <p class='ocr_par' dir='ltr' id='par_1_4' title="bbox 196 541 1306 670">
     <span class='ocr_line' id='line_1_5' title="bbox 905 541 1053 576; baseline 0.007 -1"><span class='ocrx_word' id='word_1_15' title='bbox 905 541 1053 576; x_wconf 89' lang='lat' dir='ltr'>LXXIX</span> 
     </span>
     <span class='ocr_line' id='line_1_6' title="bbox 196 613 1306 670; baseline 0.002 -15"><span class='ocrx_word' id='word_1_16' title='bbox 196 613 282 655; x_wconf 85' lang='lat'>553</span> <span class='ocrx_word' id='word_1_17' title='bbox 314 613 452 656; x_wconf 88' lang='lat' dir='ltr'>Tanto</span> <span class='ocrx_word' id='word_1_18' title='bbox 479 614 670 656; x_wconf 72' lang='lat' dir='ltr'><strong>sublatae</strong></span> <span class='ocrx_word' id='word_1_19' title='bbox 697 616 796 656; x_wconf 85' lang='lat' dir='ltr'>sunt</span> <span class='ocrx_word' id='word_1_20' title='bbox 821 614 990 670; x_wconf 83' lang='lat' dir='ltr'>agmine</span> <span class='ocrx_word' id='word_1_21' title='bbox 1017 617 1120 657; x_wconf 88' lang='lat' dir='ltr'>tunc</span> <span class='ocrx_word' id='word_1_22' title='bbox 1144 616 1306 670; x_wconf 88' lang='lat' dir='ltr'>lapides</span> 
     </span>
    </p>
   </div>
   <div class='ocr_carea' id='block_1_5' title="bbox 195 742 1461 870">
    <p class='ocr_par' dir='ltr' id='par_1_5' title="bbox 195 742 1461 870">
     <span class='ocr_line' id='line_1_7' title="bbox 916 742 1047 776; baseline 0 0"><span class='ocrx_word' id='word_1_23' title='bbox 916 742 1047 776; x_wconf 90' lang='lat' dir='ltr'>LXXX</span> 
     </span>
     <span class='ocr_line' id='line_1_8' title="bbox 195 814 1461 870; baseline 0.002 -13"><span class='ocrx_word' id='word_1_24' title='bbox 195 814 282 857; x_wconf 87' lang='lat'>554</span> <span class='ocrx_word' id='word_1_25' title='bbox 930 829 1034 870; x_wconf 87' lang='lat' dir='ltr'>«quo</span> <span class='ocrx_word' id='word_1_26' title='bbox 1062 818 1148 857; x_wconf 92' lang='lat' dir='ltr'>tam</span> <span class='ocrx_word' id='word_1_27' title='bbox 1176 819 1333 858; x_wconf 87' lang='lat' dir='ltr'>temere</span> <span class='ocrx_word' id='word_1_28' title='bbox 1360 817 1461 859; x_wconf 80' lang='lat' dir='ltr'>itis?</span> 
     </span>
    </p>
   </div>
   <div class='ocr_carea' id='block_1_6' title="bbox 195 943 1288 1073">
    <p class='ocr_par' dir='ltr' id='par_1_6' title="bbox 195 943 1288 1073">
     <span class='ocr_line' id='line_1_9' title="bbox 905 943 1053 978; baseline 0 -1"><span class='ocrx_word' id='word_1_29' title='bbox 905 943 1053 978; x_wconf 89' lang='lat' dir='ltr'>LXXXI</span> 
     </span>
     <span class='ocr_line' id='line_1_10' title="bbox 195 1015 1288 1073; baseline 0.001 -15"><span class='ocrx_word' id='word_1_30' title='bbox 195 1015 281 1058; x_wconf 88' lang='lat'>555</span> <span class='ocrx_word' id='word_1_31' title='bbox 314 1015 400 1059; x_wconf 87' lang='lat' dir='ltr'>Olli</span> <span class='ocrx_word' id='word_1_32' title='bbox 427 1017 657 1059; x_wconf 79' lang='lat' dir='ltr'>cernebant</span> <span class='ocrx_word' id='word_1_33' title='bbox 681 1017 848 1073; x_wconf 86' lang='lat' dir='ltr'>magnis</span> <span class='ocrx_word' id='word_1_34' title='bbox 875 1016 924 1058; x_wconf 89' lang='lat' dir='ltr'>de</span> <span class='ocrx_word' id='word_1_35' title='bbox 951 1016 1077 1058; x_wconf 89' lang='lat' dir='ltr'>rebus</span> <span class='ocrx_word' id='word_1_36' title='bbox 1103 1019 1288 1073; x_wconf 84' lang='lat' dir='ltr'>agentes.</span> 
     </span>
    </p>
   </div>
   <div class='ocr_carea' id='block_1_7' title="bbox 192 1169 1756 1268">
    <p class='ocr_par' dir='ltr' id='par_1_7' title="bbox 192 1169 1756 1268">
     <span class='ocr_line' id='line_1_11' title="bbox 194 1169 1756 1215; baseline 0.001 -12"><span class='ocrx_word' id='word_1_37' title='bbox 194 1169 241 1203; x_wconf 84' lang='lat' dir='ltr'>tis</span> <span class='ocrx_word' id='word_1_38' title='bbox 267 1169 387 1204; x_wconf 87' lang='lat' dir='ltr'>modis</span> <span class='ocrx_word' id='word_1_39' title='bbox 414 1181 496 1204; x_wconf 90' lang='lat' dir='ltr'>cum</span> <span class='ocrx_word' id='word_1_40' title='bbox 522 1169 616 1205; x_wconf 84' lang='lat' dir='ltr'>istoc</span> <span class='ocrx_word' id='word_1_41' title='bbox 642 1169 766 1204; x_wconf 83' lang='lat' dir='ltr'>animo</span> <span class='ocrx_word' id='word_1_42' title='bbox 787 1170 838 1214; x_wconf 88' lang='lat' dir='ltr'>(es</span> <span class='ocrx_word' id='word_1_43' title='bbox 859 1169 1155 1214; x_wconf 85' lang='lat' dir='ltr'>vituperandus):</span> <span class='ocrx_word' id='word_1_44' title='bbox 1178 1181 1260 1204; x_wconf 91' lang='lat' dir='ltr'>cum</span> <span class='ocrx_word' id='word_1_45' title='bbox 1287 1170 1381 1205; x_wconf 84' lang='lat' dir='ltr'>istoc</span> <span class='ocrx_word' id='word_1_46' title='bbox 1407 1170 1531 1205; x_wconf 88' lang='lat' dir='ltr'>animo</span> <span class='ocrx_word' id='word_1_47' title='bbox 1557 1181 1624 1215; x_wconf 90' lang='lat' dir='ltr'>pro</span> <span class='ocrx_word' id='word_1_48' title='bbox 1647 1171 1756 1205; x_wconf 84' lang='lat' dir='ltr'>huius</span> 
     </span>
     <span class='ocr_line' id='line_1_12' title="bbox 192 1222 1652 1268; baseline 0.001 -11"><span class='ocrx_word' id='word_1_49' title='bbox 192 1222 317 1257; x_wconf 84' lang='lat' dir='ltr'>animi.</span> <span class='ocrx_word' id='word_1_50' title='bbox 339 1222 480 1257; x_wconf 86' lang='lat' dir='ltr'>Ennius</span> <span class='ocrx_word' id='word_1_51' title='bbox 501 1222 668 1268; x_wconf 86' lang='lat' dir='ltr'>«optima</span> <span class='ocrx_word' id='word_1_52' title='bbox 687 1234 715 1258; x_wconf 88' lang='lat' dir='ltr'>c.</span> <span class='ocrx_word' id='word_1_53' title='bbox 731 1235 766 1268; x_wconf 90' lang='lat' dir='ltr'>p.</span> <span class='ocrx_word' id='word_1_54' title='bbox 783 1222 916 1257; x_wconf 88' lang='lat' dir='ltr'>animis</span> <span class='ocrx_word' id='word_1_55' title='bbox 938 1222 1088 1268; x_wconf 90' lang='lat' dir='ltr'>(annis</span> <span class='ocrx_word' id='word_1_56' title='bbox 1108 1222 1208 1258; x_wconf 83' lang='lat' dir='ltr'>Ricc.</span> <span class='ocrx_word' id='word_1_57' title='bbox 1226 1222 1355 1266; x_wconf 82' lang='lat' dir='ltr'>Oxon.)</span> <span class='ocrx_word' id='word_1_58' title='bbox 1368 1223 1411 1258; x_wconf 82' lang='lat' dir='ltr'>R.</span> <span class='ocrx_word' id='word_1_59' title='bbox 1428 1223 1652 1259; x_wconf 85' lang='lat' dir='ltr'>iuventus».&#39;</span> 
     </span>
    </p>
   </div>
   <div class='ocr_carea' id='block_1_8' title="bbox 190 1281 1756 1487">
    <p class='ocr_par' dir='ltr' id='par_1_8' title="bbox 190 1281 1756 1487">
     <span class='ocr_line' id='line_1_13' title="bbox 310 1281 1756 1328; baseline 0 -11"><span class='ocrx_word' id='word_1_60' title='bbox 310 1282 493 1317; x_wconf 89' lang='lat' dir='ltr'>LXXVIII</span> <span class='ocrx_word' id='word_1_61' title='bbox 507 1284 602 1328; x_wconf 88' lang='lat'>(551)</span> <span class='ocrx_word' id='word_1_62' title='bbox 633 1282 778 1317; x_wconf 84' lang='lat' dir='ltr'>Servius</span> <span class='ocrx_word' id='word_1_63' title='bbox 789 1282 829 1317; x_wconf 92' lang='lat' dir='ltr'>in</span> <span class='ocrx_word' id='word_1_64' title='bbox 839 1282 929 1316; x_wconf 89' lang='lat' dir='ltr'>Aen.</span> <span class='ocrx_word' id='word_1_65' title='bbox 942 1295 955 1316; x_wconf 94' lang='lat'>1</span> <span class='ocrx_word' id='word_1_66' title='bbox 969 1285 1011 1316; x_wconf 87' lang='grc'>81</span> <span class='ocrx_word' id='word_1_67' title='bbox 1027 1294 1062 1327; x_wconf 91' lang='lat' dir='ltr'>p.</span> <span class='ocrx_word' id='word_1_68' title='bbox 1073 1286 1128 1325; x_wconf 87' lang='lat'>44,</span> <span class='ocrx_word' id='word_1_69' title='bbox 1141 1285 1183 1316; x_wconf 87' lang='grc'>18</span> <span class='ocrx_word' id='word_1_70' title='bbox 1196 1281 1291 1316; x_wconf 82' lang='grc' dir='ltr'>ΤΙ111.</span> <span class='ocrx_word' id='word_1_71' title='bbox 1307 1282 1318 1298; x_wconf 77' lang='lat'><em>‘</em></span> <span class='ocrx_word' id='word_1_72' title='bbox 1328 1292 1459 1317; x_wconf 86' lang='lat' dir='ltr'>cavum</span> <span class='ocrx_word' id='word_1_73' title='bbox 1473 1284 1662 1328; x_wconf 86' lang='lat' dir='ltr'>(conversa</span> <span class='ocrx_word' id='word_1_74' title='bbox 1676 1294 1756 1318; x_wconf 84' lang='lat' dir='ltr'>cus-</span> 
     </span>
     <span class='ocr_line' id='line_1_14' title="bbox 191 1335 1755 1381; baseline 0.001 -12"><span class='ocrx_word' id='word_1_75' title='bbox 191 1335 279 1380; x_wconf 86' lang='lat' dir='ltr'>pide</span> <span class='ocrx_word' id='word_1_76' title='bbox 298 1337 463 1371; x_wconf 86' lang='lat' dir='ltr'>montem</span> <span class='ocrx_word' id='word_1_77' title='bbox 482 1335 634 1381; x_wconf 88' lang='lat' dir='ltr'>impulit</span> <span class='ocrx_word' id='word_1_78' title='bbox 653 1335 692 1370; x_wconf 89' lang='lat' dir='ltr'>in</span> <span class='ocrx_word' id='word_1_79' title='bbox 711 1335 841 1381; x_wconf 83' lang='lat' dir='ltr'>latus):</span> <span class='ocrx_word' id='word_1_80' title='bbox 863 1335 952 1370; x_wconf 86' lang='lat' dir='ltr'>ordo</span> <span class='ocrx_word' id='word_1_81' title='bbox 973 1337 1044 1371; x_wconf 85' lang='lat' dir='ltr'>est:</span> <span class='ocrx_word' id='word_1_82' title='bbox 1067 1346 1242 1370; x_wconf 85' lang='lat' dir='ltr'>conversa</span> <span class='ocrx_word' id='word_1_83' title='bbox 1262 1335 1416 1380; x_wconf 82' lang='lat' dir='ltr'>cuspide</span> <span class='ocrx_word' id='word_1_84' title='bbox 1436 1346 1566 1370; x_wconf 89' lang='lat' dir='ltr'>cavum</span> <span class='ocrx_word' id='word_1_85' title='bbox 1591 1337 1755 1371; x_wconf 87' lang='lat' dir='ltr'>montem</span> 
     </span>
     <span class='ocr_line' id='line_1_15' title="bbox 190 1388 1755 1436; baseline 0.002 -14"><span class='ocrx_word' id='word_1_86' title='bbox 190 1388 229 1422; x_wconf 90' lang='lat' dir='ltr'>in</span> <span class='ocrx_word' id='word_1_87' title='bbox 248 1389 347 1424; x_wconf 88' lang='lat' dir='ltr'>latus</span> <span class='ocrx_word' id='word_1_88' title='bbox 366 1389 515 1434; x_wconf 91' lang='lat' dir='ltr'>inpulit.</span> <span class='ocrx_word' id='word_1_89' title='bbox 537 1390 574 1424; x_wconf 88' lang='lat' dir='ltr'>et</span> <span class='ocrx_word' id='word_1_90' title='bbox 600 1388 692 1424; x_wconf 88' lang='lat' dir='ltr'>alibi</span> <span class='ocrx_word' id='word_1_91' title='bbox 712 1390 753 1434; x_wconf 89' lang='lat'>(11</span> <span class='ocrx_word' id='word_1_92' title='bbox 774 1390 831 1434; x_wconf 92' lang='lat'>51)</span> <span class='ocrx_word' id='word_1_93' title='bbox 853 1389 914 1425; x_wconf 89' lang='lat' dir='ltr'>«in</span> <span class='ocrx_word' id='word_1_94' title='bbox 934 1388 1083 1424; x_wconf 88' lang='lat' dir='ltr'>latus».&#39;</span> <span class='ocrx_word' id='word_1_95' title='bbox 1101 1389 1185 1424; x_wconf 85' lang='lat' dir='ltr'>add.</span> <span class='ocrx_word' id='word_1_96' title='bbox 1202 1388 1386 1424; x_wconf 84' lang='lat' dir='ltr'>Danielin.</span> <span class='ocrx_word' id='word_1_97' title='bbox 1406 1389 1492 1424; x_wconf 77' lang='lat' dir='ltr'>‘alii</span> <span class='ocrx_word' id='word_1_98' title='bbox 1512 1389 1551 1424; x_wconf 90' lang='lat' dir='ltr'>in</span> <span class='ocrx_word' id='word_1_99' title='bbox 1570 1389 1669 1425; x_wconf 87' lang='lat' dir='ltr'>latus</span> <span class='ocrx_word' id='word_1_100' title='bbox 1688 1402 1755 1436; x_wconf 89' lang='lat' dir='ltr'>pro</span> 
     </span>
     <span class='ocr_line' id='line_1_16' title="bbox 191 1442 1277 1487; baseline -0.001 -10"><span class='ocrx_word' id='word_1_101' title='bbox 191 1442 290 1477; x_wconf 89' lang='lat' dir='ltr'>latus</span> <span class='ocrx_word' id='word_1_102' title='bbox 311 1442 509 1487; x_wconf 88' lang='lat' dir='ltr'>accipiunt.</span> <span class='ocrx_word' id='word_1_103' title='bbox 531 1442 673 1477; x_wconf 85' lang='lat' dir='ltr'>Ennius</span> <span class='ocrx_word' id='word_1_104' title='bbox 693 1453 803 1479; x_wconf 88' lang='lat' dir='ltr'>«nam</span> <span class='ocrx_word' id='word_1_105' title='bbox 819 1470 825 1476; x_wconf 93' lang='lat'>.</span> <span class='ocrx_word' id='word_1_106' title='bbox 843 1470 848 1476; x_wconf 93' lang='lat'>.</span> <span class='ocrx_word' id='word_1_107' title='bbox 867 1442 1050 1487; x_wconf 80' lang='lat' dir='ltr'>‚percutit</span> <span class='ocrx_word' id='word_1_108' title='bbox 1069 1442 1108 1476; x_wconf 90' lang='lat' dir='ltr'>in</span> <span class='ocrx_word' id='word_1_109' title='bbox 1127 1442 1277 1478; x_wconf 86' lang='lat' dir='ltr'>latus».’</span> 
     </span>
    </p>
   </div>
   <div class='ocr_carea' id='block_1_9' title="bbox 191 1500 1755 1654">
    <p class='ocr_par' dir='ltr' id='par_1_9' title="bbox 191 1500 1755 1654">
     <span class='ocr_line' id='line_1_17' title="bbox 310 1500 1755 1548; baseline 0.002 -13"><span class='ocrx_word' id='word_1_110' title='bbox 310 1501 458 1535; x_wconf 85' lang='lat' dir='ltr'>LXXIX</span> <span class='ocrx_word' id='word_1_111' title='bbox 478 1502 574 1547; x_wconf 88' lang='lat'>(553)</span> <span class='ocrx_word' id='word_1_112' title='bbox 611 1500 754 1536; x_wconf 89' lang='lat' dir='ltr'>Nonius</span> <span class='ocrx_word' id='word_1_113' title='bbox 773 1514 808 1547; x_wconf 88' lang='lat' dir='ltr'>p.</span> <span class='ocrx_word' id='word_1_114' title='bbox 825 1505 903 1544; x_wconf 91' lang='lat'>211,</span> <span class='ocrx_word' id='word_1_115' title='bbox 920 1505 940 1536; x_wconf 88' lang='grc'><strong>9</strong></span> <span class='ocrx_word' id='word_1_116' title='bbox 963 1501 1128 1546; x_wconf 80' lang='lat' dir='ltr'>‘lapides</span> <span class='ocrx_word' id='word_1_117' title='bbox 1155 1502 1192 1536; x_wconf 88' lang='lat' dir='ltr'>et</span> <span class='ocrx_word' id='word_1_118' title='bbox 1216 1501 1396 1536; x_wconf 85' lang='lat' dir='ltr'>feminino</span> <span class='ocrx_word' id='word_1_119' title='bbox 1422 1513 1557 1547; x_wconf 87' lang='lat' dir='ltr'>genere</span> <span class='ocrx_word' id='word_1_120' title='bbox 1578 1502 1653 1538; x_wconf 89' lang='lat' dir='ltr'>dici</span> <span class='ocrx_word' id='word_1_121' title='bbox 1671 1514 1755 1548; x_wconf 84' lang='lat' dir='ltr'>pos-</span> 
     </span>
     <span class='ocr_line' id='line_1_18' title="bbox 192 1554 1755 1601; baseline 0.002 -13"><span class='ocrx_word' id='word_1_122' title='bbox 192 1556 288 1597; x_wconf 88' lang='lat' dir='ltr'>sunt,</span> <span class='ocrx_word' id='word_1_123' title='bbox 308 1556 352 1589; x_wconf 90' lang='lat' dir='ltr'>ut</span> <span class='ocrx_word' id='word_1_124' title='bbox 371 1555 471 1599; x_wconf 88' lang='lat' dir='ltr'>apud</span> <span class='ocrx_word' id='word_1_125' title='bbox 491 1554 653 1590; x_wconf 88' lang='lat' dir='ltr'>Ennium</span> <span class='ocrx_word' id='word_1_126' title='bbox 667 1556 795 1591; x_wconf 83' lang='lat' dir='ltr'>«tanto</span> <span class='ocrx_word' id='word_1_127' title='bbox 811 1556 920 1601; x_wconf 89' lang='lat' dir='ltr'>(toto</span> <span class='ocrx_word' id='word_1_128' title='bbox 940 1554 1053 1590; x_wconf 86' lang='lat' dir='ltr'>Wolf.</span> <span class='ocrx_word' id='word_1_129' title='bbox 1068 1567 1115 1589; x_wconf 91' lang='lat' dir='ltr'>m.</span> <span class='ocrx_word' id='word_1_130' title='bbox 1130 1556 1199 1600; x_wconf 87' lang='lat' dir='ltr'>pr.)</span> <span class='ocrx_word' id='word_1_131' title='bbox 1215 1583 1221 1589; x_wconf 93' lang='lat'>.</span> <span class='ocrx_word' id='word_1_132' title='bbox 1239 1583 1245 1589; x_wconf 91' lang='lat'>.</span> <span class='ocrx_word' id='word_1_133' title='bbox 1263 1583 1269 1589; x_wconf 89' lang='lat'>.</span> <span class='ocrx_word' id='word_1_134' title='bbox 1284 1554 1453 1600; x_wconf 85' lang='lat' dir='ltr'>lapides»</span> <span class='ocrx_word' id='word_1_135' title='bbox 1474 1555 1523 1590; x_wconf 88' lang='lat' dir='ltr'>ad</span> <span class='ocrx_word' id='word_1_136' title='bbox 1536 1555 1687 1591; x_wconf 87' lang='lat' dir='ltr'>Homeri</span> <span class='ocrx_word' id='word_1_137' title='bbox 1707 1556 1755 1591; x_wconf 89' lang='lat' dir='ltr'>si-</span> 
     </span>
     <span class='ocr_line' id='line_1_19' title="bbox 191 1607 1219 1654; baseline 0 -12"><span class='ocrx_word' id='word_1_138' title='bbox 191 1607 443 1643; x_wconf 86' lang='lat' dir='ltr'>militudinem</span> <span class='ocrx_word' id='word_1_139' title='bbox 463 1608 527 1652; x_wconf 90' lang='lat' dir='ltr'>qui</span> <span class='ocrx_word' id='word_1_140' title='bbox 546 1618 682 1654; x_wconf 87' lang='lat' dir='ltr'>genere</span> <span class='ocrx_word' id='word_1_141' title='bbox 703 1607 882 1643; x_wconf 87' lang='lat' dir='ltr'>feminino</span> <span class='ocrx_word' id='word_1_142' title='bbox 902 1608 1048 1653; x_wconf 84' lang='lat' dir='ltr'>lapides</span> <span class='ocrx_word' id='word_1_143' title='bbox 1067 1607 1219 1653; x_wconf 87' lang='lat' dir='ltr'>posuit.&#39;</span> 
     </span>
    </p>
   </div>
   <div class='ocr_carea' id='block_1_10' title="bbox 188 1666 1756 2412">
    <p class='ocr_par' dir='ltr' id='par_1_10' title="bbox 188 1666 1756 2245">
     <span class='ocr_line' id='line_1_20' title="bbox 310 1666 1755 1713; baseline 0.003 -12"><span class='ocrx_word' id='word_1_144' title='bbox 310 1666 440 1702; x_wconf 90' lang='lat' dir='ltr'>LXXX</span> <span class='ocrx_word' id='word_1_145' title='bbox 461 1669 556 1712; x_wconf 89' lang='lat'>(554)</span> <span class='ocrx_word' id='word_1_146' title='bbox 596 1667 741 1702; x_wconf 86' lang='lat' dir='ltr'>Servius</span> <span class='ocrx_word' id='word_1_147' title='bbox 762 1667 948 1703; x_wconf 89' lang='lat' dir='ltr'>Danielin.</span> <span class='ocrx_word' id='word_1_148' title='bbox 969 1667 1009 1702; x_wconf 90' lang='lat' dir='ltr'>in</span> <span class='ocrx_word' id='word_1_149' title='bbox 1029 1667 1119 1702; x_wconf 88' lang='lat' dir='ltr'>Aen.</span> <span class='ocrx_word' id='word_1_150' title='bbox 1135 1680 1173 1702; x_wconf 83' lang='lat' dir='ltr'>1x</span> <span class='ocrx_word' id='word_1_151' title='bbox 1192 1671 1260 1702; x_wconf 80' lang='grc'>327</span> <span class='ocrx_word' id='word_1_152' title='bbox 1280 1680 1316 1713; x_wconf 87' lang='lat' dir='ltr'>p.</span> <span class='ocrx_word' id='word_1_153' title='bbox 1330 1671 1409 1710; x_wconf 86' lang='lat'>339,</span> <span class='ocrx_word' id='word_1_154' title='bbox 1426 1671 1469 1702; x_wconf 90' lang='lat'>14</span> <span class='ocrx_word' id='word_1_155' title='bbox 1484 1668 1578 1703; x_wconf 84' lang='lat' dir='ltr'>Thil.</span> <span class='ocrx_word' id='word_1_156' title='bbox 1597 1669 1755 1706; x_wconf 82' lang='lat' dir='ltr'>‘temere</span> 
     </span>
     <span class='ocr_line' id='line_1_21' title="bbox 191 1720 1756 1768; baseline 0.003 -14"><span class='ocrx_word' id='word_1_157' title='bbox 191 1720 378 1765; x_wconf 89' lang='lat' dir='ltr'>significat</span> <span class='ocrx_word' id='word_1_158' title='bbox 403 1722 441 1755; x_wconf 91' lang='lat' dir='ltr'>et</span> <span class='ocrx_word' id='word_1_159' title='bbox 465 1720 586 1755; x_wconf 87' lang='lat' dir='ltr'>facile.</span> <span class='ocrx_word' id='word_1_160' title='bbox 614 1720 768 1755; x_wconf 84' lang='lat' dir='ltr'>Plautus</span> <span class='ocrx_word' id='word_1_161' title='bbox 791 1721 939 1767; x_wconf 88' lang='lat' dir='ltr'>[Bacch.</span> <span class='ocrx_word' id='word_1_162' title='bbox 962 1721 1033 1767; x_wconf 87' lang='grc'>85].</span> <span class='ocrx_word' id='word_1_163' title='bbox 1053 1720 1242 1766; x_wconf 83' lang='lat' dir='ltr'>significat</span> <span class='ocrx_word' id='word_1_164' title='bbox 1261 1722 1298 1756; x_wconf 89' lang='lat' dir='ltr'>et</span> <span class='ocrx_word' id='word_1_165' title='bbox 1318 1721 1451 1756; x_wconf 89' lang='lat' dir='ltr'>subito.</span> <span class='ocrx_word' id='word_1_166' title='bbox 1474 1721 1616 1757; x_wconf 83' lang='lat' dir='ltr'>Ennius</span> <span class='ocrx_word' id='word_1_167' title='bbox 1636 1724 1756 1768; x_wconf 73' lang='lat' dir='ltr'>«quod</span> 
     </span>
     <span class='ocr_line' id='line_1_22' title="bbox 190 1773 1753 1821; baseline 0.002 -13"><span class='ocrx_word' id='word_1_168' title='bbox 190 1775 215 1808; x_wconf 90' lang='lat' dir='ltr'>t.</span> <span class='ocrx_word' id='word_1_169' title='bbox 231 1775 369 1808; x_wconf 86' lang='lat' dir='ltr'>temere</span> <span class='ocrx_word' id='word_1_170' title='bbox 389 1775 451 1819; x_wconf 85' lang='lat' dir='ltr'>(te</span> <span class='ocrx_word' id='word_1_171' title='bbox 470 1774 516 1808; x_wconf 87' lang='lat' dir='ltr'>in</span> <span class='ocrx_word' id='word_1_172' title='bbox 535 1785 580 1809; x_wconf 88' lang='lat' dir='ltr'>re</span> <span class='ocrx_word' id='word_1_173' title='bbox 602 1773 712 1819; x_wconf 85' lang='lat' dir='ltr'>Flor.)</span> <span class='ocrx_word' id='word_1_174' title='bbox 733 1774 796 1809; x_wconf 89' lang='lat' dir='ltr'>itis</span> <span class='ocrx_word' id='word_1_175' title='bbox 817 1775 931 1810; x_wconf 89' lang='lat' dir='ltr'>citate</span> <span class='ocrx_word' id='word_1_176' title='bbox 952 1774 1206 1810; x_wconf 86' lang='lat' dir='ltr'>catomerariis</span> <span class='ocrx_word' id='word_1_177' title='bbox 1227 1774 1295 1821; x_wconf 86' lang='lat' dir='ltr'>(ita</span> <span class='ocrx_word' id='word_1_178' title='bbox 1314 1774 1409 1809; x_wconf 86' lang='lat' dir='ltr'>Flor.</span> <span class='ocrx_word' id='word_1_179' title='bbox 1432 1777 1753 1812; x_wconf 85' lang='lat' dir='ltr'>catomecariis</span> 
     </span>
     <span class='ocr_line' id='line_1_23' title="bbox 191 1827 1753 1875; baseline 0.001 -13"><span class='ocrx_word' id='word_1_180' title='bbox 191 1827 365 1874; x_wconf 88' lang='lat' dir='ltr'>Daniel).&#39;</span> <span class='ocrx_word' id='word_1_181' title='bbox 387 1828 429 1862; x_wconf 91' lang='lat' dir='ltr'>In</span> <span class='ocrx_word' id='word_1_182' title='bbox 450 1839 523 1873; x_wconf 90' lang='lat' dir='ltr'>quo</span> <span class='ocrx_word' id='word_1_183' title='bbox 542 1828 767 1873; x_wconf 83' lang='lat' dir='ltr'>particulam</span> <span class='ocrx_word' id='word_1_184' title='bbox 793 1828 871 1863; x_wconf 86' lang='lat' dir='ltr'>eius</span> <span class='ocrx_word' id='word_1_185' title='bbox 892 1827 1090 1863; x_wconf 84' lang='lat' dir='ltr'>Catoniani</span> <span class='ocrx_word' id='word_1_186' title='bbox 1107 1827 1268 1873; x_wconf 84' lang='lat' dir='ltr'>exempli</span> <span class='ocrx_word' id='word_1_187' title='bbox 1287 1828 1405 1863; x_wconf 84' lang='lat' dir='ltr'>latere</span> <span class='ocrx_word' id='word_1_188' title='bbox 1427 1828 1517 1864; x_wconf 90' lang='lat' dir='ltr'>olim</span> <span class='ocrx_word' id='word_1_189' title='bbox 1543 1829 1753 1875; x_wconf 83' lang='lat' dir='ltr'>suspicatus</span> 
     </span>
     <span class='ocr_line' id='line_1_24' title="bbox 188 1881 1753 1926; baseline 0.002 -11"><span class='ocrx_word' id='word_1_190' title='bbox 188 1892 271 1915; x_wconf 90' lang='lat' dir='ltr'>sum</span> <span class='ocrx_word' id='word_1_191' title='bbox 297 1881 396 1926; x_wconf 89' lang='lat' dir='ltr'>quod</span> <span class='ocrx_word' id='word_1_192' title='bbox 415 1892 491 1916; x_wconf 85' lang='lat' dir='ltr'>una</span> <span class='ocrx_word' id='word_1_193' title='bbox 513 1893 597 1916; x_wconf 90' lang='lat' dir='ltr'>cum</span> <span class='ocrx_word' id='word_1_194' title='bbox 617 1882 747 1917; x_wconf 86' lang='lat' dir='ltr'>eodem</span> <span class='ocrx_word' id='word_1_195' title='bbox 775 1881 900 1916; x_wconf 86' lang='lat' dir='ltr'>Plauti</span> <span class='ocrx_word' id='word_1_196' title='bbox 925 1881 1155 1917; x_wconf 88' lang='lat' dir='ltr'>Bacchidum</span> <span class='ocrx_word' id='word_1_197' title='bbox 1174 1892 1281 1917; x_wconf 84' lang='lat' dir='ltr'>versu</span> <span class='ocrx_word' id='word_1_198' title='bbox 1306 1881 1453 1926; x_wconf 81' lang='lat' dir='ltr'>plenius</span> <span class='ocrx_word' id='word_1_199' title='bbox 1474 1882 1604 1917; x_wconf 82' lang='lat' dir='ltr'>attulit</span> <span class='ocrx_word' id='word_1_200' title='bbox 1627 1882 1753 1918; x_wconf 85' lang='lat' dir='ltr'>Chari-</span> 
     </span>
     <span class='ocr_line' id='line_1_25' title="bbox 190 1934 1752 1980; baseline 0.002 -12"><span class='ocrx_word' id='word_1_201' title='bbox 190 1934 265 1969; x_wconf 88' lang='lat' dir='ltr'>sius</span> <span class='ocrx_word' id='word_1_202' title='bbox 282 1947 309 1969; x_wconf 94' lang='lat'>11</span> <span class='ocrx_word' id='word_1_203' title='bbox 325 1946 360 1979; x_wconf 92' lang='lat' dir='ltr'>p.</span> <span class='ocrx_word' id='word_1_204' title='bbox 371 1938 450 1977; x_wconf 88' lang='lat'>221,</span> <span class='ocrx_word' id='word_1_205' title='bbox 462 1938 505 1970; x_wconf 91' lang='lat'>14</span> <span class='ocrx_word' id='word_1_206' title='bbox 515 1935 571 1978; x_wconf 64' lang='lat' dir='ltr'>K„</span> <span class='ocrx_word' id='word_1_207' title='bbox 583 1936 625 1970; x_wconf 92' lang='lat' dir='ltr'>ut</span> <span class='ocrx_word' id='word_1_208' title='bbox 640 1935 728 1970; x_wconf 90' lang='lat' dir='ltr'>inde</span> <span class='ocrx_word' id='word_1_209' title='bbox 743 1935 781 1970; x_wconf 91' lang='lat' dir='ltr'>in</span> <span class='ocrx_word' id='word_1_210' title='bbox 793 1935 959 1970; x_wconf 87' lang='lat' dir='ltr'>Servium</span> <span class='ocrx_word' id='word_1_211' title='bbox 973 1946 993 1970; x_wconf 89' lang='lat' dir='ltr'>e</span> <span class='ocrx_word' id='word_1_212' title='bbox 1005 1935 1174 1980; x_wconf 84' lang='lat' dir='ltr'>margine</span> <span class='ocrx_word' id='word_1_213' title='bbox 1188 1934 1309 1970; x_wconf 88' lang='lat' dir='ltr'>inlata</span> <span class='ocrx_word' id='word_1_214' title='bbox 1323 1945 1403 1970; x_wconf 89' lang='lat' dir='ltr'>esse</span> <span class='ocrx_word' id='word_1_215' title='bbox 1416 1934 1630 1970; x_wconf 83' lang='lat' dir='ltr'>viderentur</span> <span class='ocrx_word' id='word_1_216' title='bbox 1645 1935 1670 1971; x_wconf 93' lang='lat' dir='ltr'>C</span> <span class='ocrx_word' id='word_1_217' title='bbox 1679 1938 1752 1971; x_wconf 89' lang='lat' dir='ltr'>ato</span> 
     </span>
     <span class='ocr_line' id='line_1_26' title="bbox 191 1987 1753 2033; baseline 0 -9"><span class='ocrx_word' id='word_1_218' title='bbox 191 1989 382 2024; x_wconf 86' lang='lat' dir='ltr'>«temere</span> <span class='ocrx_word' id='word_1_219' title='bbox 400 1987 419 2021; x_wconf 90' lang='lat' dir='ltr'><strong>f</strong></span> <span class='ocrx_word' id='word_1_220' title='bbox 423 1988 531 2024; x_wconf 89' lang='lat' dir='ltr'>ieri»</span> <span class='ocrx_word' id='word_1_221' title='bbox 552 1989 590 2023; x_wconf 85' lang='lat' dir='ltr'>et</span> <span class='ocrx_word' id='word_1_222' title='bbox 608 1988 648 2023; x_wconf 89' lang='lat' dir='ltr'>in</span> <span class='ocrx_word' id='word_1_223' title='bbox 667 1988 772 2023; x_wconf 86' lang='lat' dir='ltr'>illam</span> <span class='ocrx_word' id='word_1_224' title='bbox 791 1987 949 2024; x_wconf 84' lang='lat' dir='ltr'>formam</span> <span class='ocrx_word' id='word_1_225' title='bbox 969 1988 1183 2033; x_wconf 84' lang='lat' dir='ltr'>depravata,</span> <span class='ocrx_word' id='word_1_226' title='bbox 1203 1988 1243 2023; x_wconf 92' lang='lat' dir='ltr'>in</span> <span class='ocrx_word' id='word_1_227' title='bbox 1263 1999 1407 2022; x_wconf 84' lang='lat' dir='ltr'>summa</span> <span class='ocrx_word' id='word_1_228' title='bbox 1425 1988 1480 2023; x_wconf 88' lang='lat' dir='ltr'>rei</span> <span class='ocrx_word' id='word_1_229' title='bbox 1493 1999 1594 2032; x_wconf 82' lang='lat' dir='ltr'>vere3</span> <span class='ocrx_word' id='word_1_230' title='bbox 1615 1990 1652 2023; x_wconf 89' lang='lat' dir='ltr'>et</span> <span class='ocrx_word' id='word_1_231' title='bbox 1665 1989 1753 2024; x_wconf 90' lang='lat' dir='ltr'>inde</span> 
     </span>
     <span class='ocr_line' id='line_1_27' title="bbox 189 2040 1753 2086; baseline 0.001 -11"><span class='ocrx_word' id='word_1_232' title='bbox 189 2040 377 2085; x_wconf 89' lang='lat' dir='ltr'>profectus</span> <span class='ocrx_word' id='word_1_233' title='bbox 396 2041 584 2086; x_wconf 87' lang='lat' dir='ltr'>Hauptius</span> <span class='ocrx_word' id='word_1_234' title='bbox 603 2041 643 2075; x_wconf 91' lang='lat' dir='ltr'>in</span> <span class='ocrx_word' id='word_1_235' title='bbox 662 2041 737 2076; x_wconf 88' lang='lat' dir='ltr'>illis</span> <span class='ocrx_word' id='word_1_236' title='bbox 758 2041 902 2076; x_wconf 84' lang='lat' dir='ltr'>citate</span> <span class='ocrx_word' id='word_1_237' title='bbox 925 2041 1245 2076; x_wconf 83' lang='lat' dir='ltr'>catomecariis</span> <span class='ocrx_word' id='word_1_238' title='bbox 1263 2040 1409 2086; x_wconf 82' lang='lat' dir='ltr'>glossae</span> <span class='ocrx_word' id='word_1_239' title='bbox 1435 2051 1547 2085; x_wconf 86' lang='lat' dir='ltr'>quam</span> <span class='ocrx_word' id='word_1_240' title='bbox 1571 2042 1753 2086; x_wconf 88' lang='lat' dir='ltr'>putabam</span> 
     </span>
     <span class='ocr_line' id='line_1_28' title="bbox 189 2093 1752 2139; baseline 0.001 -11"><span class='ocrx_word' id='word_1_241' title='bbox 189 2093 408 2139; x_wconf 88' lang='lat' dir='ltr'>marginalis</span> <span class='ocrx_word' id='word_1_242' title='bbox 433 2093 591 2129; x_wconf 83' lang='lat' dir='ltr'>formam</span> <span class='ocrx_word' id='word_1_243' title='bbox 617 2094 810 2129; x_wconf 84' lang='lat' dir='ltr'>suscitavit</span> <span class='ocrx_word' id='word_1_244' title='bbox 828 2095 925 2129; x_wconf 84' lang='lat' dir='ltr'>hanc</span> <span class='ocrx_word' id='word_1_245' title='bbox 951 2094 1071 2129; x_wconf 83' lang='lat' dir='ltr'>citat</span> <span class='ocrx_word' id='word_1_246' title='bbox 1090 2105 1109 2128; x_wconf 98' lang='grc'>0</span> <span class='ocrx_word' id='word_1_247' title='bbox 1133 2095 1294 2129; x_wconf 89' lang='lat' dir='ltr'>catone</span> <span class='ocrx_word' id='word_1_248' title='bbox 1314 2093 1449 2129; x_wconf 86' lang='lat' dir='ltr'>caris:</span> <span class='ocrx_word' id='word_1_249' title='bbox 1477 2105 1589 2138; x_wconf 87' lang='lat' dir='ltr'>quam</span> <span class='ocrx_word' id='word_1_250' title='bbox 1609 2095 1752 2130; x_wconf 83' lang='lat' dir='ltr'>coniec-</span> 
     </span>
     <span class='ocr_line' id='line_1_29' title="bbox 189 2143 1751 2194; baseline 0.002 -13"><span class='ocrx_word' id='word_1_251' title='bbox 189 2148 312 2181; x_wconf 84' lang='lat' dir='ltr'>turam</span> <span class='ocrx_word' id='word_1_252' title='bbox 326 2147 364 2181; x_wconf 89' lang='lat' dir='ltr'>et</span> <span class='ocrx_word' id='word_1_253' title='bbox 375 2157 520 2182; x_wconf 88' lang='lat' dir='ltr'>mecum</span> <span class='ocrx_word' id='word_1_254' title='bbox 533 2146 598 2181; x_wconf 85' lang='lat' dir='ltr'>ille</span> <span class='ocrx_word' id='word_1_255' title='bbox 612 2148 650 2182; x_wconf 88' lang='lat' dir='ltr'>et</span> <span class='ocrx_word' id='word_1_256' title='bbox 662 2158 746 2182; x_wconf 91' lang='lat' dir='ltr'>cum</span> <span class='ocrx_word' id='word_1_257' title='bbox 758 2143 880 2182; x_wconf 70' lang='lat' dir='ltr'>Keilio</span> <span class='ocrx_word' id='word_1_258' title='bbox 895 2147 957 2192; x_wconf 86' lang='lat' dir='ltr'>(ad</span> <span class='ocrx_word' id='word_1_259' title='bbox 972 2146 1092 2192; x_wconf 88' lang='lat' dir='ltr'>Char.)</span> <span class='ocrx_word' id='word_1_260' title='bbox 1107 2147 1409 2191; x_wconf 82' lang='lat' dir='ltr'>communicavit3</span> <span class='ocrx_word' id='word_1_261' title='bbox 1429 2158 1550 2192; x_wconf 89' lang='lat' dir='ltr'>neque</span> <span class='ocrx_word' id='word_1_262' title='bbox 1568 2148 1626 2183; x_wconf 86' lang='lat' dir='ltr'>his</span> <span class='ocrx_word' id='word_1_263' title='bbox 1645 2160 1751 2194; x_wconf 90' lang='lat' dir='ltr'>prae-</span> 
     </span>
     <span class='ocr_line' id='line_1_30' title="bbox 190 2199 829 2245; baseline 0.002 -11"><span class='ocrx_word' id='word_1_264' title='bbox 190 2199 267 2235; x_wconf 86' lang='lat' dir='ltr'>fero</span> <span class='ocrx_word' id='word_1_265' title='bbox 289 2211 311 2234; x_wconf 89' lang='lat' dir='ltr'>a</span> <span class='ocrx_word' id='word_1_266' title='bbox 331 2199 516 2235; x_wconf 88' lang='lat' dir='ltr'>Schoellio</span> <span class='ocrx_word' id='word_1_267' title='bbox 535 2199 684 2245; x_wconf 86' lang='lat' dir='ltr'>prolata</span> <span class='ocrx_word' id='word_1_268' title='bbox 701 2210 829 2245; x_wconf 87' lang='lat' dir='ltr'>nuper.</span> 
     </span>
    </p>

    <p class='ocr_par' dir='ltr' id='par_1_11' title="bbox 188 2259 1751 2412">
     <span class='ocr_line' id='line_1_31' title="bbox 302 2259 1751 2306; baseline 0.002 -13"><span class='ocrx_word' id='word_1_269' title='bbox 302 2259 450 2293; x_wconf 87' lang='lat' dir='ltr'>LXXXI</span> <span class='ocrx_word' id='word_1_270' title='bbox 475 2261 571 2306; x_wconf 88' lang='lat'>(555)</span> <span class='ocrx_word' id='word_1_271' title='bbox 611 2259 755 2294; x_wconf 90' lang='lat' dir='ltr'>Servius</span> <span class='ocrx_word' id='word_1_272' title='bbox 775 2259 815 2294; x_wconf 91' lang='lat' dir='ltr'>in</span> <span class='ocrx_word' id='word_1_273' title='bbox 833 2259 924 2294; x_wconf 90' lang='lat' dir='ltr'>Aen.</span> <span class='ocrx_word' id='word_1_274' title='bbox 939 2272 991 2294; x_wconf 81' lang='lat' dir='ltr'>xn</span> <span class='ocrx_word' id='word_1_275' title='bbox 1012 2262 1079 2293; x_wconf 81' lang='lat'>709</span> <span class='ocrx_word' id='word_1_276' title='bbox 1096 2259 1214 2294; x_wconf 83' lang='lat' dir='ltr'>‘inter</span> <span class='ocrx_word' id='word_1_277' title='bbox 1233 2270 1272 2295; x_wconf 87' lang='lat' dir='ltr'>se</span> <span class='ocrx_word' id='word_1_278' title='bbox 1292 2259 1409 2295; x_wconf 85' lang='lat' dir='ltr'>coisse</span> <span class='ocrx_word' id='word_1_279' title='bbox 1428 2259 1524 2295; x_wconf 89' lang='lat' dir='ltr'>viros</span> <span class='ocrx_word' id='word_1_280' title='bbox 1545 2261 1583 2295; x_wconf 89' lang='lat' dir='ltr'>et</span> <span class='ocrx_word' id='word_1_281' title='bbox 1603 2272 1751 2297; x_wconf 88' lang='lat' dir='ltr'>cernere</span> 
     </span>
     <span class='ocr_line' id='line_1_32' title="bbox 188 2312 1748 2358; baseline 0.003 -12"><span class='ocrx_word' id='word_1_282' title='bbox 188 2312 301 2348; x_wconf 86' lang='lat' dir='ltr'>ferro:</span> <span class='ocrx_word' id='word_1_283' title='bbox 317 2323 403 2347; x_wconf 89' lang='lat' dir='ltr'>vera</span> <span class='ocrx_word' id='word_1_284' title='bbox 417 2314 455 2347; x_wconf 88' lang='lat' dir='ltr'>et</span> <span class='ocrx_word' id='word_1_285' title='bbox 468 2313 623 2357; x_wconf 86' lang='lat' dir='ltr'>antiqua</span> <span class='ocrx_word' id='word_1_286' title='bbox 636 2313 729 2347; x_wconf 86' lang='lat' dir='ltr'>haec</span> <span class='ocrx_word' id='word_1_287' title='bbox 743 2313 800 2348; x_wconf 89' lang='lat' dir='ltr'>est</span> <span class='ocrx_word' id='word_1_288' title='bbox 811 2312 933 2348; x_wconf 85' lang='lat' dir='ltr'>lectio.</span> <span class='ocrx_word' id='word_1_289' title='bbox 946 2323 1033 2347; x_wconf 85' lang='lat' dir='ltr'>nam</span> <span class='ocrx_word' id='word_1_290' title='bbox 1046 2312 1207 2347; x_wconf 89' lang='lat' dir='ltr'>Ennium</span> <span class='ocrx_word' id='word_1_291' title='bbox 1221 2314 1368 2348; x_wconf 85' lang='lat' dir='ltr'>secutus</span> <span class='ocrx_word' id='word_1_292' title='bbox 1383 2314 1439 2348; x_wconf 84' lang='lat' dir='ltr'>est</span> <span class='ocrx_word' id='word_1_293' title='bbox 1453 2313 1517 2358; x_wconf 91' lang='lat' dir='ltr'>qui</span> <span class='ocrx_word' id='word_1_294' title='bbox 1532 2313 1586 2348; x_wconf 86' lang='lat' dir='ltr'>ait</span> <span class='ocrx_word' id='word_1_295' title='bbox 1599 2314 1687 2350; x_wconf 89' lang='lat' dir='ltr'>«olli</span> <span class='ocrx_word' id='word_1_296' title='bbox 1701 2343 1706 2349; x_wconf 95' lang='lat'>.</span> <span class='ocrx_word' id='word_1_297' title='bbox 1721 2343 1727 2350; x_wconf 90' lang='lat'>.</span> <span class='ocrx_word' id='word_1_298' title='bbox 1742 2344 1748 2350; x_wconf 92' lang='lat'>.</span> 
     </span>
     <span class='ocr_line' id='line_1_33' title="bbox 190 2365 1748 2412; baseline 0.001 -11"><span class='ocrx_word' id='word_1_299' title='bbox 190 2367 342 2412; x_wconf 79' lang='lat' dir='ltr'>agentes</span> <span class='ocrx_word' id='word_1_300' title='bbox 358 2365 468 2411; x_wconf 90' lang='lat' dir='ltr'>(Mon.</span> <span class='ocrx_word' id='word_1_301' title='bbox 485 2366 666 2412; x_wconf 86' lang='lat' dir='ltr'>agentis</span> <span class='ocrx_word' id='word_1_302' title='bbox 687 2366 782 2402; x_wconf 86' lang='lat' dir='ltr'>Flor.</span> <span class='ocrx_word' id='word_1_303' title='bbox 799 2365 1044 2412; x_wconf 87' lang='lat' dir='ltr'>agentibus</span> <span class='ocrx_word' id='word_1_304' title='bbox 1064 2365 1121 2400; x_wconf 89' lang='lat' dir='ltr'>vel</span> <span class='ocrx_word' id='word_1_305' title='bbox 1135 2366 1315 2412; x_wconf 85' lang='lat' dir='ltr'>egentis</span> <span class='ocrx_word' id='word_1_306' title='bbox 1330 2366 1507 2412; x_wconf 87' lang='lat' dir='ltr'>ceteri)».’</span> <span class='ocrx_word' id='word_1_307' title='bbox 1605 2367 1656 2402; x_wconf 85' lang='lat' dir='ltr'>Cf.</span> <span class='ocrx_word' id='word_1_308' title='bbox 1672 2372 1748 2403; x_wconf 85' lang='lat'>119.</span> 
     </span>
    </p>
   </div>
   <div class='ocr_carea' id='block_1_11' title="bbox 188 2463 471 2470">
    <p class='ocr_par' dir='ltr' id='par_1_12' title="bbox 188 2463 471 2470">
     <span class='ocr_line' id='line_1_34' title="bbox 188 2463 471 2470; baseline 0 0"><span class='ocrx_word' id='word_1_309' title='bbox 188 2463 471 2470; x_wconf 95' lang='lat' dir='ltr'> </span> 
     </span>
    </p>
   </div>
   <div class='ocr_carea' id='block_1_12' title="bbox 187 2536 1748 2944">
    <p class='ocr_par' dir='ltr' id='par_1_13' title="bbox 187 2536 1748 2944">
     <span class='ocr_line' id='line_1_35' title="bbox 309 2536 1746 2586; baseline 0.001 -10"><span class='ocrx_word' id='word_1_310' title='bbox 309 2538 392 2576; x_wconf 84' lang='lat'>552</span> <span class='ocrx_word' id='word_1_311' title='bbox 413 2537 596 2576; x_wconf 85' lang='lat' dir='ltr'>Pertudit</span> <span class='ocrx_word' id='word_1_312' title='bbox 615 2538 806 2586; x_wconf 75' lang='lat' dir='ltr'>putabam</span> <span class='ocrx_word' id='word_1_313' title='bbox 818 2540 979 2585; x_wconf 73' lang='lat' dir='ltr'>propter</span> <span class='ocrx_word' id='word_1_314' title='bbox 998 2547 1095 2585; x_wconf 84' lang='lat'>414.</span> <span class='ocrx_word' id='word_1_315' title='bbox 1119 2537 1178 2586; x_wconf 80' lang='lat' dir='ltr'>Of.</span> <span class='ocrx_word' id='word_1_316' title='bbox 1192 2536 1290 2577; x_wconf 74' lang='lat' dir='ltr'>Aen.</span> <span class='ocrx_word' id='word_1_317' title='bbox 1305 2550 1363 2577; x_wconf 82' lang='lat' dir='ltr'>x11</span> <span class='ocrx_word' id='word_1_318' title='bbox 1386 2547 1465 2586; x_wconf 87' lang='lat'>507</span> <span class='ocrx_word' id='word_1_319' title='bbox 1484 2538 1697 2577; x_wconf 83' lang='lat' dir='ltr'>Sucronem</span> <span class='ocrx_word' id='word_1_320' title='bbox 1713 2570 1719 2577; x_wconf 95' lang='lat'>.</span> <span class='ocrx_word' id='word_1_321' title='bbox 1738 2569 1746 2577; x_wconf 96' lang='lat'>.</span> 
     </span>
     <span class='ocr_line' id='line_1_36' title="bbox 189 2595 1748 2649; baseline 0.001 -14"><span class='ocrx_word' id='word_1_322' title='bbox 189 2597 334 2647; x_wconf 81' lang='lat' dir='ltr'>excipit</span> <span class='ocrx_word' id='word_1_323' title='bbox 358 2597 399 2634; x_wconf 88' lang='lat' dir='ltr'>in</span> <span class='ocrx_word' id='word_1_324' title='bbox 425 2598 531 2636; x_wconf 90' lang='lat' dir='ltr'>latus</span> <span class='ocrx_word' id='word_1_325' title='bbox 654 2597 736 2635; x_wconf 88' lang='lat'>553</span> <span class='ocrx_word' id='word_1_326' title='bbox 766 2595 867 2635; x_wconf 72' lang='lat' dir='ltr'>Olim</span> <span class='ocrx_word' id='word_1_327' title='bbox 885 2597 1002 2636; x_wconf 72' lang='lat' dir='ltr'>divisi</span> <span class='ocrx_word' id='word_1_328' title='bbox 1020 2609 1173 2636; x_wconf 81' lang='lat' dir='ltr'>versum</span> <span class='ocrx_word' id='word_1_329' title='bbox 1196 2599 1309 2636; x_wconf 86' lang='lat' dir='ltr'>tanto</span> <span class='ocrx_word' id='word_1_330' title='bbox 1329 2597 1509 2637; x_wconf 83' lang='lat' dir='ltr'>sublatae</span> <span class='ocrx_word' id='word_1_331' title='bbox 1529 2600 1622 2637; x_wconf 90' lang='lat' dir='ltr'>sunt</span> <span class='ocrx_word' id='word_1_332' title='bbox 1640 2598 1748 2649; x_wconf 90' lang='lat' dir='ltr'>Aug-</span> 
     </span>
     <span class='ocr_line' id='line_1_37' title="bbox 187 2650 1748 2709; baseline 0.001 -15"><span class='ocrx_word' id='word_1_333' title='bbox 187 2657 292 2695; x_wconf 87' lang='lat' dir='ltr'>mine</span> <span class='ocrx_word' id='word_1_334' title='bbox 307 2651 373 2709; x_wconf 78' lang='lat' dir='ltr'>(cf.</span> <span class='ocrx_word' id='word_1_335' title='bbox 387 2658 507 2695; x_wconf 88' lang='lat' dir='ltr'>testes</span> <span class='ocrx_word' id='word_1_336' title='bbox 527 2657 622 2694; x_wconf 88' lang='lat' dir='ltr'>sunt</span> <span class='ocrx_word' id='word_1_337' title='bbox 640 2659 710 2694; x_wconf 68' lang='lat' dir='ltr'>sat.</span> <span class='ocrx_word' id='word_1_338' title='bbox 732 2665 746 2692; x_wconf 94' lang='lat'>1</span> <span class='ocrx_word' id='word_1_339' title='bbox 756 2650 801 2708; x_wconf 88' lang='lat'>0)</span> <span class='ocrx_word' id='word_1_340' title='bbox 921 2656 1103 2707; x_wconf 79' lang='lat' dir='ltr'>augmine</span> <span class='ocrx_word' id='word_1_341' title='bbox 1119 2656 1379 2705; x_wconf 64' lang='lat' dir='ltr'>Wakefieldus</span> <span class='ocrx_word' id='word_1_342' title='bbox 1398 2658 1451 2696; x_wconf 85' lang='lat' dir='ltr'>ad</span> <span class='ocrx_word' id='word_1_343' title='bbox 1462 2657 1636 2696; x_wconf 79' lang='lat' dir='ltr'>Lucr.1v</span> <span class='ocrx_word' id='word_1_344' title='bbox 1653 2665 1748 2706; x_wconf 88' lang='grc'>574,</span> 
     </span>
     <span class='ocr_line' id='line_1_38' title="bbox 188 2713 1747 2767; baseline 0 -13"><span class='ocrx_word' id='word_1_345' title='bbox 188 2716 289 2763; x_wconf 77' lang='lat' dir='ltr'>quod</span> <span class='ocrx_word' id='word_1_346' title='bbox 300 2716 468 2763; x_wconf 70' lang='lat' dir='ltr'>probavi</span> <span class='ocrx_word' id='word_1_347' title='bbox 486 2727 555 2754; x_wconf 72' lang='lat' dir='ltr'>nec</span> <span class='ocrx_word' id='word_1_348' title='bbox 572 2726 676 2753; x_wconf 75' lang='lat' dir='ltr'>nwnc</span> <span class='ocrx_word' id='word_1_349' title='bbox 694 2715 878 2762; x_wconf 72' lang='lat' dir='ltr'>improbo,</span> <span class='ocrx_word' id='word_1_350' title='bbox 892 2716 986 2763; x_wconf 76' lang='lat' dir='ltr'>quia</span> <span class='ocrx_word' id='word_1_351' title='bbox 1003 2727 1295 2764; x_wconf 71' lang='lat' dir='ltr'>nonnumquam</span> <span class='ocrx_word' id='word_1_352' title='bbox 1313 2716 1426 2755; x_wconf 80' lang='lat' dir='ltr'>habet</span> <span class='ocrx_word' id='word_1_353' title='bbox 1437 2717 1515 2754; x_wconf 78' lang='lat' dir='ltr'>vim</span> <span class='ocrx_word' id='word_1_354' title='bbox 1535 2713 1654 2767; x_wconf 77' lang='grc' dir='ltr'><strong><em>ὄγκου</em></strong></span> <span class='ocrx_word' id='word_1_355' title='bbox 1673 2717 1747 2754; x_wconf 83' lang='lat' dir='ltr'>vel-</span> 
     </span>
     <span class='ocr_line' id='line_1_39' title="bbox 187 2772 1744 2825; baseline 0.001 -13"><span class='ocrx_word' id='word_1_356' title='bbox 187 2777 230 2812; x_wconf 73' lang='lat' dir='ltr'>ut</span> <span class='ocrx_word' id='word_1_357' title='bbox 242 2774 361 2813; x_wconf 79' lang='lat' dir='ltr'>Lucr.</span> <span class='ocrx_word' id='word_1_358' title='bbox 375 2787 422 2812; x_wconf 90' lang='lat'>111</span> <span class='ocrx_word' id='word_1_359' title='bbox 443 2772 524 2810; x_wconf 88' lang='lat'>268</span> <span class='ocrx_word' id='word_1_360' title='bbox 547 2787 594 2812; x_wconf 84' lang='lat' dir='ltr'>ex</span> <span class='ocrx_word' id='word_1_361' title='bbox 612 2774 672 2812; x_wconf 89' lang='lat' dir='ltr'>his</span> <span class='ocrx_word' id='word_1_362' title='bbox 694 2773 874 2812; x_wconf 85' lang='lat' dir='ltr'>omnibus</span> <span class='ocrx_word' id='word_1_363' title='bbox 895 2775 954 2812; x_wconf 85' lang='lat' dir='ltr'>est</span> <span class='ocrx_word' id='word_1_364' title='bbox 972 2787 1094 2813; x_wconf 86' lang='lat' dir='ltr'>unum</span> <span class='ocrx_word' id='word_1_365' title='bbox 1118 2775 1337 2825; x_wconf 86' lang='lat' dir='ltr'>perfectum</span> <span class='ocrx_word' id='word_1_366' title='bbox 1364 2774 1536 2824; x_wconf 87' lang='lat' dir='ltr'>corporis</span> <span class='ocrx_word' id='word_1_367' title='bbox 1558 2787 1744 2825; x_wconf 84' lang='lat' dir='ltr'>augmen:</span> 
     </span>
     <span class='ocr_line' id='line_1_40' title="bbox 188 2833 1748 2882; baseline 0.001 -11"><span class='ocrx_word' id='word_1_368' title='bbox 188 2834 289 2881; x_wconf 76' lang='lat' dir='ltr'>quod</span> <span class='ocrx_word' id='word_1_369' title='bbox 314 2834 348 2872; x_wconf 77' lang='lat' dir='ltr'>si</span> <span class='ocrx_word' id='word_1_370' title='bbox 374 2836 438 2878; x_wconf 80' lang='lat' dir='ltr'>est,</span> <span class='ocrx_word' id='word_1_371' title='bbox 458 2834 499 2871; x_wconf 86' lang='lat' dir='ltr'>vi</span> <span class='ocrx_word' id='word_1_372' title='bbox 520 2835 647 2881; x_wconf 71' lang='lat' dir='ltr'>potest</span> <span class='ocrx_word' id='word_1_373' title='bbox 670 2834 763 2871; x_wconf 73' lang='lat' dir='ltr'>addi</span> <span class='ocrx_word' id='word_1_374' title='bbox 788 2834 831 2871; x_wconf 75' lang='lat' dir='ltr'>in</span> <span class='ocrx_word' id='word_1_375' title='bbox 854 2836 1016 2872; x_wconf 74' lang='lat' dir='ltr'>extremo</span> <span class='ocrx_word' id='word_1_376' title='bbox 1040 2845 1155 2873; x_wconf 75' lang='lat' dir='ltr'>versu</span> <span class='ocrx_word' id='word_1_377' title='bbox 1293 2834 1377 2872; x_wconf 82' lang='lat'>554</span> <span class='ocrx_word' id='word_1_378' title='bbox 1405 2846 1481 2882; x_wconf 88' lang='lat' dir='ltr'>quo</span> <span class='ocrx_word' id='word_1_379' title='bbox 1507 2833 1748 2872; x_wconf 73' lang='lat' dir='ltr'>Masvicius:</span> 
     </span>
     <span class='ocr_line' id='line_1_41' title="bbox 190 2892 1746 2944; baseline 0.001 -14"><span class='ocrx_word' id='word_1_380' title='bbox 190 2892 293 2941; x_wconf 88' lang='lat' dir='ltr'>quod</span> <span class='ocrx_word' id='word_1_381' title='bbox 416 2893 499 2931; x_wconf 83' lang='lat'>555</span> <span class='ocrx_word' id='word_1_382' title='bbox 520 2892 727 2931; x_wconf 69' lang='lat' dir='ltr'>Lucretius</span> <span class='ocrx_word' id='word_1_383' title='bbox 746 2905 771 2931; x_wconf 90' lang='lat' dir='ltr'>v</span> <span class='ocrx_word' id='word_1_384' title='bbox 794 2901 874 2941; x_wconf 82' lang='lat'>393</span> <span class='ocrx_word' id='word_1_385' title='bbox 896 2893 1050 2944; x_wconf 88' lang='lat' dir='ltr'>magnis</span> <span class='ocrx_word' id='word_1_386' title='bbox 1063 2895 1168 2932; x_wconf 88' lang='lat' dir='ltr'>inter</span> <span class='ocrx_word' id='word_1_387' title='bbox 1181 2905 1222 2933; x_wconf 90' lang='lat' dir='ltr'>se</span> <span class='ocrx_word' id='word_1_388' title='bbox 1236 2893 1282 2933; x_wconf 89' lang='lat' dir='ltr'>de</span> <span class='ocrx_word' id='word_1_389' title='bbox 1295 2892 1410 2931; x_wconf 84' lang='lat' dir='ltr'>rebus</span> <span class='ocrx_word' id='word_1_390' title='bbox 1425 2904 1579 2931; x_wconf 87' lang='lat' dir='ltr'>cernere</span> <span class='ocrx_word' id='word_1_391' title='bbox 1593 2894 1746 2932; x_wconf 87' lang='lat' dir='ltr'>certant</span> 
     </span>
    </p>
   </div>
   <div class='ocr_carea' id='block_1_13' title="bbox 1748 2977 1751 3002">
    <p class='ocr_par' dir='ltr' id='par_1_14' title="bbox 1748 2977 1751 3002">
     <span class='ocr_line' id='line_1_42' title="bbox 1748 2977 1751 3002; baseline 0 0"><span class='ocrx_word' id='word_1_392' title='bbox 1748 2977 1751 3002; x_wconf 71' lang='grc' dir='ltr'>Ι</span> 
     </span>
    </p>
   </div>
  </div>
 </body>
</html>
