2054 3282
328 178 409 221 158
998 169 1197 206 scnch

1066 288 1134 323 VH

898 356 1111 383 Afflmfflzvo
1130 354 1295 388 (446—449)

323 373 408 453 228
440 409 590 450 Plebes
617 407 661 448 in
685 406 767 447 1100
791 405 883 460 regi
909 405 1087 446 antistat
1113 402 1227 444 loco:
1251 402 1353 444 licet

440 480 692 521 Lacrumare
716 475 845 531 plebi,
870 475 962 530 regi
986 474 1165 516 honeste
1190 488 1277 516 non
1301 473 1414 515 licet.

1058 578 1143 613 VH]

937 646 980 671 σι
988 645 1262 671 YTAEMNESTRA

322 698 408 740 230
440 697 670 751 Postquam
684 695 827 749 abste,
838 692 1118 748 Agamemno,
1129 695 1176 735 ut
1190 693 1391 748 venirem,
1398 693 1545 749 tetigit
1560 707 1682 735 aures
1695 694 1884 751 nuntius,

440 766 669 821 Extemplo

1076 833 1126 867 IX

911 900 1125 926 AGAMEMNO
1144 900 1215 933 (701.
1231 901 1294 934 708)

322 951 407 993 232
440 949 583 992 Thelis
609 949 674 990 illi
699 951 835 990 mater

322 1081 417 1125 (223)
436 1078 604 1123 pluribus
631 1077 782 1122 exponit
806 1076 998 1112 Menelaus
1019 1076 1077 1122 (cf.
1096 1079 1188 1123 349).
1210 1088 1319 1122 porro
1340 1081 1409 1112 384
1429 1074 1496 1112 εἶτ’
1521 1077 1590 1122 ἐγὼ
1609 1076 1718 1123 δίκην
1738 1079 1790 1112 δῶ
1810 1083 1883 1113 σῶν

321 1138 456 1175 κακῶν,
477 1131 495 1166 ὁ
516 1131 564 1176 μὴ
584 1129 736 1175 σφαλείς
754 1131 792 1165 et
812 1133 880 1164 396
899 1130 999 1175 τάμὰ
1018 1128 1055 1164 δ’
1079 1131 1146 1165 οὐκ
1167 1131 1358 1166 ἀποκτενῶ
1371 1128 1437 1176 ’γὼ
1457 1129 1569 1166 τέκνα
1588 1131 1656 1166 κού
1670 1131 1711 1166 τὸ
1731 1130 1797 1167 σὸν
1817 1130 1884 1175 μὲν

321 1183 361 1221 εὖ
381 1185 483 1229 παρὰ
502 1182 610 1229 δίκην
632 1184 733 1219 ἔσται
747 1182 922 1229 κακίστης
934 1183 1082 1225 εὔνιδος
1094 1182 1252 1233 τιμωρίᾳ
1265 1185 1351 1219 cett.
1367 1195 1451 1219 011111
1464 1184 1576 1218 Ennii
1590 1187 1787 1220 225—227.

321 1239 375 1273 De
394 1238 505 1272 Ennii
531 1237 698 1272 oratione
724 1237 763 1271 in
783 1249 836 1272 vv.
854 1240 1040 1271 225—227
1061 1237 1236 1272 contendi
1262 1239 1420 1282 possunt
1444 1237 1559 1272 etiam
1585 1248 1629 1272 ex
1651 1237 1883 1272 reconciliati

321 1291 479 1326 Menelai
494 1290 660 1325 oratione
674 1293 742 1324 483
758 1290 795 1325 σὲ
809 1289 875 1335 μὲν
890 1290 1087 1334 στενάζειν,
1101 1290 1199 1336 τάμὰ
1216 1288 1255 1327 δ’
1272 1290 1390 1336 ἡδέως
1410 1291 1518 1338 ἔχειν,
1538 1290 1721 1338 θνῄσκειν
1739 1304 1778 1326 τε
1796 1291 1885 1332 τοὺς

322 1345 416 1387 σούς,
436 1345 523 1385 τοὺς
542 1342 578 1379 δ’
604 1344 713 1389 ἐμοὺς
739 1343 833 1388 ὁρᾶν
853 1343 951 1388 φάος
971 1346 1008 1379 et
1027 1347 1096 1379 494
1115 1342 1151 1379 τί
1170 1342 1207 1379 δ’
1226 1342 1379 1390 Ἑλένης
1396 1343 1577 1392 παρθένῳ
1595 1349 1640 1391 τῇ
1660 1349 1703 1391 σῇ
1724 1344 1825 1390 μέτα.

438 1397 504 1432 VH
524 1399 619 1443 (228)
658 1397 907 1442 Hieronymus
918 1397 1025 1442 epist.
1042 1401 1086 1432 60
1100 1398 1279 1442 (epitaph.
1295 1397 1525 1442 Nepotiani),
1541 1402 1585 1432 14
1597 1399 1623 1432 t.
1638 1411 1651 1432 1
1664 1410 1699 1443 p.
1715 1401 1782 1432 349
1798 1397 1834 1432 C.
1850 1398 1882 1432 D

320 1451 476 1486 Vallars.
487 1450 545 1495 (cf.
555 1450 590 1485 C.
602 1451 773 1485 Buresch.
784 1451 1024 1486 consolation.
1037 1451 1123 1485 hist.
1135 1463 1170 1495 p.
1182 1454 1268 1495 100;
1282 1450 1465 1486 Luebeck.
1474 1451 1623 1486 Hieron.
1636 1463 1728 1495 quos
1741 1451 1885 1486 noverit

321 1505 517 1549 scriptores
538 1516 573 1549 p.
591 1507 657 1538 105
678 1506 716 1538 et
737 1506 818 1549 157)
835 1503 1017 1538 ‘Naevius
1030 1506 1142 1549 poeta
1157 1506 1261 1549 (com.
1279 1508 1346 1539 106
1359 1504 1418 1549 R.)
1433 1504 1560 1549 «pati»
1574 1504 1699 1549 inquit
1711 1515 1884 1541 «necesse

321 1559 377 1592 est
395 1557 513 1591 multa
532 1557 708 1592 mortales
726 1557 861 1593 mala».
876 1557 975 1592 unde
996 1559 1034 1592 et
1046 1557 1206 1592 Niobem
1226 1558 1315 1602 quia
1333 1558 1492 1592 multum
1511 1557 1653 1592 fleverit
1665 1558 1705 1592 in
1718 1558 1884 1603 lapidem

322 1640 328 1645 .
346 1640 351 1645 .
375 1612 638 1645 commutatam
665 1610 771 1645 finxit
793 1610 999 1655 antiquitas
1022 1640 1027 1645 .
1045 1640 1051 1645 .
1069 1640 1075 1645 .
1095 1611 1371 1656 prudenterque
1391 1611 1532 1646 Ennius
1553 1611 1727 1656 «plebes»
1748 1612 1803 1646 ait
1821 1611 1884 1648 «in

320 1665 389 1699 hoc
408 1676 435 1698 r.
452 1668 607 1699 antestat
628 1693 634 1698 .
653 1693 658 1698 .
676 1693 682 1698 .
703 1675 779 1699 non
797 1663 937 1700 licet»)
1071 1665 1174 1699 Haec
1196 1675 1241 1699 ex
1259 1665 1385 1710 Eurip.
1400 1665 1519 1710 Iphig.
1535 1665 1659 1699 Aulid.
1673 1669 1743 1700 446
1761 1677 1839 1710 sqq.
1859 1664 1882 1709 ἡ

320 1716 514 1763 δυσγένεια
528 1715 564 1752 δ’
582 1718 631 1759 ὡς
644 1718 718 1764 ἔχει
730 1731 765 1752 τι
778 1716 968 1765 χρήσιμον.
983 1718 1131 1763 καὶγὰρ
1143 1720 1326 1762 δακρῦσαι
1340 1716 1480 1766 ῥᾳδίως
1492 1719 1621 1759 αὐτοῖς
1634 1718 1719 1764 ἔχει,
1734 1717 1884 1754 ἅπαντά

319 1769 352 1806 τ’
368 1771 497 1814 εἰπεῖν,
509 1773 558 1817 τῷ
573 1770 614 1806 δὲ
628 1769 786 1819 γενναίῳ
801 1771 915 1815 φύσιν
928 1771 1070 1818 ἄνολβα
1082 1777 1200 1806 ταῦτα
1214 1782 1388 1816 expressa
1401 1781 1480 1806 esse
1492 1771 1672 1806 Columna
1685 1771 1881 1806 intellexit.

438 1824 523 1859 VIH
542 1826 639 1870 (230)
673 1823 798 1859 Cicero
820 1824 868 1859 ad
881 1825 957 1859 Att.
973 1838 1039 1859 x111
1053 1829 1109 1867 47,
1126 1829 1143 1859 1
1162 1825 1438 1870 ‘spon-mquam
1461 1824 1527 1859 abs
1547 1826 1595 1867 te,
1615 1825 1882 1870 Agamemno,»

321 1889 394 1912 non
420 1879 491 1914 «ut
515 1878 706 1913 venirem»
727 1879 828 1923 (nam
850 1877 890 1912 id
912 1889 1059 1923 quoque
1082 1878 1262 1921 fecissem,
1289 1879 1362 1912 nisi
1384 1878 1594 1922 Torquatus
1620 1880 1730 1924 esset)
1751 1878 1817 1913 sed
1841 1879 1884 1912 ut

321 1931 518 1966 scriberem
532 1932 683 1977 «tetigit
696 1942 803 1966 aures
817 1932 982 1974 nuntius,
997 1932 1206 1977 extemplo»
1220 1932 1395 1967 instituta
1415 1934 1565 1977 (aures
1587 1960 1593 1966 .
1611 1960 1617 1965 .
1635 1960 1641 1966 .
1663 1931 1884 1967 instituta

321 1995 389 2019 om.
405 1984 515 2031 Med.)
530 1985 653 2019 omisi:
669 1996 714 2020 ea
727 1995 823 2029 quae
837 1985 876 2019 in
889 1984 1061 2020 manibus
1074 1985 1261 2021 habebam
1275 1985 1407 2029 abieci,
1421 1985 1522 2029 quod
1534 1985 1694 2019 iusseras
1708 1984 1881 2019 edolavi.’

437 2038 493 2072 Ex
511 2039 707 2084 tragoedia
727 2040 876 2084 sumpta
895 2038 1007 2074 verba
1027 2041 1065 2073 et
1083 2039 1235 2083 quidem
1255 2038 1571 2084 Clytaemnestrae
1591 2049 1670 2073 esse
1686 2039 1884 2083 Agamem-

321 2102 454 2126 nonem
474 2092 701 2137 appellantis
722 2092 811 2126 olim
829 2092 1062 2127 intellectum
1081 2093 1153 2127 est:
1173 2092 1294 2138 Iphig.
1311 2092 1437 2126 Aulid.
1453 2095 1521 2126 633
1541 2088 1569 2127 ὦ
1590 2090 1699 2138 σέβας
1724 2091 1805 2137 ἐμοὶ
1823 2090 1883 2136 με’-

321 2156 456 2189 γιστον,
467 2143 697 2190 Ἀγαμέμνων
716 2145 823 2188 ἄναξ,
842 2143 991 2190 ἥκομεν,
1015 2145 1191 2190 ἐφετμαῖς
1209 2146 1277 2181 οὐκ
1298 2146 1519 2181 ἀπιστοῦσαι
1539 2144 1662 2188 σέθεν,
1682 2155 1778 2190 quae
1797 2157 1883 2190 sup-

321 2198 494 2242 positicia
506 2198 702 2241 habentur,
714 2199 950 2245 Ladewigius
965 2199 1061 2234 anal.
1077 2209 1173 2234 scen.
1188 2211 1223 2244 p.
1238 2202 1282 2234 15
1297 2198 1456 2234 contulit
1468 2198 1653 2243 Enniique
1665 2197 1883 2243 Iphigeniae

322 2252 433 2286 verba
452 2251 626 2287 Tulliana
646 2252 855 2297 adscripsit.
963 2253 1020 2287 Ab
1034 2252 1154 2287 Ennio
1167 2252 1328 2298 petitum
1348 2252 1413 2287 sed
1432 2251 1589 2287 fortasse
1602 2262 1740 2299 11011011
1753 2251 1883 2286 eodem

321 2304 402 2339 loco
423 2305 536 2340 etiam
556 2305 756 2349 edolavi3
777 2305 821 2340 cf.
837 2306 906 2341 inc.
923 2319 1015 2341 xmv.
1146 2306 1302 2350 Aliquid
1321 2305 1579 2340 similitudinis
1600 2316 1683 2340 cum
1702 2305 1882 2340 Ennianis

321 2369 411 2402 prae
425 2369 462 2393 se
476 2358 600 2394 ferunt
615 2370 710 2404 quae
725 2370 768 2394 ex
780 2359 946 2394 Varrone
960 2359 1068 2395 affert
1081 2359 1224 2394 Nonius
1238 2371 1272 2404 p.
1285 2362 1365 2403 263,
1378 2363 1398 2393 5
1413 2360 1423 2375 ‘
1433 2369 1543 2403 quem
1557 2358 1712 2393 simulac
1725 2359 1882 2393 Romam

322 2411 466 2445 venisse
484 2412 576 2446 mihi
592 2413 721 2458 attigit
735 2424 842 2447 aures
856 2413 1020 2457 nuntius,
1035 2412 1220 2458 extemplo
1232 2423 1334 2447 meos
1348 2413 1387 2447 in
1402 2412 1625 2447 curriculum
1646 2412 1786 2447 contuli
1799 2423 1883 2456 pro—

322 2475 410 2509 pere
429 2465 577 2509 pedes’:
598 2466 637 2500 111
657 2466 792 2511 quibus
812 2467 913 2511 quod
932 2469 990 2501 est
1008 2466 1194 2501 numerosi
1212 2477 1287 2500 non
1306 2465 1407 2511 fugit
1426 2466 1564 2500 doctos.

439 2517 489 2552 IX
507 2520 603 2563 (232)
629 2518 747 2554 Varro
768 2520 814 2554 de
833 2519 856 2554 l.
872 2520 909 2554 L.
925 2533 977 2555 v11
997 2523 1040 2554 87
1059 2519 1273 2565 ‘lymphata
1300 2519 1401 2554 dicta
1427 2530 1449 2553 a
1468 2519 1639 2564 lympha3
1661 2518 1840 2565 (lympha)
1861 2529 1883 2553 a

443 2666 526 2704 228
554 2667 721 2704 antistat
743 2666 949 2707 Columna:
973 2670 1146 2707 antestat
1265 2668 1338 2705 hoc
1358 2668 1443 2706 loco
1463 2667 1556 2715 quid
1574 2668 1669 2704 esset
1686 2666 1883 2704 declaravi

315 2736 486 2773 prooem.
508 2722 618 2762 1880
630 2738 673 2773 p.
691 2734 712 2772 5
737 2727 816 2764 coll.
834 2727 911 2766 050.
930 2729 974 2766 in
996 2726 1107 2766 Catil.
1122 2740 1163 2766 1v
1189 2736 1251 2771 10,
1269 2735 1319 2762 22
1343 2738 1583 2776 quamquam
1608 2727 1666 2763 est
1691 2738 1769 2762 uno
1795 2726 1881 2763 1000

324 2784 500 2823 condicio
520 2784 659 2823 melior
677 2786 859 2824 externae
878 2787 1066 2824 victoriae
1087 2799 1206 2836 quam
1218 2786 1465 2834 domesticae,
1481 2785 1584 2834 quod
1599 2787 1661 2835 etc,
1676 2795 1883 2832 versusque

322 2843 490 2890 sormam
510 2845 725 2890 =2·z'-ndicavi,·
743 2847 898 2892 poterat
921 2848 1049 2883 autem
1076 2857 1155 2884 esse
1174 2840 1236 2898 (ut
1258 2847 1300 2883 in
1322 2839 1502 2897 Graecis)
1522 2843 1654 2894 plebes
1680 2846 1724 2881 ut
1749 2843 1822 2881 hoc
1842 2873 1851 2881 .
1872 2873 1880 2880 .

323 2902 408 2940 loco
530 2904 614 2941 230
634 2903 847 2953 Postquam
865 2904 1110 2943 Ribbeck-etus:
1129 2906 1386 2954 posteaquam
