2054 3282
313 204 396 245 172
985 195 1185 234 SCENICA

1034 313 1137 349 XVII

310 381 394 422 287
428 378 535 421 Asta
559 381 686 433 atque
710 376 902 419 Athenas
927 376 1113 418 anticum
1139 374 1392 430 opulentum
1417 375 1622 431 oppidum

430 449 681 504 Contempla
706 452 748 491 et
773 447 982 503 templum
1008 446 1172 489 Cereris
1198 447 1251 488 ad
1275 446 1441 489 laevam
1466 447 1619 502 aspice.

910 622 1254 666 MELANIPPA

1075 728 1093 763 I

305 793 390 835 289
424 791 610 834 Certatio
636 792 707 834 hic
732 794 797 834 est
820 791 941 834 nulla
965 791 1071 846 quin
1095 793 1336 834 monstrum
1363 791 1462 834 siet:

420 862 514 906 Hoc
541 877 619 919 ego
646 863 727 905 tibi
754 863 848 905 dico
876 866 919 905 et
943 863 1188 905 coniectura
1213 877 1388 919 auguro.

1064 967 1099 1002 Π

932 1029 1094 1055 HELLEN
1106 1029 1230 1055 ΔΕοιο
1290 1009 1302 1014 ”

300 1076 385 1118 291
413 1075 475 1117 Mi
501 1076 705 1132 ausculta,
729 1079 840 1132 nate,
866 1091 1021 1131 pueros
1046 1077 1259 1119 cremitari
1285 1077 1384 1119 iube

299 1216 455 1251 fortasse
475 1216 585 1251 simu]
604 1228 745 1252 memor
764 1218 845 1253 erat
863 1217 1051 1253 Homerici
1074 1220 1145 1254 Ζεῦ
1163 1217 1280 1262 πάτερ
1297 1247 1303 1252 .
1321 1247 1327 1252 .
1345 1215 1505 1259 ,Ἠέλιος
1522 1214 1566 1252 θ’
1584 1215 1625 1259 ὃς
1643 1215 1753 1252 πάντ’
1773 1216 1861 1262 ἐφο-

299 1272 377 1317 ρᾷς.
396 1269 450 1304 De
470 1271 656 1306 sententia
676 1271 720 1306 cf.
737 1271 851 1306 etiam
863 1271 1069 1306 Diodorum
1087 1271 1225 1318 fragm,
1236 1271 1259 1306 1.
1274 1284 1400 1306 xxxvn
1414 1274 1470 1314 19,
1481 1275 1503 1306 4
1516 1271 1580 1305 καὶ
1592 1270 1659 1312 τὰς
1671 1276 1797 1317 χεῖρας
1810 1270 1862 1311 εἰς

299 1323 362 1358 τὸν
385 1323 546 1367 οὐρανὸν
566 1322 832 1366 ἀνατείνοντας
854 1324 1116 1360 ἐπικαλεῖσθαι
1133 1326 1198 1362 τὸν
1217 1325 1367 1361 πάντων
1389 1324 1582 1370 ἐφορῶντα
1601 1324 1665 1359 τὸν
1685 1322 1769 1371 βίον
1788 1330 1861 1360 τῶν

298 1376 511 1421 ἀνθρώπων
523 1374 654 1413 ‘'Hi-nov
675 1381 790 1424 σῷσαι
808 1378 935 1424 ψυχὰς
953 1377 1097 1424 νηπίων
1115 1377 1273 1414 παίδων.

414 1429 516 1464 XVH
536 1432 631 1476 (287)
656 1431 800 1466 Nonius
813 1444 848 1477 p.
864 1435 945 1475 470,
960 1436 981 1467 4
998 1432 1009 1449 ‘
1019 1433 1253 1478 contempla.
1271 1461 1277 1467 .
1295 1461 1301 1467 .
1317 1432 1459 1467 Ennius
1473 1431 1607 1467 Medea
1620 1432 1727 1468 «asta
1746 1432 1860 1476 atque

298 1483 404 1528 (atq3
420 1484 465 1518 at
473 1496 507 1529 q3
521 1484 664 1530 Bamb.)
675 1485 717 1519 A.
730 1486 892 1520 antieam
905 1485 1125 1531 opulentum
1136 1486 1261 1532 (opul
1270 1487 1448 1521 enteum
1460 1485 1563 1520 Leid.
1572 1485 1716 1530 Bamb.)
1730 1496 1762 1520 o.
1774 1496 1860 1520 con-

297 1536 487 1582 templa».'
586 1537 702 1573 Varro
724 1538 770 1573 de
795 1538 818 1573 1.
833 1538 872 1573 L.
887 1552 938 1574 vn
952 1543 972 1574 9
990 1540 1049 1574 ‘in
1067 1539 1138 1575 hoc
1156 1540 1297 1585 templo
1316 1539 1494 1583 faciundo
1514 1538 1663 1574 arbores
1683 1538 1860 1574 constitui

298 1590 387 1625 fines
408 1592 565 1636 apparet
584 1592 622 1626 et
640 1591 740 1627 intra
760 1603 823 1627 eas
841 1592 1012 1638 regiones
1032 1605 1107 1638 qua.
1126 1594 1224 1630 oculi
1244 1593 1488 1639 conspiciant,
1508 1592 1549 1627 id
1568 1593 1625 1627 est
1640 1593 1822 1635 tueamur,
1837 1604 1860 1628 a

298 1655 369 1688 quo
389 1644 570 1689 templum
590 1645 732 1680 dictum
746 1646 784 1680 et
798 1646 1061 1692 contemplare,
1074 1648 1118 1682 ut
1131 1648 1232 1693 apud
1245 1647 1407 1682 Ennium
1423 1647 1463 1682 in
1476 1646 1610 1682 Medea
1623 1645 1860 1691 «contempla.

299 1725 304 1730 .
323 1725 328 1730 .
346 1725 352 1731 .
372 1697 493 1732 levam
518 1698 677 1743 aspice».
700 1699 913 1744 contempla.
938 1701 976 1735 et
1002 1701 1217 1746 conspicare
1236 1701 1337 1736 idem
1357 1711 1437 1735 esse
1457 1700 1641 1745 apparet?
1757 1699 1871 1737 Duos.

297 1761 420 1785 versus
439 1752 482 1785 ut
500 1751 539 1786 in
558 1764 673 1787 unum
694 1752 791 1788 coire
815 1753 1056 1788 manifestum
1083 1755 1140 1789 est
1163 1754 1219 1789 ita
1245 1754 1438 1789 coniunxit
1458 1753 1600 1798 primus
1621 1752 1795 1798 Scaliger.
1816 1753 1858 1788 In

296 1803 484 1849 Euripidis
504 1805 638 1841 Medea
656 1806 752 1841 1111111
771 1806 909 1841 simile:
930 1806 1096 1842 referunt
1115 1808 1164 1843 ad
1183 1807 1340 1842 alteram
1359 1807 1471 1841 Ennii
1489 1806 1670 1841 Medeam.

413 1887 694 1923 MELANIPPA
729 1889 747 1924 I
766 1890 862 1934 (289)
887 1889 1031 1925 Nonius
1050 1902 1085 1935 p.
1101 1894 1181 1934 469,
1193 1895 1214 1926 6
1231 1890 1242 1907 ‘
1252 1901 1393 1936 auguro
1406 1889 1541 1924 Accius
1555 1891 1637 1934 (497
1647 1889 1706 1934 R.)
1721 1890 1858 1934 «atque

297 1951 341 1974 ea
361 1941 572 1977 coniectura,
591 1953 767 1988 augum».
783 1971 790 1977 .
807 1972 813 1977 .
831 1971 837 1977 .
852 1942 994 1978 Ennius
1008 1945 1213 1989 menalippo
1227 1945 1283 1989 (m
1291 1943 1331 1979 el
1340 1955 1362 1979 a
1369 1956 1393 1978 n
1401 1943 1414 1978 i
1421 1955 1445 1988 p
1453 1955 1478 1988 p
1487 1954 1507 1978 o
1521 1942 1623 1977 Leid.
1638 1954 1685 1977 m.
1700 1954 1754 1987 pr.
1769 1942 1808 1976 M
1815 1954 1835 1978 e
1843 1964 1858 1969 -

296 1993 487 2040 lanippa
501 1995 694 2043 Columna)
708 2001 823 2033 «certo
839 2025 845 2031 .
863 2026 869 2031 .
882 1997 987 2032 nulla
997 1997 1191 2042 (nullum
1203 1996 1329 2040 Wolf,
1344 2007 1363 2032 e
1378 2008 1467 2032 corr.
1480 1996 1597 2042 Harl.)
1607 2024 1613 2030 .
1625 2024 1648 2030 ..
1662 1996 1854 2042 auguro».’

412 2048 446 2082 H
459 2050 555 2095 (291)
580 2049 724 2085 Nonius
737 2063 773 2095 p.
787 2054 867 2093 246,
880 2054 922 2085 11
940 2051 951 2067 ‘
961 2050 1172 2086 auscultare
1186 2051 1243 2086 est
1255 2050 1411 2095 obsequi
1425 2079 1432 2084 .
1447 2078 1453 2085 .
1470 2079 1476 2084 .
1492 2049 1633 2084 Ennius
1647 2050 1858 2095 menalippa

297 2100 411 2135 «mihi
427 2130 433 2135 .
447 2130 453 2136 .
469 2104 622 2138 cremari
634 2103 772 2140 iube»)
855 2103 958 2146 Quae
972 2105 1073 2149 apud
1087 2104 1306 2150 Gregorium
1320 2104 1398 2139 Cor.
1412 2104 1560 2149 (rhetor.
1576 2102 1635 2138 Gr.
1650 2116 1702 2137 vn
1714 2115 1750 2148 p.
1764 2106 1855 2138 1313

296 2152 429 2199 Walz.)
455 2161 518 2200 τῆς
542 2162 661 2202 σοφῆς
678 2155 929 2203 Μελανίππης
956 2155 1100 2202 ἱστορία
1126 2158 1299 2193 narratur
1317 2155 1494 2202 ’Ἕλληνος
1516 2162 1583 2192 τοῦ
1608 2156 1701 2198 Διὸς
1724 2155 1857 2197 Αἴολος

295 2208 527 2249 τεκνωθεὶς..
542 2208 711 2255 ἐγέννησε
721 2239 727 2245 .
741 2210 797 2245 ,ἐκ
809 2215 876 2255 τῆς
888 2209 1076 2255 Χείρωνος
1088 2208 1419 2256 θυγατρὸςἽππης
1435 2224 1457 2245 κ
1465 2209 1489 2245 ά
1497 2212 1542 2245 λλ
1550 2223 1566 2245 ε
1574 2223 1588 2244 ι
1607 2212 1651 2246 δι
1658 2223 1683 2244 α
1691 2223 1719 2254 φ
1728 2208 1746 2244 ἐ
1753 2223 1772 2253 ρ
1781 2222 1801 2244 ο
1808 2223 1832 2245 υ
1839 2230 1855 2235 -

297 2270 378 2294 σαν
390 2263 436 2295 Μ
442 2260 566 2297 ελανί
573 2265 709 2308 π’πην’
732 2263 844 2305 αὐτὸς
862 2263 927 2308 μὲν
947 2261 1015 2299 οὖν
1035 2262 1154 2309 φόνον
1172 2263 1332 2308 ποιήσας
1350 2261 1410 2299 ἐπ’
1429 2262 1600 2298 ἐνιαυτὸν
1617 2263 1763 2308 ἀπῆλκθε
1783 2275 1854 2307 φυ-

296 2312 374 2358 γάς,
399 2313 467 2358 τὴν
492 2313 532 2350 δὲ
554 2314 805 2361 Μελανίππην
825 2318 1019 2352 Ποσειδῶν
1044 2317 1210 2362 διδύμων
1229 2315 1376 2352 παίδων
1403 2317 1535 2362 ἔγκυον
1560 2314 1748 2361 ἐποίησεν·
1769 2314 1793 2360 ἡ
1814 2315 1855 2351 δὲ

296 2366 361 2401 διὰ
383 2366 451 2412 τὴν
476 2373 541 2402 τοῦ
566 2369 705 2412 πατρὸς
729 2368 960 2412 προσδοκίαν
984 2370 1071 2411 τοὺς
1093 2369 1344 2416 γεννηθέντας
1363 2369 1416 2411 εἰς
1433 2369 1500 2414 τὴν
1520 2369 1720 2416 βούστασιν
1740 2369 1854 2404 ἔδωκε

295 2515 363 2560 sit,·
386 2513 480 2553 Cato
492 2515 539 2553 de
551 2516 638 2564 ayri
654 2516 739 2554 cult.
755 2527 841 2565 141,
856 2526 876 2553 2
893 2517 1132 2568 prohibessis
1146 2517 1332 2556 defendas
1442 2518 1526 2555 287
1547 2518 1756 2566 antiquum
1771 2517 1852 2555 edd.

296 2574 472 2612 anticum
487 2574 667 2612 Rotlzius:
693 2578 868 2614 antieum
1019 2578 1102 2614 289
1127 2576 1300 2615 Certatio
1312 2577 1579 2615 Passeratius:
1599 2578 1704 2614 certo

299 2632 358 2680 Cf.
377 2633 579 2672 Terentius
595 2634 718 2682 hecyr.
734 2633 818 2682 650
837 2636 948 2673 nulla
966 2636 1043 2674 tibi
1060 2636 1125 2674 hic
1143 2636 1224 2674 iam
1244 2636 1480 2674 consultatio
1501 2637 1560 2674 est
1692 2636 1773 2673 291
1796 2634 1854 2672 Mi

296 2692 493 2731 ausculta:
513 2694 560 2740 cf.
574 2692 703 2731 Plaat.
721 2692 851 2732 Casan.
870 2704 952 2742 204
971 2696 1058 2733 tace
1078 2696 1130 2733 sis
1149 2695 1274 2734 stulta
1292 2697 1332 2733 et
1352 2695 1408 2732 mi
1433 2694 1633 2739 ausculta;
1655 2694 1741 2731 Ter.
1756 2694 1853 2732 hau-

295 2754 383 2789 tont.
400 2749 482 2799 585
497 2753 565 2790 vin
577 2753 622 2790 tu
635 2752 785 2790 homini
804 2754 926 2792 stulto
946 2756 1001 2792 mi
1021 2755 1263 2800 ausculta-re,-
1280 2753 1356 2793 Cic.
1369 2766 1446 2802 pro
1459 2754 1570 2792 Rosa.
1585 2751 1673 2790 Am.
1690 2750 1757 2800 36,
1772 2762 1851 2799 104

294 2810 392 2848 mihi
411 2812 607 2850 ausculta:
626 2811 715 2849 vide
735 2824 782 2849 ne
802 2812 876 2850 tibi
895 2812 996 2852 desis
1129 2814 1327 2851 cremitari
1344 2813 1526 2851 Bothius:
1552 2813 1716 2850 cremari

295 2870 501 2909 Iterativae
512 2871 661 2918 formae
674 2871 875 2909 verboram
886 2874 929 2909 at
939 2874 1097 2920 saepias
1108 2875 1383 2921 permutantur
1395 2884 1481 2910 cum
1493 2872 1706 2920 primitivis
1719 2866 1785 2923 (cf.
1800 2871 1853 2908 ad

295 2939 387 2966 arm.
406 2927 458 2965 62
471 2939 484 2965 1
505 2942 603 2968 scen.
620 2939 640 2967 2
654 2939 716 2978 17.
734 2939 815 2978 224
823 2944 838 2976 ,·
857 2933 964 2969 testes
986 2933 1141 2969 variant
1158 2943 1249 2970 ann.
1266 2940 1347 2979 307
1370 2943 1467 2970 scen.
1492 2925 1566 2984 24)
1587 2932 1642 2968 ita
1660 2930 1852 2978 quaedam
