2020 3334
295 232 347 281 VI
850 242 877 277 1.
903 240 1131 277 HISTORIA
1154 240 1292 276 Erum

296 369 424 396 annus
464 358 598 393 utrum
635 354 977 405 quingentesimus
1014 352 1186 392 decimus
1225 366 1275 391 an
1312 352 1486 393 decimus
1525 356 1691 404 quartus
1728 354 1862 405 fuerit,

295 417 337 455 in
367 416 518 454 incerto
548 413 751 462 relinquit,
781 425 909 462 neque
939 413 1014 452 hoc
1043 412 1101 450 ibi
1132 412 1181 451 ad
1211 424 1295 450 rem
1324 409 1602 467 pertinebat.*)

414 474 568 513 Horum
598 472 762 511 testium
792 471 869 510 fide
901 485 990 510 cum
1020 471 1141 510 Ennii
1171 483 1297 510 annus
1327 472 1475 512 natalis
1505 473 1604 512 satis
1635 476 1741 513 certo
1773 486 1863 513 con-

297 535 462 573 stitutus
507 532 576 581 sit,
623 532 750 570 restat
790 533 837 569 ut
875 531 1110 581 Hieronymi
1149 530 1339 569 indicium
1382 531 1669 581 perpendamus
1710 534 1780 583 qui
1820 533 1863 572 in

297 593 462 631 Eusebii
506 591 721 630 canonibus
762 591 954 629 chronicis
987 591 1036 629 ab
1067 592 1155 640 ipso
1193 591 1391 629 conversis
1430 592 1470 629 et
1507 592 1701 641 suppletis
1739 593 1791 631 ad
1829 605 1863 631 a.

298 652 484 690 Abrahae
519 652 630 689 1777
671 645 725 703 (h.
750 663 781 688 e.
804 663 841 687 u.
865 662 895 689 c.
922 645 1026 703 514)
1065 650 1203 688 scribit
1241 650 1407 699 Quintus
1444 650 1604 689 Ennius
1632 654 1751 700 poeta
1790 652 1864 691 Ta-

297 713 398 751 renti
421 712 609 755 nascitur,
641 711 708 758 qui
733 722 758 748 a
786 709 930 749 Catone
954 712 1152 758 quaestore
1170 709 1338 748 Romam
1363 710 1578 748 translatus
1602 711 1805 750 habitavit·
1822 713 1864 750 in

297 773 423 810 monte
446 769 641 809 Aventino
664 780 790 817 parco
821 769 1032 808 admodum
1061 772 1219 817 sumptu
1250 772 1445 808 contentus
1476 772 1511 808 et
1543 771 1663 809 umius
1701 771 1867 809 ancillae

298 831 524 869 ministerio.
573 828 621 866 In
659 829 802 878 quibus
844 840 946 877 quae
986 830 1192 878 praeterea
1231 828 1429 867 habentur
1468 828 1651 879 deinceps
1691 829 1772 868 suis
1809 830 1867 869 lo·

300 890 354 928 cis
392 888 736 938 disceptabantur.
774 887 821 925 In
861 887 955 925 anni
986 889 1122 926 autem
1152 887 1381 926 definitione
1409 889 1456 926 ut
1493 887 1542 926 ab
1578 888 1660 927 illis
1696 889 1867 927 testibus

299 961 402 987 anno
440 947 624 995 discedit,
663 947 724 985 ita
763 946 839 985 sibi
877 948 924 984 ut
960 948 1062 985 solet
1099 946 1298 998 constitit,
1337 959 1425 985 cum
1462 959 1496 985 a.
1527 946 1712 986 Abrahae
1753 949 1865 987 1849

300 1004 357 1062 (h.
384 1021 415 1046 e.
443 1019 478 1046 a.
502 1020 543 1045 u.
570 1019 600 1045 c.
629 1001 734 1059 586)
767 1006 921 1044 scribit:
956 1006 1115 1044 Ennius
1138 1009 1256 1054 poeta
1286 1007 1582 1055 septuagenario
1612 1009 1739 1046 maior
1770 1009 1867 1046 arti-

300 1068 428 1107 culari
457 1066 589 1104 morbo
619 1067 725 1114 perit
760 1066 1006 1114 sepultusque
1041 1066 1085 1103 in
1120 1064 1314 1113 Scipionis
1350 1069 1594 1104 monumento
1630 1068 1697 1105 via
1732 1065 1868 1115 Appia

300 1128 407 1165 intra
440 1127 619 1174 primum
666 1126 714 1163 ab
757 1125 852 1163 urbe
890 1125 1131 1171 miliarium;
1173 1125 1333 1173 quidam
1369 1136 1457 1163 ossa
1494 1125 1576 1164 eius
1612 1126 1788 1165 Rudiam
1825 1138 1870 1165 ex

300 1186 482 1225 Ianiculo
519 1185 713 1223 translata
750 1185 973 1231 adfirmant.
1013 1183 1089 1229 Qui
1120 1183 1225 1222 enim
1262 1196 1295 1222 a.
1321 1197 1359 1222 u.
1387 1197 1417 1223 c.
1445 1185 1530 1222 514
1561 1186 1680 1224 natus
1722 1198 1756 1224 a.
1784 1186 1867 1224 586

303 1247 487 1283 mortuus
520 1245 580 1282 est
611 1256 690 1282 non
721 1245 853 1293 potest
883 1255 962 1281 non
994 1243 1295 1294 septuagenario
1324 1243 1452 1282 maior
1477 1243 1581 1282 diem
1607 1244 1759 1284 obiisse.
1793 1244 1870 1282 Sed

301 1307 344 1343 in
386 1306 556 1353 utroque
599 1315 763 1341 numero
805 1304 993 1352 putamus
1038 1304 1212 1341 erratum
1256 1315 1357 1352 esse,
1400 1303 1594 1341 incertum
1638 1317 1716 1354 quo
1762 1304 1870 1354 prin-

303 1358 417 1414 cifio.
463 1362 674 1401 Suetonius
719 1362 841 1411 enim,
886 1374 1002 1410 quem
1043 1363 1156 1411 sequi
1201 1361 1301 1400 solet
1337 1362 1622 1412 Hieronymus,
1663 1376 1762 1413 quos
1799 1377 1869 1402 nu-

301 1435 429 1461 meros
466 1423 509 1459 in
546 1422 630 1460 vita
668 1421 787 1459 Ennii
825 1420 1003 1470 posuerit
1039 1421 1230 1469 nescitur,
1268 1421 1336 1470 qui
1373 1421 1415 1459 in
1452 1421 1587 1461 libello
1625 1422 1672 1460 de
1705 1435 1870 1473 gramm.

307 1484 331 1520 2
352 1495 389 1531 p.
413 1482 497 1520 100
516 1480 562 1518 R.
607 1493 697 1519 cum
731 1479 929 1518 Gratetem
960 1480 1165 1518 Mallotem
1198 1482 1303 1518 inter
1334 1480 1548 1519 secundum
1580 1476 1633 1534 (a.
1653 1494 1691 1519 u.
1714 1495 1743 1520 c.
1767 1476 1870 1535 553)
1949 1510 1955 1513 v

308 1543 348 1579 et
377 1540 540 1579 tertium
570 1539 722 1577 bellum
753 1538 947 1577 Punicum
980 1534 1034 1592 (a.
1054 1553 1090 1577 u.
1112 1552 1143 1578 c.
1165 1534 1268 1592 605)
1300 1541 1372 1578 sub
1403 1542 1532 1588 ipsam
1556 1541 1684 1579 Ennii
1713 1544 1871 1580 mortem

304 1601 472 1639 Romam
508 1601 662 1638 venisse
700 1598 848 1647 scribit,
889 1611 1038 1637 annum
1076 1599 1215 1637 mortis
1253 1612 1331 1637 non
1362 1600 1463 1637 falso
1496 1599 1563 1638 sed
1594 1600 1721 1638 obiter
1752 1600 1871 1651 signi-

304 1659 448 1698 ficavit.
516 1659 805 1708 Hieronymum
848 1660 999 1707 autem,
1042 1659 1152 1696 cuius
1190 1658 1286 1696 haec
1323 1660 1416 1697 sunt
1452 1659 1498 1696 de
1540 1658 1709 1699 Caecilio
1748 1660 1798 1697 ad
1837 1673 1870 1698 a.

305 1719 399 1757 Abr.
430 1719 541 1757 1838
577 1712 631 1770 (h.
665 1730 695 1755 e.
729 1731 762 1756 a.
794 1731 830 1755 u.
860 1711 964 1770 575)
995 1717 1144 1756 Statius
1172 1717 1364 1756 Caecilius
1395 1719 1678 1757 comoediarum
1708 1721 1873 1767 scriptor

307 1779 437 1817 clarus
463 1778 624 1816 habetur
647 1778 804 1815 natione
823 1777 992 1815 Insuber
1013 1776 1153 1816 Gallus
1179 1780 1213 1815 et
1231 1777 1359 1815 Ennii
1368 1779 1547 1825 primum
1566 1779 1852 1817 contubernalis
1859 1793 1873 1826 ,-

306 1838 467 1887 quidam
492 1837 824 1875 Mediolanensem
854 1837 1007 1884 ferumt‚·
1037 1839 1212 1874 mortuus
1244 1839 1297 1875 est
1327 1848 1431 1875 anno
1449 1840 1540 1885 post
1564 1841 1722 1876 mortem
1747 1838 1874 1877 Ennii

307 1901 342 1936 et
371 1898 481 1935 iuxta
506 1896 733 1935 Ianiculum
763 1896 949 1944 sepultus,
978 1908 1058 1934 non
1089 1895 1212 1933 alium
1244 1908 1348 1934 nunc
1374 1909 1495 1945 quam
1520 1896 1591 1935 illo
1616 1897 1701 1935 loco
1727 1909 1873 1935 annum

306 1956 445 1994 mortis
477 1955 683 1993 Ennianae
713 1954 919 2004 probabile
951 1957 1010 1993 est
1042 1954 1262 2004 sumpsisse.

429 2014 505 2053 Sed
543 2014 591 2052 de
627 2016 753 2052 morte
790 2014 911 2052 Ennii
949 2016 1167 2064 suppetunt
1204 2027 1284 2053 non
1321 2013 1450 2052 minus
1495 2016 1601 2053 certa
1645 2015 1874 2054 testimonia

309 2087 428 2125 quam
459 2074 506 2112 de
545 2086 647 2112 anno
679 2073 807 2111 natali
844 2074 884 2111 et
915 2086 961 2111 ea
993 2073 1151 2122 quidem
1183 2073 1323 2123 quibus
1356 2073 1478 2112 etiam
1508 2074 1576 2112 ille
1609 2074 1873 2114 confirmatur.

310 2133 443 2172 Cicero
481 2133 586 2171 enim
622 2133 664 2170 in
695 2131 822 2171 Bruto
854 2127 942 2185 (20,
966 2127 1040 2186 78)
1079 2132 1125 2171 de
1158 2132 1197 2170 C.
1232 2132 1407 2183 Sulpicio
1441 2132 1555 2171 Gallo
1588 2146 1707 2184 agens
1740 2134 1876 2172 scribit

308 2195 376 2232 hoc
399 2195 581 2241 praetore
610 2192 722 2230 ludos
746 2191 924 2240 Apollini
954 2193 1117 2240 faciente
1147 2204 1233 2231 cum
1262 2193 1458 2241 Thyestem
1487 2193 1665 2240 fabulam
1690 2194 1877 2232 docuisset

311 2253 353 2301 Q.
373 2253 529 2291 Marcio
551 2251 621 2290 Gn.
639 2251 803 2290 Ser-vilio
829 2252 1050 2290 consulibus
1073 2255 1232 2290 mortem
1250 2252 1343 2290 obiit
1362 2252 1519 2290 Ennius
1540 2247 1596 2305 (h.
1611 2265 1640 2290 e.
1656 2265 1742 2290 a.u.
1759 2247 1874 2306 585).

311 2310 489 2356 Quorum
519 2310 615 2348 fides
646 2323 726 2349 non
757 2312 816 2348 est
848 2310 1248 2360 quod‘labefactetur
1272 2323 1362 2348 cum
1387 2310 1715 2350 Reifferscheidio.
1765 2312 1876 2349 Nihil

312 2370 415 2408 enim
447 2372 533 2408 erat
563 2370 670 2419 quod
702 2383 725 2408 a
757 2369 942 2408 Cicerone
973 2372 1046 2408 aut
1075 2370 1212 2408 Attico
1244 2365 1311 2423 (ne
1343 2370 1390 2408 de
1418 2370 1595 2409 Varrone
1627 2365 1774 2423 dicam)
1806 2371 1876 2409 illo

311 2431 488 2478 tempore
525 2429 669 2468 certius
708 2430 779 2466 aut
815 2429 971 2468 facilius
1009 2429 1191 2480 cognosci
1221 2431 1371 2479 posset,
1410 2441 1530 2477 quam
1562 2431 1633 2467 aut
1663 2442 1741 2478 quo
1773 2442 1876 2468 anno

313 2489 503 2538 Thyestes
546 2488 683 2526 sabula
726 2488 820 2527 data
864 2490 966 2527 esset
1008 2490 1078 2526 aut
1121 2488 1263 2538 quibus
1307 2487 1533 2526 consulibus
1570 2488 1720 2526 Ennius
1757 2490 1876 2538 poeta

312 2636 375 2673 sed
411 2647 465 2671 me
500 2647 574 2672 non
605 2637 726 2672 minus
753 2666 759 2672 .
788 2664 796 2671 .
834 2637 908 2673 Ser.
944 2637 1103 2681 Sulpicii
1134 2637 1338 2682 conquestio
1366 2648 1473 2682 quam
1510 2636 1659 2672 Catonis
1693 2637 1877 2671 accusatio

314 2684 566 2727 commovebat,
599 2685 662 2729 qui
691 2685 901 2730 yravissime
931 2695 966 2719 se
995 2685 1090 2727 ferre
1123 2685 1222 2720 dimit
1245 2695 1320 2728 eqS.
1370 2683 1428 2718 Ad
1453 2685 1578 2718 utrum
1603 2684 1667 2729 qui
1690 2683 1876 2727 pertinere

315 2731 484 2775 dicimus,
512 2729 736 2766 Catonemne
762 2742 810 2765 an
836 2731 1066 2777 Sulpicium?

434 2778 465 2824 *)
490 2777 548 2812 Ne
579 2778 669 2822 quid
700 2779 1031 2823 praetermittatur,
1057 2778 1096 2812 in
1123 2778 1365 2814 adnotatione
1396 2777 1532 2812 addam
1559 2777 1659 2822 quod
1685 2777 1811 2812 Cicero
1838 2777 1876 2812 in

315 2827 430 2860 Bruto
469 2829 530 2868 18,
551 2828 614 2868 73,
652 2837 735 2860 cum
766 2826 871 2860 Accii
904 2826 950 2861 de
987 2826 1083 2861 Livii
1114 2827 1237 2861 aetate
1273 2836 1431 2860 errorem
1455 2825 1611 2866 refutat,
1645 2824 1680 2859 C.
1708 2824 1876 2859 Cornelio

317 2873 357 2915 Q.
384 2873 549 2908 Minucio
575 2872 788 2907 consulibus
814 2873 862 2918 (h.
890 2884 920 2908 e.
948 2884 980 2908 a.
1007 2875 1102 2918 557),
1128 2873 1263 2918 quibus
1282 2873 1417 2908 Accius
1437 2872 1532 2906 Livii
1556 2872 1724 2906 fabulam
1749 2872 1877 2906 datam

318 2931 397 2955 esse
427 2920 563 2963 voluit,
592 2919 753 2954 Ennium
772 2933 818 2954 Χῖ,
851 2932 967 2956 annos
997 2922 1128 2956 natum
1158 2921 1274 2957 fuisse
1306 2919 1445 2963 scribit,
1473 2920 1505 2955 si
1535 2930 1609 2955 non
1633 2919 1745 2963 falso,
1778 2921 1877 2955 certe

316 2979 390 3002 non
415 2968 507 3002 satis
533 2969 704 3002 accurate
730 2967 816 3002 dici.
