2054 3282
804 167 1054 206 IPHIGENIA
1625 168 1707 213 157

905 288 956 323 IV

817 348 1049 375 AGAMEMNO

148 396 235 438 222
268 395 373 446 Quis
398 395 528 438 homo
554 399 597 438 te
623 397 895 452 exsuperavit
920 410 1100 452 usquam
1126 397 1320 452 gentium
1346 397 1639 452 impudentia?

816 472 1039 498 Miz-:snmus

266 520 370 571 Quis
397 523 540 563 alitem
566 520 733 563 malitia
756 521 829 562 te‘?

912 613 946 647 V

816 673 1050 699 AGAMEMNO

147 722 234 763 224
265 720 484 764 Menelaus
510 736 578 763 me
605 721 822 777 obiurgat:
849 721 893 762 id
917 721 1024 763 meis
1050 721 1178 763 rebus
1202 722 1393 778 regimen
1418 724 1597 765 restitat.

904 813 955 849 VI

815 873 1048 900 AGAMEMNO

146 921 232 964 225
262 921 358 978 Ego
384 922 601 977 proiector
626 922 741 977 quod
766 925 814 964 tu
839 937 1000 978 peccas,
1026 925 1075 964 tu
1102 922 1327 978 delinquis,
1354 937 1433 979 ego
1460 925 1645 979 arguor?

264 993 349 1036 Pro
375 993 612 1035 malefactis
636 993 801 1035 Helena
826 994 982 1049 redeat,
1008 994 1130 1049 virgo
1156 996 1303 1048 pereat
1332 994 1565 1036 innocens?

263 1064 354 1106 Tua
379 1065 679 1107 reconcilietur
704 1079 823 1120 uxor,
850 1080 944 1107 mea
969 1067 1140 1107 necetur
1164 1064 1254 1106 filia
1275 1065 1436 1121 [mea]‘?

145 1193 310 1238 explicat
335 1205 399 1228 cur
425 1195 512 1229 ante
536 1193 658 1228 lucem
683 1193 776 1239 galli
796 1195 954 1228 canant.
973 1222 978 1228 .
996 1222 1002 1228 .
1019 1194 1084 1238 qui
1104 1193 1255 1238 quidem
1276 1193 1425 1228 silentio
1445 1193 1575 1237 noctis,
1595 1195 1639 1229 ut
1658 1194 1712 1229 ait

144 1246 296 1290 Ennius,
311 1246 462 1283 «favent
481 1247 505 1282 f.
520 1248 635 1283 russis
648 1251 760 1282 cantu
772 1247 982 1293 plausuque
996 1249 1154 1293 (cantu
1163 1259 1178 1281 s
1199 1247 1331 1282 lausu
1340 1259 1396 1292 qu
1405 1258 1425 1281 e
1438 1246 1542 1282 Voss.
1554 1247 1587 1281 A
1599 1246 1710 1282 Vind.

143 1313 190 1335 m.
204 1301 275 1346 pr.)
291 1313 326 1346 p.
340 1301 470 1337 alas».’

261 1353 312 1389 IV
326 1355 422 1400 (222)
449 1353 574 1389 Cicero
590 1354 695 1389 Tusc.
712 1354 806 1400 disp.
822 1368 859 1390 1v
874 1358 929 1397 36,
946 1358 988 1389 77
1006 1354 1083 1389 ‘ira
1095 1364 1191 1396 vero,
1208 1364 1304 1398 quae
1319 1354 1498 1398 quamdiu
1516 1354 1712 1399 perturbat

143 1407 309 1442 animum
329 1408 603 1443 dubitationem
622 1408 793 1443 insaniae
812 1419 886 1443 non
905 1407 1031 1451 habet,
1052 1407 1156 1442 cuius
1175 1407 1327 1452 inpulsu
1347 1407 1475 1442 existit
1487 1407 1602 1443 etiam
1614 1407 1712 1442 inter

142 1460 276 1496 fratres
290 1461 367 1496 tale
377 1461 541 1506 iurgium
553 1461 660 1505 «quis
671 1462 796 1496 homo.
809 1472 1012 1506 .umquam.
1025 1490 1030 1495 .
1042 1461 1204 1496 .malitia
1217 1463 1288 1497 te».
1301 1461 1399 1497 nosti
1411 1471 1506 1506 quae
1520 1462 1709 1496 secuntur:

144 1514 297 1548 alternis
311 1514 410 1548 enim
423 1514 588 1549 versibus
603 1514 864 1559 intorquentur
877 1514 975 1549 inter
987 1514 1121 1549 fratres
1135 1514 1377 1560 gravissimae
1397 1514 1655 1558 contumeliae,
1669 1516 1712 1549 ut

142 1566 253 1602 facile
274 1570 456 1612 appareat
474 1567 579 1602 Atrei
598 1567 693 1602 filios
714 1569 820 1603 esse.'
938 1568 1105 1603 Fluxisse
1125 1578 1170 1602 ex
1182 1567 1472 1613 Agamemnonis
1493 1569 1530 1603 et
1549 1567 1710 1602 Menelai

142 1620 264 1666 iurgio
284 1620 324 1655 in
342 1621 461 1666 Iphig.
477 1620 601 1655 Aulid.
618 1624 685 1655 317
701 1632 779 1665 sqq.
795 1621 986 1656 Dobraeus
1007 1621 1271 1656 animadvertit
1291 1621 1430 1656 advers.
1446 1634 1474 1655 11
1492 1633 1527 1666 p.
1544 1624 1622 1655 373.

260 1673 295 1708 V
308 1675 403 1720 (224)
422 1674 642 1708 Rufinianus
657 1674 702 1709 de
716 1674 775 1719 fig.
793 1678 834 1708 11
849 1674 942 1710 rhet.
958 1675 1037 1709 Lat.
1052 1687 1087 1719 p.
1103 1678 1160 1718 41,
1175 1677 1218 1709 29
1233 1673 1354 1709 Halm.
1373 1674 1383 1691 ⁶
1393 1674 1643 1720 ἀγανάκτησις
1655 1674 1710 1708 in-

143 1727 324 1773 dignatio,
340 1737 436 1772 quae
450 1727 491 1762 fit
503 1728 663 1762 maxime
683 1728 998 1773 pronuntiatione.
1014 1727 1155 1762 Ennius
1175 1727 1215 1762 in
1234 1727 1432 1774 Iphigenia
1446 1727 1661 1764 «Menelaus
1678 1757 1683 1762 .
1702 1757 1707 1763 .

141 1781 301 1817 restat».’

259 1833 310 1869 VI
330 1835 426 1880 (225)
450 1834 671 1870 Rufinianus
686 1835 732 1870 de
746 1835 805 1881 fig.
823 1839 866 1870 37
881 1835 973 1870 rhet,
990 1835 1069 1870 Lat.
1085 1846 1121 1880 p.
1137 1838 1192 1878 47,
1207 1837 1250 1869 18
1265 1834 1385 1869 Halm.
1404 1834 1613 1880 ’σύγκρισις
1632 1834 1708 1870 sive

143 1885 332 1929 ἀντίθεσις
357 1888 587 1933 comparatio
614 1899 736 1923 rerum
762 1890 874 1933 atque
900 1899 1142 1934 personarum
1168 1888 1266 1923 inter
1291 1898 1330 1922 se
1356 1888 1643 1933 contrariarum,
1667 1890 1710 1923 ut

143 1951 235 1986 «ego
251 1969 257 1975 .
275 1969 281 1975 .
298 1969 304 1975 .
320 1941 532 1986 delinquas.
550 1971 555 1976 .
574 1970 579 1990 .
594 1953 678 1977 mea
697 1946 847 1989 περσέαν
865 1942 944 1976 filia
957 1943 1085 1978 mea».'
1184 1942 1244 1975 Ad
1257 1941 1504 1986 Iphigeniam,
1518 1943 1561 1976 ut
1573 1954 1596 1976 v
1610 1942 1710 1986 quod

141 1993 242 2029 idem
254 1994 474 2029 Rufinianus
488 2005 533 2029 ex
546 1994 658 2029 Ennii
671 1995 869 2040 Iphigenia
883 1995 1024 2037 citavit,
1038 1995 1114 2029 iam
1128 1994 1309 2030 Columna
1329 1994 1544 2039 adscripsit:
1566 1995 1604 2029 et
1616 1995 1710 2030 haec

141 2047 215 2081 tria
233 2047 277 2081 fr.
292 2060 330 2082 1v
348 2060 370 2082 v
389 2060 427 2082 VI
446 2048 615 2092 quamvis
635 2058 679 2082 ex
698 2048 830 2094 iurgiis
851 2048 1079 2091 Atridarum,
1101 2058 1197 2092 quae
1217 2049 1304 2082 sunt
1329 2047 1430 2093 apud
1449 2047 1667 2093 Euripidem
1687 2059 1708 2082 a

142 2112 172 2134 v.
189 2103 255 2135 317
271 2100 320 2135 ad
334 2104 413 2143 411,
428 2101 590 2145 repetita
609 2101 694 2143 sint,
709 2102 835 2135 tamen
849 2101 939 2136 satis
953 2101 1070 2136 libere
1083 2101 1224 2136 Ennius
1239 2101 1462 2146 expressisse
1477 2100 1609 2136 Graeci
1620 2112 1706 2146 poe-

142 2155 203 2188 tae
217 2153 420 2189 sententias
434 2153 589 2188 videtur.
606 2153 772 2188 Conferri
785 2156 942 2199 possunt
954 2154 1116 2189 maxime
1131 2157 1197 2188 329
1212 2154 1343 2199 Agam.
1359 2153 1395 2189 τί
1414 2153 1457 2189 δέ
1476 2165 1514 2190 σε
1532 2154 1632 2199 τάμὰ
1650 2156 1711 2190 δεῖ

143 2205 361 2252 φυλάσσειν;
382 2206 450 2242 οὐκ
469 2207 717 2253 ἀναισχύντου
739 2206 843 2252 τόδε;
864 2207 922 2252 (cf.
939 2209 1021 2253 327)
1039 2209 1077 2242 et
1096 2211 1162 2242 331
1184 2207 1252 2253 Ag.
1267 2207 1334 2243 τὸν
1355 2207 1444 2252 ἐμὸν
1464 2206 1581 2244 οἰκεῖν
1601 2204 1707 2243 οἶκον

142 2260 210 2295 οὐκ
230 2259 386 2305 ἐάσομαι
400 2259 458 2305 (cf.
475 2260 649 2295 Androm.
666 2262 748 2306 581)
762 2271 845 2295 cum
858 2260 1061 2295 Ε111111222.
1079 2264 1157 2295 224.
1176 2260 1401 2295 ‘malitiam'
1418 2260 1707 2306 Agamemnonis

149 2430 256 2468 1888
261 2428 281 2482 s
286 2430 339 2480 89
354 2445 395 2480 p.
415 2441 464 2468 10
478 2427 588 2485 sqq),
604 2444 681 2480 qua
693 2433 787 2471 mihi
805 2433 925 2471 noctis
944 2433 1138 2471 siLemium
1157 2434 1312 2482 depingi
1331 2434 1493 2478 videtur,
1513 2436 1557 2471 ut
1574 2434 1629 2471 sie
1646 2435 1705 2471 in-

143 2493 348 2539 terpretata
362 2493 484 2530 oratio
499 2502 594 2530 sane
606 2492 732 2530 redire
746 2493 799 2530 ad
811 2492 995 2540 Euripid.
1011 2493 1138 2540 Iphigt.
1149 2490 1241 2530 Aul.
1255 2502 1279 2540 9
1296 2490 1445 2531 οὔκουν
1464 2491 1645 2545 φθόγγος
1664 2487 1702 2544 γ’

142 2545 226 2588 οὔτ’
249 2548 427 2602 ὀρνίθων
447 2548 535 2589 οὔτε
559 2550 762 2601 θαλάσσης
774 2553 909 2599 possit,
930 2551 976 2589 de
995 2563 1068 2599 quo
1086 2553 1130 2589 in
1148 2552 1303 2590 diversa
1321 2553 1508 2590 sementia
1529 2553 1706 2600 cogitavit

141 2609 371 2648 Ribbeckius
481 2611 563 2647 222
586 2622 753 2658 usquam
772 2611 976 2648 deteriores
994 2611 1151 2659 aliquot,
1171 2611 1389 2649 Bentleiust
1409 2624 1598 2660 umquam

144 2669 227 2706 224
253 2670 411 2707 restitat
429 2669 630 2707 Bentleius
657 2670 761 2716 epist.
782 2670 835 2707 ad
853 2669 1029 2707 Minium
1047 2682 1089 2718 p.
1105 2679 1179 2717 43:
1204 2671 1350 2717 restat,·
1369 2671 1417 2717 ef.
1438 2671 1491 2708 acl
1514 2679 1590 2718 291

144 2728 226 2765 225
248 2728 442 2777 delinquis
453 2728 549 2766 Rob.
557 2727 792 2775 Stephamus:
806 2728 1011 2777 delinquas
1116 2730 1179 2768 De
1190 2731 1302 2768 metri
1314 2730 1443 2777 forma
1456 2730 1541 2767 vide
1554 2729 1607 2766 ad
1619 2737 1702 2776 309

246 2787 328 2825 226
351 2785 521 2838 arguor?
536 2787 611 2824 Pro
622 2787 833 2835 Berykiusz
848 2800 991 2838 arguor
1004 2801 1075 2838 pro
1089 2789 1308 2827 malefactis
1318 2787 1337 2825 1>
1350 2788 1582 2835 vulgabatur
1595 2789 1704 2833 wate,-

142 2846 190 2893 ef.
209 2845 465 2884 Hermannus
490 2847 542 2885 ad
560 2846 701 2894 Eurip.
722 2846 850 2895 Iphiy.
870 2846 962 2885 Aul.
980 2845 1062 2895 385
1214 2848 1296 2885 227
1325 2859 1412 2884 mea
1438 2848 1596 2884 necetur
1620 2846 1703 2884 filia

145 2903 351 2943 Columna:
371 2918 458 2944 mea
478 2908 643 2956 negetur
661 2904 744 2943 filia
763 2919 851 2944 mea
