2020 3334
441 189 504 223 LII
1015 188 1041 222 I.
1068 187 1295 223 HISTORIA
1320 187 1458 222 ENMI

443 300 762 338 Andromacham
792 311 875 338 esse
906 311 1041 337 versus
1071 299 1150 348 ipsi
1179 312 1275 348 prae
1305 311 1346 337 se
1369 299 1512 338 ferunt.
1554 299 1711 340 Laudat
1735 313 1904 350 carmen,
1933 301 2002 340 sed

441 372 520 397 non
556 360 686 396 minus
724 359 864 396 laudat
898 360 1058 407 poetam
1089 359 1158 407 qui
1188 358 1416 406 confecerit,
1453 371 1570 408 quem
1602 371 1691 398 cum
1722 360 1881 398 aliunde
1911 372 2001 399 con-

442 420 521 456 stet
562 418 735 455 Ennium
778 430 878 466 esse,
921 417 971 455 ad
1013 430 1103 455 eum
1144 417 1310 455 redeunt
1349 418 1470 456 etiam
1508 430 1644 457 versus
1678 419 1741 457 illi
1777 420 1847 468 qui
1882 420 2002 469 primi

442 479 535 515 sunt
576 477 650 515 hoc
692 477 795 526 loco,
840 488 938 526 quos
981 476 1194 514 verisimile
1237 479 1297 515 est
1336 477 1522 525 Thyestis
1564 489 1657 516 esse.
1702 478 2003 517 Andromachae

442 537 575 574 autem
618 537 831 584 canticum,
876 549 923 573 ex
965 548 1043 585 quo
1080 536 1225 586 singuli
1260 548 1394 574 versus
1432 535 1528 574 alibi
1565 537 1720 586 saepius
1756 550 1781 575 a
1819 537 2003 576 Cicerone

442 595 672 644 afferuntur,
703 607 808 633 nunc
839 607 917 644 quo
948 595 1103 633 facilius
1134 597 1274 644 poetae
1305 607 1440 633 sensus
1472 595 1521 632 ad
1553 607 1666 633 suam
1695 596 2003 645 disputationem

441 654 642 702 traducat,
680 656 765 693 toto
802 656 938 692 tenore
975 654 1211 703 explicatur,
1252 655 1320 692 sed
1354 654 1553 693 nonnullis
1590 655 1729 693 mediis
1765 656 2004 704 praeteritas,

442 713 484 751 id
522 713 628 763 quod
668 714 789 752 semel
830 715 963 763 aperte
1004 713 1102 751 dicit
1139 712 1291 762 Cicero,
1331 725 1420 751 cum
1460 713 1658 764 significat
1697 726 1743 752 ea
1781 714 2003 765 legentibus

440 775 537 811 nota
574 785 674 821 esse,
717 773 842 811 altero
879 773 964 811 loco
1001 772 1049 810 iis
1081 785 1182 821 quae
1222 773 1385 822 exponit
1423 773 1521 821 ipsis
1560 772 1710 821 patefit.
1754 772 1832 811 Sed
1869 775 2004 811 tamen

442 833 505 870 vel
548 832 603 870 510
646 832 757 870 nobis
794 832 888 870 licet
931 845 978 869 ex
1013 832 1074 869 his
1111 832 1364 869 simulacrum
1401 832 1599 881 quoddam
1635 832 1751 870 huius
1788 844 1926 871 scenae
1965 834 2006 870 et

443 893 581 929 cantus
619 891 750 928 animo
788 891 1012 929 informare.
1056 891 1145 928 Non
1183 892 1365 928 omittam
1401 890 1599 939 Medeam,
1642 892 1752 930 cuius
1795 904 1875 929 non
1912 903 2004 930 raro

447 962 582 988 versus
620 950 767 1000 singuli
804 950 911 999 apud
947 949 1174 988 Ciceronem
1210 950 1414 1000 leguntur,
1451 950 1558 988 velut
1592 950 1657 988 hic
1688 950 1800 989 Tusc.
1832 950 1931 1000 disp.
1963 963 2006 989 1v

445 1010 518 1058 32,
545 1010 619 1057 69,
662 1022 740 1047 11011
782 1022 860 1047 uno
898 1009 1055 1047 nomine
1098 1009 1140 1046 in
1182 1009 1256 1047 hac
1299 1021 1417 1047 causa
1460 1021 1580 1058 quam
1623 1021 1698 1059 ago
1740 1009 2005 1048 memorabilis

443 1069 539 1116 quid
569 1070 626 1107 ait
660 1080 705 1107 ex
741 1069 940 1117 tragoedia
970 1070 1155 1116 princeps
1191 1069 1256 1106 ille
1285 1067 1635 1116 Arqonautarum?
1673 1064 1730 1106 ‘tu
1765 1080 1825 1107 me
1861 1070 2008 1107 amoris

442 1129 569 1176 mayis
612 1140 730 1176 qaam
771 1129 928 1166 honoris
964 1129 1168 1166 servavisti
1201 1129 1334 1176 qratia
1368 1122 1488 1180 (Med.
1515 1122 1606 1179 xl)’,
1643 1129 1683 1165 et
1720 1140 1820 1176 quae
1857 1127 2005 1165 addun-

445 1189 512 1225 tur
547 1188 609 1225 hic
645 1198 756 1225 amor
791 1187 955 1225 Medeae
992 1189 1139 1234 quanta
1175 1188 1425 1225 miseriarum
1467 1188 1644 1225 excitavit
1676 1187 1867 1225 incendia.
1930 1186 2006 1224 Sed

443 1258 549 1283 nunc
586 1240 653 1299 (ne
690 1247 732 1283 in
770 1246 934 1284 canticis
971 1246 1131 1283 haerere
1169 1240 1323 1298 videar)
1356 1258 1574 1284 sermonem
1603 1245 1764 1284 Medeae
1789 1241 1886 1297 [vn]
1917 1258 2006 1296 gra-

443 1305 648 1343 vissimum
684 1317 902 1354 proponere
941 1305 1028 1342 volo
1066 1318 1183 1353 quem
1220 1303 1354 1343 Cicero
1391 1318 1462 1354 per
1497 1305 1712 1354 particulas
1753 1305 1923 1354 explicat
1959 1304 2006 1342 de

444 1366 524 1402 nat.
563 1364 666 1402 deor.
706 1358 771 1416 (111
797 1365 870 1412 25,
898 1358 992 1416 65),
1029 1363 1097 1401 ubi
1133 1365 1224 1413 post
1259 1377 1447 1414 magnum
1483 1363 1637 1402 hiatum
1672 1364 1770 1402 haec
1803 1364 2006 1414 leguntur:

445 1419 705 1471 ‘nequaquam
741 1425 840 1461 istuc
875 1424 973 1461 istac
1009 1423 1098 1461 ibit:
1136 1435 1282 1471 mayna
1317 1425 1417 1461 inest
1452 1424 1618 1461 certatio.
1654 1435 1749 1461 nam
1779 1426 1823 1461 ut
1852 1434 1917 1471 eqo
1946 1423 2007 1460 illi

443 1483 705 1530 supplicarem
741 1485 851 1520 tanta
888 1482 1219 1530 blandiloquentia
1247 1484 1292 1520 m?
1322 1483 1367 1520 ob
1397 1477 1506 1520 rem?
1543 1483 1742 1520 Parwmne
1777 1483 2008 1520 ratiocimari

444 1542 596 1580 videtur
632 1545 667 1580 et
700 1542 777 1579 sibi
812 1543 902 1589 ipsa
937 1543 1134 1589 nefariam
1163 1544 1310 1589 pestem
1343 1542 1590 1580 machinari?
1625 1541 1742 1579 Illud
1771 1553 1860 1579 vero
1890 1553 2008 1589 qaam

445 1601 591 1639 callida
620 1602 772 1639 ratione
803 1596 886 1648 ‘qui
917 1601 996 1638 volt
1031 1612 1110 1638 esse
1147 1601 1248 1648 quod
1283 1601 1377 1645 volt,
1412 1602 1470 1638 ita
1506 1600 1575 1638 dat
1608 1612 1649 1638 se
1683 1612 1745 1638 res
1778 1603 1822 1638 ut
1851 1611 2008 1647 operam

445 1656 578 1698 dabit?
607 1660 683 1708 Qui
707 1661 761 1698 est
784 1670 918 1698 versus
942 1661 1115 1697 omnium
1132 1661 1343 1698 seminator
1361 1660 1564 1697 malorum.
1585 1655 1676 1697 ‘Ille
1693 1662 1870 1697 traversa
1887 1661 2008 1697 mente

445 1721 500 1757 mi
535 1719 647 1757 hodie
684 1714 985 1770 [269—272].'
1030 1719 1150 1756 Hane
1185 1719 1358 1757 videlicet
1392 1720 1582 1756 rationem
1618 1730 1736 1766 qaam
1771 1730 1839 1756 vos
1875 1719 2008 1756 divino

446 1779 625 1825 beneficio
655 1779 803 1816 homini
832 1778 958 1816 solum
988 1778 1173 1816 tributam
1203 1778 1342 1822 dicitis,
1373 1778 1513 1816 bestiae
1542 1789 1621 1815 non
1645 1778 1795 1816 habent.
1846 1777 2010 1815 Videsne

444 1839 565 1886 iyitar
589 1840 732 1884 quanto
756 1848 914 1875 munere
938 1837 1097 1875 deorum
1120 1838 1243 1875 simus
1268 1837 1420 1884 adfecti.
1462 1836 1590 1884 Atque
1614 1837 1747 1875 eadem
1768 1837 1911 1874 Medea
1929 1847 2008 1885 eqs.

446 1896 507 1934 Ex
536 1897 598 1934 his
629 1897 850 1945 postremis,
881 1897 1069 1944 quoniam
1093 1895 1253 1933 initium
1277 1895 1393 1934 huius
1419 1896 1699 1945 disputationis
1724 1895 1843 1943 deest,
1875 1895 2010 1945 colligi

447 1955 735 2004 quodammodo
772 1957 920 2004 potest,
958 1955 1023 1993 cui
1057 1956 1147 1993 usui
1184 1967 1266 1993 esse
1300 1954 1433 1993 Cicero
1471 1967 1606 1992 versus
1636 1954 1797 1993 Medeae
1827 1954 2010 2002 voluerit,

447 2016 557 2053 cuius
589 2026 722 2053 sensus
755 2018 795 2052 et
825 2014 989 2052 consilia
1020 2015 1181 2063 exponit
1211 2015 1326 2063 quasi
1357 2014 1432 2052 sibi
1462 2026 1523 2052 res
1549 2015 1602 2052 sit
1626 2026 1715 2051 cum
1739 2026 1832 2051 vera
1861 2026 1906 2051 ac
1931 2025 2009 2050 11011

447 2076 586 2123 poetae
622 2075 781 2124 ingenio
811 2074 905 2111 ficta
935 2076 976 2111 et
1006 2086 1187 2123 expressa
1217 2086 1395 2122 persona.
1458 2072 1534 2110 Sed
1565 2073 1638 2110 hoc
1669 2073 1715 2110 de
1747 2085 1871 2120 more,
1908 2074 2008 2110 cete-

446 2146 535 2170 rum
572 2134 647 2171 etsi
682 2146 730 2171 ne
768 2133 832 2170 hic
869 2132 1028 2182 quidem
1065 2145 1144 2170 11011
1185 2133 1377 2181 quaedam
1414 2133 1455 2169 in
1486 2132 1615 2170 media
1645 2134 1758 2181 parte
1790 2132 2011 2180 intercepta

448 2195 552 2240 sunt,
582 2194 716 2229 tamen
747 2195 862 2230 tenor
892 2192 1081 2230 sermonis
1113 2192 1209 2230 satis
1240 2191 1468 2241 perspicuus
1500 2193 1559 2229 est
1590 2194 1630 2228 et
1661 2203 1748 2229 eam
1773 2191 2009 2240 gravitatem

448 2252 638 2289 orationis
669 2264 763 2301 prae
795 2264 835 2289 se
867 2252 945 2289 fert
976 2263 1076 2300 quae
1108 2250 1229 2302 digna
1260 2254 1320 2289 est
1349 2251 1422 2288 hoc
1456 2252 1583 2300 poeta.

566 2310 750 2348 Poteram
793 2310 938 2348 similia
980 2311 1155 2359 proferre
1198 2323 1244 2348 ex
1286 2310 1510 2360 Iphigenia,
1557 2310 1785 2358 Telamone,
1828 2309 2010 2358 Thyeste,

448 2369 629 2408 Hectoris
667 2382 822 2418 quoque
859 2370 987 2418 lytris,
1023 2370 1066 2407 in
1098 2382 1176 2418 qua
1206 2369 1413 2420 tragoedia
1442 2370 1539 2417 puto
1570 2369 1691 2406 lectos
1722 2369 1842 2406 fuisse
1875 2379 2010 2405 versus

449 2430 645 2479 egregios,
689 2429 830 2478 quibus
867 2429 1095 2478 Eurypylus
1133 2429 1289 2466 saucius
1325 2440 1460 2478 pugna
1504 2427 1642 2465 cedens
1679 2426 1853 2464 Patrocli
1895 2438 2009 2475 opem

449 2489 567 2536 petit,
606 2500 703 2536 quos
742 2487 876 2526 Cicero
914 2488 1026 2525 Tusc.
1065 2487 1163 2536 disp.
1196 2500 1225 2524 11
1254 2488 1326 2535 16,
1348 2487 1402 2524 38
1441 2486 1551 2524 1111Πο
1590 2485 1817 2536 tragoediae
1853 2485 2010 2523 nomine

451 2541 561 2598 (nam
592 2549 712 2596 poeta
744 2546 902 2584 aliunde
934 2541 1201 2599 cognoscitur)
1234 2547 1416 2584 servavit.
1469 2545 1544 2583 Sed
1576 2545 1717 2594 opinor
1743 2545 1804 2582 his
1830 2544 2010 2582 omnibus

450 2618 527 2643 non
571 2606 697 2643 multo
741 2607 830 2655 plus
874 2606 1054 2643 effectum
1097 2606 1148 2643 iri
1192 2619 1312 2654 quam
1355 2605 1496 2654 quibus
1540 2616 1633 2642 usus
1676 2616 1763 2642 sum
1812 2603 2010 2652 exemplis,

451 2664 594 2713 quibus
631 2678 693 2702 me
735 2667 892 2703 tantum
937 2667 1188 2703 consecutum
1231 2665 1416 2713 arbitror,
1460 2666 1505 2701 ut
1541 2664 1643 2701 ratio
1681 2664 1721 2701 et
1758 2663 1886 2712 copia,
1929 2674 2010 2710 qua

452 2723 585 2762 Cicero
623 2725 664 2760 in
700 2724 974 2773 philosophiae
1013 2725 1171 2773 scriptis
1209 2723 1327 2761 Ennii
1363 2723 1610 2773 tragoediam
1646 2724 1726 2760 suis
1767 2721 2010 2771 argumentis

451 2782 685 2831 adhibuerit,
715 2783 870 2832 plenius
902 2783 1175 2832 perspiciatur,
1207 2795 1252 2820 ae
1283 2783 1400 2820 simul
1430 2783 1503 2819 1100
1533 2781 1782 2830 intelligatur
1813 2779 2010 2817 Ciceronis

450 2841 637 2880 beneficio
668 2842 878 2892 contigisse
910 2844 956 2879 ut
985 2842 1233 2892 tragoediam
1257 2842 1491 2889 Ennianam,
1517 2840 1646 2889 qualis
1671 2839 1791 2876 fuerit
1817 2840 1858 2876 in
1884 2850 2010 2886 scena,

451 2901 737 2949 quadamtenus
770 2903 900 2938 animo
931 2901 1133 2950 concipere
1164 2901 1293 2939 liceat.
