2054 3282
329 194 384 235 68
871 186 1129 222 ANNALmM
1153 186 1240 220 Lm.
1261 185 1329 220 ΧΠ

1056 303 1141 338 vm

326 370 409 412 377
441 367 532 411 Nos
564 382 709 409 sumus
739 366 935 420 Romani,
967 364 1041 420 qm·
1071 365 1232 407 fuimus
1264 366 1362 407 ante
1392 363 1553 407 Rudini

812 553 1128 598 ANNALIUM
1158 552 1264 596 LIB.
1288 552 1395 597 XIH

1090 659 1107 693 Ι

41 723 408 792 Essfflglgjffi‘ffl
441 721 589 776 «Isque
619 721 902 776 Hellesponto
933 722 1109 774 pontem
1142 719 1361 762 contendit
1393 719 1439 762 in
1469 720 1570 762 alto.

139 813 223 832 1-1v
1081 812 1115 846 Π

320 876 405 918 379
438 874 731 930 «Contempsit
762 874 903 917 fontes
936 874 1092 929 quibus
1124 874 1319 930 exerugit
1350 888 1484 930 aquae
1509 874 1575 917 vis

319 999 474 1043 antiqua
494 998 656 1043 Messapi
676 998 723 1032 ab
743 997 887 1043 origine
906 997 1016 1043 regis,
1035 996 1219 1032 miscebat
1236 997 1376 1043 primas
1396 997 1505 1041 acies,
1526 998 1731 1042 Latiaeque
1750 1009 1877 1043 super-

318 1052 407 1086 bum
431 1052 516 1086 vitis
543 1051 751 1086 adornabat
770 1051 939 1086 dextram
959 1051 1087 1085 decus:
1113 1051 1265 1096 hispida
1283 1051 1394 1086 tellus
1413 1051 1597 1086 miserunt
1616 1050 1781 1086 Calabri:
1802 1051 1876 1086 Ru-

318 1105 403 1140 diae
416 1116 576 1150 genuere
590 1106 773 1139 vetustae:
788 1115 887 1139 nunc
899 1104 1045 1138 Rudiae
1057 1104 1134 1139 solo
1144 1104 1386 1140 memorabile
1395 1115 1530 1140 nomen
1541 1104 1702 1140 alumno.
1710 1105 1742 1140 is
1755 1106 1877 1150 prima

316 1158 355 1192 in
367 1169 496 1204 pugna
506 1159 516 1175 ’
532 1169 605 1202 eqs.
723 1157 856 1192 Suidas
877 1169 902 1192 s.
918 1169 949 1191 v.
959 1155 1108 1198 ’Έννιος
1121 1159 1147 1203 (1
1161 1162 1181 1192 2
1194 1170 1230 1203 p.
1243 1162 1311 1193 262
1326 1158 1474 1203 Bernh.)
1489 1158 1565 1193 sive
1576 1157 1754 1193 Aelianus
1774 1159 1875 1204 apud

316 1211 468 1246 Suidam
485 1212 494 1228 ⁶
506 1211 524 1246 ὁ
546 1211 700 1257 ποιητὴς
720 1210 739 1246 ὁ
754 1210 999 1252 Μεσσάπιος.’
1016 1210 1068 1245 Cf.
1084 1210 1233 1246 Orosius
1246 1223 1338 1246 mus.
1353 1212 1470 1246 Rhen.
1484 1225 1583 1247 nvn
1595 1224 1630 1256 p.
1644 1215 1687 1246 61
1703 1223 1755 1256 sq.

316 1264 455 1300 Gellius
474 1278 549 1300 xv11
571 1268 624 1307 17,
641 1269 659 1298 1
681 1264 861 1307 ‘Quintus
880 1264 1023 1298 Ennius
1042 1265 1116 1299 tria
1136 1265 1248 1300 corda
1265 1264 1404 1300 habere
1424 1276 1503 1300 sese
1523 1265 1683 1310 dicebat,
1704 1266 1803 1310 quod
1822 1265 1876 1301 lo-

314 1317 378 1360 qui
398 1317 535 1352 Graece
554 1319 592 1352 et
612 1317 704 1352 Osce
723 1319 762 1352 et
780 1317 913 1352 Latine
935 1318 1072 1353 sciret.'
1094 1318 1236 1361 Quibus
1256 1318 1302 1353 de
1322 1319 1466 1364 origine
1485 1318 1673 1364 Messapia
1698 1319 1875 1364 expositis

314 1370 567 1405 adhaerebant
591 1371 631 1405 in
651 1371 877 1406 contrarium
902 1371 969 1406 illa
994 1371 1126 1416 opinor
1145 1373 1221 1408 «at
1245 1384 1361 1406 nunc
1386 1372 1462 1407 Nos
1488 1384 1613 1407 sumus
1632 1372 1791 1407 Romani
1810 1372 1875 1416 qui

312 1422 448 1458 fuimus
469 1426 555 1459 ante
573 1424 747 1460 Rudini».

431 1477 515 1512 VIH
535 1480 630 1523 (377)
669 1477 796 1513 Cicero
816 1479 862 1512 de
882 1480 974 1513 orat.
990 1491 1032 1512 111
1051 1482 1108 1522 42,
1130 1481 1197 1513 168
1220 1478 1375 1513 ‘videtis
1399 1477 1567 1523 profecto
1593 1489 1709 1524 genus
1728 1478 1799 1513 hoc
1818 1479 1874 1514 to-

311 1533 400 1574 tum,
428 1543 510 1565 cum
536 1531 668 1566 inflexo
694 1531 967 1576 immutatoque
993 1532 1102 1567 verbo
1129 1542 1186 1566 res
1212 1532 1343 1567 eadem
1369 1532 1585 1567 enuntiatur
1610 1532 1786 1567 ornatius.
1814 1532 1873 1567 cui

312 1587 397 1620 sunt
415 1585 574 1620 finitima
595 1614 601 1619 .
624 1614 630 1620 .
653 1597 736 1620 cum
755 1585 925 1631 intellegi
945 1586 1112 1620 volumus
1134 1614 1141 1620 .
1158 1614 1164 1620 .
1182 1614 1188 1619 .
1210 1587 1277 1620 aut
1295 1596 1339 1620 ex
1359 1596 1432 1620 uno
1458 1585 1582 1630 plures
1603 1587 1667 1622 «at
1684 1586 1873 1621 Romanus

310 1638 419 1672 homo
441 1667 447 1672 .
471 1667 476 1673 .
500 1668 505 1672 .
527 1639 715 1684 trepidat»
737 1640 845 1684 (547),
866 1640 932 1674 aut
951 1651 1035 1674 cum
1054 1650 1099 1674 ex
1117 1639 1286 1684 pluribus
1306 1638 1540 1684 intellegitur
1557 1651 1674 1673 unum
1693 1650 1783 1675 «nos
1804 1668 1811 1673 .
1835 1668 1841 1673 .
1865 1668 1871 1673 .

310 1691 449 1727 Rudini
469 1692 535 1737 (sic
554 1692 698 1738 optimi,
718 1692 852 1727 rutili
871 1692 929 1727 vel
948 1692 1094 1727 rutuli
1112 1694 1150 1727 et
1170 1692 1342 1727 similiter
1360 1693 1537 1737 ceteri)».’
1554 1692 1606 1727 Cf.
1622 1705 1659 1727 1v
1678 1694 1767 1727 extr.

427 1764 513 1798 LIB.
529 1763 613 1798 xm
654 1764 671 1798 I
684 1765 780 1810 (378)
800 1763 917 1798 Varro
932 1764 978 1799 de
989 1764 1062 1798 l.L.
1072 1777 1123 1799 vn
1134 1767 1178 1798 21
1193 1764 1203 1780 ‘
1213 1763 1317 1798 Cassi
1328 1763 1608 1809 «Ellespontum
1623 1765 1660 1798 et
1673 1763 1871 1807 claustra»,

311 1817 410 1860 quod
423 1817 555 1853 Xerses
569 1818 758 1862 quondam
771 1828 856 1852 eum
868 1817 991 1852 locum
1006 1817 1157 1860 clausit;
1171 1828 1259 1851 nam
1271 1818 1313 1851 ut
1323 1816 1464 1851 Ennius
1479 1817 1532 1852 ait
1547 1817 1727 1861 «isque...
1741 1817 1869 1854 alto»)

427 1871 460 1904 Π
480 1873 576 1917 (379)
613 1871 796 1906 Macrobii
816 1881 891 1906 exc.
913 1870 1003 1905 Bob.
1019 1870 1060 1905 G.
1075 1870 1114 1904 L.
1129 1870 1171 1904 K.
1193 1883 1216 1905 v
1234 1882 1269 1915 p.
1292 1874 1370 1912 651,
1387 1873 1431 1905 35
1454 1871 1600 1905 ‘eructo
1621 1870 1735 1905 etiam
1755 1881 1778 1905 a
1797 1881 1869 1915 quo

309 1923 509 1969 principali
538 1924 665 1959 veniat
693 1924 885 1969 quaeritur
911 1925 948 1958 et
974 1925 1031 1959 est
1056 1935 1078 1958 a
1102 1923 1213 1958 verbo
1243 1923 1375 1969 erugit.
1402 1923 1545 1958 Ennius
1571 1924 1820 1969 «contempsit
1844 1923 1868 1958 f.

310 1983 443 2026 quibus
463 1975 627 2030 elreruyit
646 1983 713 2029 (sic
733 1984 827 2029 cod.)
842 1994 874 2018 a.
889 1983 994 2019 vis».'
1015 1983 1192 2018 Eiusdem
1213 1993 1287 2018 exc.
1303 1982 1418 2018 Paris.
1434 1982 1524 2017 ibid.
1539 1995 1574 2028 p.
1591 1986 1671 2027 626,
1686 1987 1728 2017 21
1748 1983 1869 2018 ‘eruc-

309 2037 366 2070 tat
385 2036 699 2081 frequentativum
719 2039 775 2072 est
795 2048 817 2072 a
835 2037 1038 2082 principali
1057 2038 1175 2083 eruyz't
1194 2048 1311 2081 aquae
1330 2036 1435 2072 vis».'
1462 2036 1638 2071 Defectus
1665 2047 1709 2071 ex
1729 2036 1870 2081 duplici

312 2089 473 2134 ‘erugit’
502 2092 621 2135 ortus,
647 2091 712 2135 qui
742 2102 818 2125 non
849 2090 949 2135 fugit
974 2090 1145 2133 editores,
1172 2101 1217 2124 ex
1242 2090 1360 2124 altero
1384 2089 1466 2124 loco
1492 2089 1687 2134 suppletur
1714 2089 1867 2135 ‘ex-ugit.

311 2142 466 2187 [Ennius
478 2144 724 2189 «contempsit
737 2144 761 2178 f.
774 2143 909 2188 quibus
924 2143 1108 2190 exerugit]
1121 2154 1241 2188 aquae
1251 2143 1357 2179 vis».’
1430 2142 1482 2177 Cf.
1498 2143 1635 2177 Paulus
1649 2143 1751 2177 Festi
1763 2155 1799 2187 p.
1813 2146 1867 2185 58,

311 2198 355 2229 30
375 2195 440 2230 Th.
464 2197 636 2243 ‘erugere
657 2197 770 2232 semel
789 2197 932 2232 factum
951 2197 1149 2243 significat,
1169 2197 1269 2241 quod
1292 2198 1460 2232 eructare
1480 2196 1638 2241 saepius.
1654 2195 1750 2230 illud
1769 2196 1869 2230 enim

309 2248 496 2292 perfectae
515 2250 656 2285 formae
677 2252 745 2294 est,
764 2251 834 2285 hoe
854 2250 1180 2294 frequentativae.'

430 2387 512 2424 377
533 2387 705 2425 fuvimus
724 2386 945 2426 Lambinus
1095 2387 1179 2425 379
1201 2386 1343 2435 quibus
1364 2398 1409 2423 ex
1429 2387 1560 2437 erugit
1575 2386 1728 2424 Keilius
1748 2380 1871 2438 (velut

308 2443 516 2482 Lucretius
529 2458 570 2483 v1
587 2443 667 2493 788
682 2447 798 2484 terris
818 2459 864 2484 ex
884 2447 1018 2484 omnia
1036 2447 1214 2497 surgunt,
1230 2446 1356 2485 Varro
1369 2443 1480 2483 Atac.
1495 2447 1537 2483 in
1558 2445 1655 2493 expl.
1666 2446 1710 2483 in
1722 2444 1866 2483 Donat.

313 2503 487 2542 &LK
507 2516 549 2542 1v
562 2517 603 2552 p.
627 2503 722 2554 564,
743 2514 789 2553 17
812 2506 903 2544 huic
941 2506 1081 2544 similis
1113 2505 1216 2543 euris
1242 2518 1288 2543 ex
1312 2504 1468 2554 perdita
1493 2498 1777 2556 lamentatur)‚·
1802 2515 1867 2551 eqo

310 2557 423 2615 (quia
443 2575 562 2613 erugo
583 2566 715 2602 eructo
736 2567 903 2603 activam
920 2567 999 2604 vim
1017 2559 1147 2617 habet)
1160 2565 1351 2613 proposui
1369 2564 1460 2602 olim
1480 2562 1613 2612 quibu'
1634 2574 1716 2601 sese
1736 2563 1867 2612 erugit

426 2622 606 2660 Iustinus
625 2635 722 2660 xxx1
745 2632 781 2671 5,
798 2632 819 2671 7
841 2625 942 2672 quod
966 2623 1189 2662 Hannibali
1208 2635 1294 2662 cum
1312 2620 1498 2661 Antiocho
1518 2623 1565 2660 cle
1590 2622 1677 2660 belli
1695 2622 1866 2659 Romani

308 2682 525 2719 rationibus
549 2683 676 2730 agenti
702 2683 794 2720 haec
818 2684 935 2721 verba
960 2684 1093 2720 tribuit
1116 2684 1177 2721 sin
1197 2684 1283 2732 quis
1307 2683 1388 2720 illis
1407 2682 1527 2720 Italia
1544 2681 1654 2719 velut
1679 2680 1788 2718 fonte
1807 2681 1865 2718 vi-

306 2740 410 2778 rium
436 2742 604 2790 cesserit,
628 2741 792 2790 proinde
818 2741 905 2779 falli
925 2755 970 2780 ac
989 2742 1022 2780 si
1043 2743 1129 2791 quis
1156 2754 1288 2779 amnes
1307 2754 1386 2779 non
1412 2740 1460 2778 ab
1480 2741 1577 2790 ipsis
1595 2740 1765 2777 fontium
1785 2740 1863 2788 pri—

307 2799 469 2838 mordiis
492 2800 668 2838 derivare
693 2800 760 2837 sed
787 2803 976 2839 concretis
1001 2802 1082 2838 iam
1108 2814 1300 2850 aquarum
1325 2799 1492 2838 molibus
1519 2800 1694 2837 avertere
1716 2799 1779 2836 vel
1801 2811 1863 2836 ex-

308 2860 452 2897 siccare
477 2860 587 2905 velit,
612 2860 702 2897 inde
726 2859 849 2897 locum
874 2862 909 2897 et
932 2862 1158 2898 sententiam
1182 2872 1316 2898 versus
1331 2860 1512 2898 Enniani
1537 2860 1708 2906 cognosci
1723 2859 1865 2905 putavi

308 2911 495 2969 (prooem.
517 2915 707 2971 1892s93
728 2931 770 2966 p.
792 2927 838 2954 12
861 2914 959 2971 sqq.)
