2020 3334
827 222 874 256 M.
897 221 1066 257 CICERO
1651 224 1730 260 XLI

171 335 367 379 moventis,
397 336 441 372 ut
470 335 512 372 tu
540 333 753 381 naufrayio
784 335 965 382 expulsus
995 336 1151 383 uspiam
1183 331 1304 374 ‘saxis
1334 337 1437 383 fixus
1465 338 1614 385 asperis
1639 339 1733 376 evis-

173 396 324 433 ceratus
347 394 465 431 latere
482 389 701 440 penderes',
730 395 774 430 ut
798 394 854 431 ait
877 394 953 438 ille,
986 390 1094 432 ‘saxo
1117 406 1304 444 spargens
1329 396 1415 433 tabo
1439 398 1549 434 sanie
1580 399 1614 435 ct
1642 409 1733 435 san-

171 454 290 502 quine
327 448 438 491 atro’.
481 451 574 489 Non
609 452 751 499 ferrem
788 453 943 490 omnino
980 453 1130 491 moleste
1166 455 1201 491 si
1237 455 1293 492 ita
1330 455 1549 502 accidisset‚·
1590 456 1656 494 sed
1691 456 1733 494 id

172 515 300 551 tamen
331 514 424 550 esset
453 511 679 549 humanum.
710 509 874 548 Poterat
903 511 1000 550 haec
1031 512 1111 549 51115
1142 512 1271 551 verbis
1303 514 1529 562 exprimere,
1560 514 1628 552 sed
1654 528 1730 564 quo

170 571 426 620 ponderosius
470 571 571 608 esset
613 568 755 607 maluit
796 569 1033 618 Thyesteam
1077 571 1182 619 apud
1218 571 1390 609 Ennium
1427 575 1731 612 exsecrationem

172 626 279 682 [xw]
308 629 350 667 in
381 629 563 668 Pisonem
601 629 809 679 coniicere,
847 641 892 666 eo
929 629 1045 667 modo
1086 642 1162 678 quo
1201 630 1300 668 solet
1337 632 1382 668 ut
1412 634 1604 680 quantum
1636 634 1731 671 satis

174 691 277 728 esset
301 689 543 739 intelligenti
568 699 659 725 suae
686 687 856 726 orationi
881 687 1070 726 misceret.
1104 689 1365 739 Tragoediam
1391 692 1525 739 crepat
1551 692 1670 729 etiam
1692 692 1734 728 in

172 748 348 787 oratione
379 761 450 797 pro
481 747 623 785 Roscio
655 746 842 785 Amerino
875 742 928 799 (a.
952 741 1056 799 674)
1089 747 1156 785 sed
1188 750 1283 786 satis
1316 748 1524 788 artificiose
1557 762 1644 787 cum
1675 752 1731 788 ita

172 808 269 846 dicit
300 801 388 860 (32,
409 801 484 859 89)
516 818 649 844 verum
681 818 745 855 eqo
776 808 944 854 forsitan
973 809 1134 854 propter
1163 808 1448 846 multitudinem
1477 811 1734 856 patronorum

171 869 215 905 in
248 878 360 916 yreye
397 866 647 910 adnumerer,
686 868 720 904 te
749 878 889 914 puyna
929 865 1145 904 Cannensis
1188 869 1455 905 accusatorum
1490 871 1552 906 sat
1594 869 1735 906 bonum

171 927 270 974 fecit.
302 926 450 964 Multos
482 936 610 963 caesos
639 936 719 963 non
750 925 802 963 ad
830 926 1142 963 Trasumennum
1172 925 1311 970 lacum,
1348 926 1415 964 sed
1446 927 1498 965 ad
1527 926 1735 965 Servilium

171 986 351 1024 vidimus.
391 981 503 1032 ‘Quis
533 985 589 1022 ibi
618 995 698 1022 non
729 987 782 1022 est
817 985 1042 1023 vulneratus
1079 986 1183 1032 ferro
1213 985 1381 1034 Pliryyio
1390 981 1423 1022 ,θ’
1461 986 1553 1024 Non
1588 998 1735 1025 necesse

172 1047 226 1083 est
255 1056 383 1083 omnes
414 1054 709 1083 commemorare
742 1042 895 1082 Curtios
921 1045 1077 1082 Marios
1102 1044 1264 1092 denique
1288 1045 1506 1089 Memmios,
1537 1057 1630 1093 quos
1654 1047 1735 1084 iam

173 1106 281 1142 aetas
312 1116 338 1142 a
361 1103 525 1151 proeliis
556 1103 752 1148 avocabat,
782 1105 1022 1151 postremum
1052 1103 1258 1141 Priamum
1288 1105 1429 1151 ipsum,
1464 1116 1592 1143 senem
1622 1103 1735 1143 Anti-

170 1165 306 1207 stium,
343 1175 454 1211 quem
488 1174 568 1200 non
604 1163 715 1201 modo
753 1165 859 1200 aetas
895 1163 962 1201 sed
995 1164 1110 1201 etiam
1141 1164 1238 1211 teyes
1262 1175 1444 1211 pugnare
1467 1164 1734 1211 prohibebant.

172 1222 290 1260 Ennii
322 1222 498 1259 fabulam
529 1233 628 1271 esse,
667 1234 713 1260 ex
751 1234 830 1271 qua
867 1234 1001 1261 versus
1038 1223 1132 1270 iste,
1171 1221 1384 1260 scholiasta
1416 1218 1735 1275 Gronovianusss)

172 1282 284 1320 testis
317 1283 387 1329 est,
419 1282 501 1319 sive
533 1293 579 1318 ea
604 1280 778 1319 Achilles
811 1283 895 1319 erat
926 1282 1009 1320 sive
1035 1281 1141 1330 quod
1165 1281 1264 1318 mihi
1288 1281 1530 1330 probabatur
1554 1282 1734 1320 Hectoris

171 1341 277 1390 lytra
307 1337 379 1392 [v].
423 1340 681 1378 Admirabilis
720 1342 779 1378 est
817 1342 950 1378 autem
987 1341 1083 1379 haec
1119 1340 1382 1378 transferendi
1413 1341 1619 1379 urbanitas
1658 1354 1735 1390 qua

171 1413 250 1438 non
281 1400 400 1438 semel
433 1398 567 1437 Cicero
598 1400 672 1438 hoc
703 1400 788 1438 loco
821 1401 963 1448 utitur,
995 1401 1035 1438 et
1064 1399 1164 1437 illud
1188 1401 1481 1448 pervenustum,
1514 1400 1621 1449 quod
1646 1412 1734 1438 cum

172 1459 278 1497 dicat
308 1459 456 1496 multos
488 1470 619 1496 caesos
653 1471 752 1507 esse,
790 1460 907 1508 quasi
937 1458 1133 1510 κορωνίδα
1163 1459 1266 1496 1111110
1297 1471 1452 1497 versum
1491 1459 1622 1507 addit,
1655 1472 1733 1508 quo

171 1517 385 1556 multitudo
417 1529 619 1556 caesorum
650 1519 734 1556 tam
765 1518 945 1567 apposite
977 1517 1224 1567 exprimitur:
1257 1517 1326 1567 qui
1359 1530 1449 1555 cum
1482 1531 1613 1555 rerum
1640 1518 1734 1556 Tro-

171 1578 355 1614 ianarum
385 1576 617 1614 memoriam
654 1577 822 1625 afferret,
852 1578 895 1614 in
926 1576 1113 1626 proximis
1144 1577 1350 1615 Priamum
1379 1578 1509 1625 ipsum
1538 1578 1643 1615 inter
1673 1590 1734 1615 oc-

173 1637 272 1675 cisos
309 1637 498 1674 nominat.
541 1635 598 1674 Ut
629 1638 820 1686 appareat
852 1638 1048 1685 quantum
1080 1635 1213 1674 Cicero
1245 1636 1294 1674 ab
1327 1636 1556 1674 auditorum
1586 1637 1732 1674 intelli-

173 1695 307 1746 gentia
350 1695 603 1745 exspectaret.
648 1695 738 1733 Non
781 1695 964 1733 morabor
1006 1695 1048 1732 in
1090 1696 1141 1733 iis
1185 1708 1285 1744 quae
1330 1696 1456 1734 oratio
1500 1708 1572 1744 pro
1609 1695 1734 1733 Balbo

172 1749 226 1807 (a.
255 1749 359 1806 698)
397 1755 543 1793 similia
579 1754 700 1793 habet
737 1748 832 1806 (22,
859 1749 934 1807 51)
972 1756 1124 1793 utinam
1161 1756 1228 1802 qui
1264 1755 1404 1803 ubique
1440 1758 1531 1792 sunt
1562 1766 1735 1803 propuy-

171 1816 324 1852 natores
354 1815 470 1852 huius
495 1815 650 1862 imperii
673 1817 832 1862 possent
861 1816 904 1852 in
934 1815 1034 1852 lianc
1065 1815 1255 1852 civitatem
1285 1815 1414 1852 venire
1446 1817 1479 1852 et
1509 1817 1641 1852 contra
1669 1825 1734 1861 op-

164 1876 403 1922 puynatores
433 1874 491 1911 rei
514 1874 696 1920 publicae
727 1874 773 1911 de
803 1875 954 1912 civitate
980 1875 1238 1911 exterminari.
1270 1885 1389 1921 neque
1418 1874 1518 1911 enim
1542 1874 1607 1911 ilie
1631 1885 1734 1911 sum-

171 1944 258 1970 mus
286 1935 404 1980 poeta
438 1935 566 1971 noster
596 1933 838 1971 Hannibalis
868 1933 979 1971 illam
1009 1934 1134 1981 mayis
1165 1933 1458 1970 cohortationem
1489 1945 1605 1980 quam
1637 1943 1734 1970 eom-

172 2004 327 2030 munem
368 1993 660 2039 imperatoriam
702 1993 824 2030 voluit
863 2003 960 2030 esse:
1003 1988 1159 2030 ‘hostem
1202 1993 1269 2039 qui
1310 1993 1437 2039 feriet,
1481 1987 1566 2029 erit'
1610 1993 1735 2039 inquit

175 2047 285 2089 ‘mihi
319 2050 662 2100 Carthayiniensis,
693 2053 867 2099 quisquis
899 2053 981 2095 erit,
1012 2052 1152 2090 cuiatis
1182 2047 1287 2088 siet’:
1316 2052 1372 2088 ita
1402 2051 1542 2088 habent
1564 2051 1632 2088 hoc
1656 2051 1735 2088 leue

173 2113 207 2148 et
241 2122 390 2158 semper
426 2111 653 2148 habuerunt.
697 2110 787 2148 Non
829 2111 957 2148 exstat
994 2109 1096 2148 alius
1135 2110 1319 2147 versiculi
1362 2110 1516 2157 auctor,
1561 2109 1627 2147 sed
1669 2109 1734 2147 ille

171 2181 346 2207 summus
382 2172 499 2217 poeta
541 2171 668 2207 noster
711 2168 874 2206 dubium
916 2181 994 2206 non
1033 2171 1092 2206 est
1135 2168 1230 2217 quin
1273 2168 1424 2206 Ennius
1468 2170 1646 2215 vocetur,
1695 2170 1734 2205 et

174 2240 308 2266 versus
345 2229 447 2277 ipse,
487 2240 604 2276 quem
636 2226 771 2265 Cicero
808 2240 888 2266 non
924 2228 1096 2277 perfecte
1133 2227 1290 2275 attulit,
1328 2228 1414 2264 iure
1450 2228 1493 2265 in
1531 2227 1734 2264 annalium

176 2288 314 2325 octavo
355 2285 432 2336 [tx]
472 2287 634 2336 positus.
696 2285 877 2335 Apparet
919 2288 1051 2324 autem
1089 2298 1209 2335 quam
1247 2285 1479 2335 tempestive
1519 2298 1733 2336 numquam

173 2346 355 2384 deficiens
392 2345 610 2384 recordatio
644 2345 764 2383 Ennii
802 2347 951 2383 oratori
986 2345 1060 2383 hoc
1096 2345 1182 2383 loco
1220 2346 1260 2383 et
1296 2345 1370 2383 hac
1405 2346 1600 2384 sententia
1629 2345 1733 2382 hunc

173 2417 332 2444 versum
357 2404 633 2455 suppeditarit.
666 2405 846 2454 Denique
871 2406 918 2442 ut
943 2404 1125 2443 omittam
1151 2404 1240 2452 alia,
1273 2404 1319 2441 de
1347 2404 1526 2442 Sestiana
1553 2399 1604 2454 (a.
1628 2399 1731 2456 698)

174 2465 301 2503 dicam
337 2464 527 2512 breviter,
565 2465 606 2502 in
645 2476 724 2513 qua
760 2463 1013 2502 memorabile
1054 2465 1113 2502 est
1145 2463 1370 2502 Ciceronem
1401 2464 1443 2501 in
1475 2463 1732 2512 descriptione

173 2523 356 2562 ludorum
376 2536 409 2561 a.
431 2538 467 2561 u.
490 2524 587 2571 697,
618 2523 686 2561 ubi
710 2523 837 2561 multa
865 2523 907 2560 in
933 2524 1017 2561 eius
1041 2523 1228 2562 honorem
1254 2525 1342 2561 acta
1368 2524 1492 2570 erant,
1519 2518 1607 2575 (57,
1630 2516 1731 2573 121)

173 2584 331 2632 praeter
368 2584 496 2621 cetera
534 2582 678 2621 cantici
709 2582 933 2630 cuiusdam,
971 2582 1076 2632 quod
1107 2582 1227 2620 Ennii
1262 2594 1343 2620 esse
1378 2581 1424 2619 de
1456 2581 1732 2619 Andromacha

175 2638 237 2693 [v]
275 2642 402 2691 ipsius
439 2641 625 2680 beneficio
664 2641 761 2679 alibi
797 2641 950 2691 plenius
987 2642 1184 2680 afferentis
1217 2643 1461 2690 compertum
1498 2642 1572 2688 est,
1612 2639 1731 2688 speci—

174 2700 290 2739 minis
322 2701 407 2739 loco
445 2703 574 2750 prima
611 2702 730 2739 verba
762 2697 856 2751 [92]
893 2700 924 2739 O
948 2703 1064 2748 pater
1095 2702 1135 2738 et
1166 2701 1379 2750 separatim
1412 2696 1506 2751 [97]
1539 2700 1629 2737 haee
1654 2709 1730 2735 om-

173 2761 243 2798 nia
279 2760 360 2798 vidi
396 2761 639 2807 inflammari
677 2773 720 2797 eo
760 2760 921 2798 consilio
954 2760 1108 2808 afferre,
1145 2761 1190 2797 ut
1228 2772 1384 2797 carmen
1421 2758 1586 2808 lugubre
1625 2756 1729 2805 quod

292 2860 323 2904 ¹⁸)
349 2860 525 2895 Eiusdem
557 2860 780 2895 scholiastae
817 2860 1074 2895 testimonium
1111 2860 1238 2894 docuit
1270 2859 1369 2903 quod
1401 2858 1526 2892 Cicero
1557 2855 1595 2890 in
1627 2855 1728 2890 Verr.

176 2908 245 2941 act.
273 2921 299 2941 11
325 2907 389 2943 lib.
411 2921 423 2941 1
445 2911 558 2950 18,4c
586 2908 681 2942 dixit
706 2908 760 2942 ita
785 2908 911 2952 mayni
934 2909 1065 2952 fluetus
1089 2907 1311 2942 eieiebantur
1338 2905 1562 2939 ‘Ennianum
1594 2902 1729 2937 hemis-

175 2954 331 2989 tichium
357 2966 437 2989 esse
463 2966 507 2989 ex
533 2966 577 2990 ea
602 2955 797 3000 tragoedia
823 2965 919 2999 quae
945 2954 1107 2989 Achilles
1135 2955 1202 3000 [1x]
1229 2952 1467 2987 inscribitur'
1611 2963 1613 2965 ’

1729 3036 1734 3062 1
