<?xml version="1.0" encoding="UTF-8"?>
<!DOCTYPE html PUBLIC "-//W3C//DTD XHTML 1.0 Transitional//EN"
    "http://www.w3.org/TR/xhtml1/DTD/xhtml1-transitional.dtd">
<html xmlns="http://www.w3.org/1999/xhtml" xml:lang="en" lang="en">
 <head>
  <title>
</title>
<meta http-equiv="Content-Type" content="text/html;charset=utf-8" />
  <meta name='ocr-system' content='tesseract 3.04.00' />
  <meta name='ocr-capabilities' content='ocr_page ocr_carea ocr_par ocr_line ocrx_word'/>
</head>
<body>
  <div class='ocr_page' id='page_1' title='image "./ennianaepoesisre00enniuoft/ennianaepoesisre00enniuoft_0321.png"; bbox 0 0 2054 3282; ppageno 0'>
   <div class='ocr_carea' id='block_1_1' title="bbox 707 164 1731 205">
    <p class='ocr_par' dir='ltr' id='par_1_1' title="bbox 707 164 1731 205">
     <span class='ocr_line' id='line_1_1' title="bbox 707 164 1731 205; baseline 0.006 -6"><span class='ocrx_word' id='word_1_1' title='bbox 707 164 966 199; x_wconf 89' lang='lat' dir='ltr'>ANNALIUM</span> <span class='ocrx_word' id='word_1_2' title='bbox 992 165 1079 199; x_wconf 88' lang='lat' dir='ltr'>LIB.</span> <span class='ocrx_word' id='word_1_3' title='bbox 1100 164 1192 200; x_wconf 85' lang='lat' dir='ltr'>INC.</span> <span class='ocrx_word' id='word_1_4' title='bbox 1675 164 1731 205; x_wconf 84' lang='lat'>93</span> 
     </span>
    </p>
   </div>
   <div class='ocr_carea' id='block_1_2' title="bbox 167 283 1432 1074">
    <p class='ocr_par' dir='ltr' id='par_1_2' title="bbox 902 283 1000 318">
     <span class='ocr_line' id='line_1_2' title="bbox 902 283 1000 318; baseline 0.01 -1"><span class='ocrx_word' id='word_1_5' title='bbox 902 283 1000 318; x_wconf 90' lang='lat' dir='ltr'>XLV</span> 
     </span>
    </p>

    <p class='ocr_par' dir='ltr' id='par_1_3' title="bbox 171 342 1107 482">
     <span class='ocr_line' id='line_1_3' title="bbox 171 342 1107 398; baseline -0.001 -13"><span class='ocrx_word' id='word_1_6' title='bbox 171 342 257 385; x_wconf 86' lang='lat'>509</span> <span class='ocrx_word' id='word_1_7' title='bbox 763 357 889 398; x_wconf 85' lang='lat' dir='ltr'>sagus</span> <span class='ocrx_word' id='word_1_8' title='bbox 916 343 1107 384; x_wconf 89' lang='lat' dir='ltr'>caerulus</span> 
     </span>
     <span class='ocr_line' id='line_1_4' title="bbox 891 446 1008 482; baseline 0.017 -2"><span class='ocrx_word' id='word_1_9' title='bbox 891 446 1008 482; x_wconf 89' lang='lat' dir='ltr'>XLVI</span> 
     </span>
    </p>

    <p class='ocr_par' dir='ltr' id='par_1_4' title="bbox 169 507 1305 647">
     <span class='ocr_line' id='line_1_5' title="bbox 169 507 1305 563; baseline 0 -14"><span class='ocrx_word' id='word_1_10' title='bbox 169 507 258 550; x_wconf 87' lang='lat'>510</span> <span class='ocrx_word' id='word_1_11' title='bbox 757 508 892 562; x_wconf 81' lang='lat' dir='ltr'>spiras</span> <span class='ocrx_word' id='word_1_12' title='bbox 918 508 1161 563; x_wconf 83' lang='lat' dir='ltr'>legionibus</span> <span class='ocrx_word' id='word_1_13' title='bbox 1186 508 1305 550; x_wconf 87' lang='lat' dir='ltr'>nexit</span> 
     </span>
     <span class='ocr_line' id='line_1_6' title="bbox 879 611 1013 647; baseline 0 -1"><span class='ocrx_word' id='word_1_14' title='bbox 879 611 1013 647; x_wconf 90' lang='lat' dir='ltr'><strong>XLVII</strong></span> 
     </span>
    </p>

    <p class='ocr_par' dir='ltr' id='par_1_5' title="bbox 169 673 1289 819">
     <span class='ocr_line' id='line_1_7' title="bbox 169 673 1289 716; baseline 0 -1"><span class='ocrx_word' id='word_1_15' title='bbox 169 673 251 715; x_wconf 86' lang='lat'>511</span> <span class='ocrx_word' id='word_1_16' title='bbox 752 675 926 715; x_wconf 84' lang='lat' dir='ltr'>vertunt</span> <span class='ocrx_word' id='word_1_17' title='bbox 951 675 1135 715; x_wconf 75' lang='lat' dir='ltr'>crateras</span> <span class='ocrx_word' id='word_1_18' title='bbox 1162 688 1289 716; x_wconf 90' lang='lat' dir='ltr'>aenos</span> 
     </span>
     <span class='ocr_line' id='line_1_8' title="bbox 872 783 1023 819; baseline -0.007 -1"><span class='ocrx_word' id='word_1_19' title='bbox 872 783 1023 819; x_wconf 90' lang='lat' dir='ltr'>XLVIII</span> 
     </span>
    </p>

    <p class='ocr_par' dir='ltr' id='par_1_6' title="bbox 167 844 1356 990">
     <span class='ocr_line' id='line_1_9' title="bbox 167 844 1356 888; baseline -0.001 0"><span class='ocrx_word' id='word_1_20' title='bbox 167 845 254 888; x_wconf 79' lang='lat'>512</span> <span class='ocrx_word' id='word_1_21' title='bbox 682 845 807 887; x_wconf 86' lang='lat' dir='ltr'>dietis</span> <span class='ocrx_word' id='word_1_22' title='bbox 838 844 1045 887; x_wconf 87' lang='lat' dir='ltr'>Romanis</span> <span class='ocrx_word' id='word_1_23' title='bbox 1072 845 1225 887; x_wconf 74' lang='lat' dir='ltr'>incutit</span> <span class='ocrx_word' id='word_1_24' title='bbox 1249 846 1356 888; x_wconf 85' lang='lat' dir='ltr'>iram</span> 
     </span>
     <span class='ocr_line' id='line_1_10' title="bbox 890 955 1005 990; baseline 0 0"><span class='ocrx_word' id='word_1_25' title='bbox 890 955 1005 990; x_wconf 89' lang='lat' dir='ltr'>XLIX</span> 
     </span>
    </p>

    <p class='ocr_par' dir='ltr' id='par_1_7' title="bbox 167 1017 1432 1074">
     <span class='ocr_line' id='line_1_11' title="bbox 167 1017 1432 1074; baseline 0 -14"><span class='ocrx_word' id='word_1_26' title='bbox 167 1017 254 1060; x_wconf 88' lang='grc'>513</span> <span class='ocrx_word' id='word_1_27' title='bbox 754 1058 764 1066; x_wconf 78' lang='lat'>‚</span> <span class='ocrx_word' id='word_1_28' title='bbox 824 1017 984 1059; x_wconf 86' lang='lat' dir='ltr'>irarum</span> <span class='ocrx_word' id='word_1_29' title='bbox 1009 1017 1176 1059; x_wconf 82' lang='lat' dir='ltr'>effunde</span> <span class='ocrx_word' id='word_1_30' title='bbox 1203 1018 1432 1074; x_wconf 83' lang='lat' dir='ltr'>quadrigas</span> 
     </span>
    </p>
   </div>
   <div class='ocr_carea' id='block_1_3' title="bbox 165 1168 1732 2164">
    <p class='ocr_par' dir='ltr' id='par_1_8' title="bbox 166 1168 1732 1374">
     <span class='ocr_line' id='line_1_12' title="bbox 284 1168 1731 1215; baseline 0.001 -11"><span class='ocrx_word' id='word_1_31' title='bbox 284 1168 382 1204; x_wconf 89' lang='lat' dir='ltr'>XLV</span> <span class='ocrx_word' id='word_1_32' title='bbox 402 1171 498 1215; x_wconf 93' lang='lat'>(509)</span> <span class='ocrx_word' id='word_1_33' title='bbox 536 1168 725 1204; x_wconf 83' lang='lat' dir='ltr'>Charisius</span> <span class='ocrx_word' id='word_1_34' title='bbox 744 1182 758 1204; x_wconf 92' lang='lat'>1</span> <span class='ocrx_word' id='word_1_35' title='bbox 776 1181 812 1214; x_wconf 90' lang='lat' dir='ltr'>p.</span> <span class='ocrx_word' id='word_1_36' title='bbox 829 1172 907 1213; x_wconf 89' lang='lat'>105,</span> <span class='ocrx_word' id='word_1_37' title='bbox 924 1172 967 1203; x_wconf 88' lang='lat'>18</span> <span class='ocrx_word' id='word_1_38' title='bbox 981 1169 1024 1204; x_wconf 88' lang='lat' dir='ltr'>K.</span> <span class='ocrx_word' id='word_1_39' title='bbox 1042 1169 1155 1214; x_wconf 80' lang='lat' dir='ltr'>‘saga</span> <span class='ocrx_word' id='word_1_40' title='bbox 1180 1171 1312 1204; x_wconf 86' lang='lat' dir='ltr'>neutro</span> <span class='ocrx_word' id='word_1_41' title='bbox 1338 1180 1473 1215; x_wconf 84' lang='lat' dir='ltr'>genere</span> <span class='ocrx_word' id='word_1_42' title='bbox 1497 1171 1644 1206; x_wconf 88' lang='lat' dir='ltr'>dicitur.</span> <span class='ocrx_word' id='word_1_43' title='bbox 1667 1171 1731 1206; x_wconf 89' lang='lat' dir='ltr'>sed</span> 
     </span>
     <span class='ocr_line' id='line_1_13' title="bbox 166 1222 1732 1269; baseline 0.001 -12"><span class='ocrx_word' id='word_1_44' title='bbox 166 1222 342 1258; x_wconf 87' lang='lat' dir='ltr'>Afranius</span> <span class='ocrx_word' id='word_1_45' title='bbox 362 1223 401 1257; x_wconf 90' lang='lat' dir='ltr'>in</span> <span class='ocrx_word' id='word_1_46' title='bbox 422 1222 611 1258; x_wconf 86' lang='lat' dir='ltr'>deditione</span> <span class='ocrx_word' id='word_1_47' title='bbox 631 1222 835 1258; x_wconf 83' lang='lat' dir='ltr'>masculine</span> <span class='ocrx_word' id='word_1_48' title='bbox 859 1222 955 1257; x_wconf 88' lang='lat' dir='ltr'>dixit</span> <span class='ocrx_word' id='word_1_49' title='bbox 974 1222 1087 1268; x_wconf 84' lang='lat' dir='ltr'>«quia</span> <span class='ocrx_word' id='word_1_50' title='bbox 1107 1223 1284 1268; x_wconf 85' lang='lat' dir='ltr'>quadrati</span> <span class='ocrx_word' id='word_1_51' title='bbox 1302 1225 1388 1258; x_wconf 88' lang='lat' dir='ltr'>sunt</span> <span class='ocrx_word' id='word_1_52' title='bbox 1408 1223 1512 1269; x_wconf 86' lang='lat' dir='ltr'>sagi»</span> <span class='ocrx_word' id='word_1_53' title='bbox 1533 1226 1572 1259; x_wconf 84' lang='lat' dir='ltr'>et</span> <span class='ocrx_word' id='word_1_54' title='bbox 1590 1223 1732 1259; x_wconf 87' lang='lat' dir='ltr'>Ennius</span> 
     </span>
     <span class='ocr_line' id='line_1_14' title="bbox 167 1275 1732 1322; baseline -0.001 -9"><span class='ocrx_word' id='word_1_55' title='bbox 167 1287 303 1322; x_wconf 85' lang='lat' dir='ltr'>«sagus</span> <span class='ocrx_word' id='word_1_56' title='bbox 318 1276 514 1312; x_wconf 83' lang='lat' dir='ltr'>cerulus».&#39;</span> <span class='ocrx_word' id='word_1_57' title='bbox 531 1275 583 1310; x_wconf 83' lang='lat' dir='ltr'>Cf.</span> <span class='ocrx_word' id='word_1_58' title='bbox 595 1276 666 1311; x_wconf 89' lang='lat' dir='ltr'>inc.</span> <span class='ocrx_word' id='word_1_59' title='bbox 681 1276 726 1310; x_wconf 89' lang='lat' dir='ltr'>de</span> <span class='ocrx_word' id='word_1_60' title='bbox 740 1276 827 1310; x_wconf 88' lang='lat' dir='ltr'>dub.</span> <span class='ocrx_word' id='word_1_61' title='bbox 840 1286 936 1310; x_wconf 91' lang='lat' dir='ltr'>nom.</span> <span class='ocrx_word' id='word_1_62' title='bbox 950 1275 990 1310; x_wconf 78' lang='lat' dir='ltr'>G.</span> <span class='ocrx_word' id='word_1_63' title='bbox 1004 1276 1042 1309; x_wconf 90' lang='lat' dir='ltr'>L.</span> <span class='ocrx_word' id='word_1_64' title='bbox 1054 1276 1096 1310; x_wconf 89' lang='lat' dir='ltr'>K.</span> <span class='ocrx_word' id='word_1_65' title='bbox 1109 1289 1132 1311; x_wconf 89' lang='lat' dir='ltr'>v</span> <span class='ocrx_word' id='word_1_66' title='bbox 1144 1288 1180 1321; x_wconf 87' lang='lat' dir='ltr'>p.</span> <span class='ocrx_word' id='word_1_67' title='bbox 1194 1280 1274 1320; x_wconf 86' lang='lat'>591,</span> <span class='ocrx_word' id='word_1_68' title='bbox 1287 1280 1306 1311; x_wconf 89' lang='lat'>9</span> <span class='ocrx_word' id='word_1_69' title='bbox 1325 1277 1335 1293; x_wconf 81' lang='lat'><em>‘</em></span> <span class='ocrx_word' id='word_1_70' title='bbox 1346 1287 1457 1322; x_wconf 84' lang='lat' dir='ltr'>sagus</span> <span class='ocrx_word' id='word_1_71' title='bbox 1472 1277 1619 1322; x_wconf 88' lang='lat' dir='ltr'>generis</span> <span class='ocrx_word' id='word_1_72' title='bbox 1636 1287 1732 1312; x_wconf 88' lang='lat' dir='ltr'>mas-</span> 
     </span>
     <span class='ocr_line' id='line_1_15' title="bbox 167 1329 1142 1374; baseline -0.001 -10"><span class='ocrx_word' id='word_1_73' title='bbox 167 1329 294 1373; x_wconf 83' lang='lat' dir='ltr'>culini,</span> <span class='ocrx_word' id='word_1_74' title='bbox 314 1331 356 1364; x_wconf 89' lang='lat' dir='ltr'>ut</span> <span class='ocrx_word' id='word_1_75' title='bbox 375 1329 552 1364; x_wconf 87' lang='lat' dir='ltr'>Afranius</span> <span class='ocrx_word' id='word_1_76' title='bbox 573 1330 687 1374; x_wconf 88' lang='lat' dir='ltr'>«quia</span> <span class='ocrx_word' id='word_1_77' title='bbox 707 1329 882 1374; x_wconf 85' lang='lat' dir='ltr'>quadrati</span> <span class='ocrx_word' id='word_1_78' title='bbox 903 1330 990 1364; x_wconf 85' lang='lat' dir='ltr'>sunt</span> <span class='ocrx_word' id='word_1_79' title='bbox 1010 1329 1142 1374; x_wconf 81' lang='lat' dir='ltr'>sagi».’</span> 
     </span>
    </p>

    <p class='ocr_par' dir='ltr' id='par_1_9' title="bbox 166 1382 1732 1533">
     <span class='ocr_line' id='line_1_16' title="bbox 284 1382 1732 1428; baseline 0.001 -11"><span class='ocrx_word' id='word_1_80' title='bbox 284 1382 399 1417; x_wconf 88' lang='lat' dir='ltr'>XLVI</span> <span class='ocrx_word' id='word_1_81' title='bbox 419 1385 514 1428; x_wconf 88' lang='grc'>(510)</span> <span class='ocrx_word' id='word_1_82' title='bbox 552 1382 684 1417; x_wconf 85' lang='lat' dir='ltr'>Festus</span> <span class='ocrx_word' id='word_1_83' title='bbox 703 1394 738 1427; x_wconf 92' lang='lat' dir='ltr'>p.</span> <span class='ocrx_word' id='word_1_84' title='bbox 754 1386 834 1425; x_wconf 88' lang='grc'>490,</span> <span class='ocrx_word' id='word_1_85' title='bbox 848 1385 889 1416; x_wconf 85' lang='grc'>19</span> <span class='ocrx_word' id='word_1_86' title='bbox 905 1382 971 1416; x_wconf 87' lang='lat' dir='ltr'>Th.</span> <span class='ocrx_word' id='word_1_87' title='bbox 990 1382 1000 1399; x_wconf 87' lang='lat'><em>‘</em></span> <span class='ocrx_word' id='word_1_88' title='bbox 1011 1382 1111 1427; x_wconf 89' lang='lat' dir='ltr'>spira</span> <span class='ocrx_word' id='word_1_89' title='bbox 1125 1382 1263 1418; x_wconf 90' lang='lat' dir='ltr'>dicitur</span> <span class='ocrx_word' id='word_1_90' title='bbox 1278 1412 1283 1417; x_wconf 97' lang='lat'>.</span> <span class='ocrx_word' id='word_1_91' title='bbox 1301 1411 1307 1417; x_wconf 83' lang='lat'><strong>.</strong></span> <span class='ocrx_word' id='word_1_92' title='bbox 1325 1411 1331 1417; x_wconf 93' lang='lat'><strong>.</strong></span> <span class='ocrx_word' id='word_1_93' title='bbox 1346 1383 1487 1418; x_wconf 89' lang='lat' dir='ltr'>Ennius</span> <span class='ocrx_word' id='word_1_94' title='bbox 1502 1383 1653 1428; x_wconf 87' lang='lat' dir='ltr'>quidem</span> <span class='ocrx_word' id='word_1_95' title='bbox 1667 1384 1732 1418; x_wconf 80' lang='lat' dir='ltr'>ho-</span> 
     </span>
     <span class='ocr_line' id='line_1_17' title="bbox 166 1435 1732 1482; baseline 0.001 -12"><span class='ocrx_word' id='word_1_96' title='bbox 166 1436 308 1471; x_wconf 89' lang='lat' dir='ltr'>minum</span> <span class='ocrx_word' id='word_1_97' title='bbox 333 1436 614 1470; x_wconf 71' lang='lat' dir='ltr'>multitudinem</span> <span class='ocrx_word' id='word_1_98' title='bbox 640 1436 695 1470; x_wconf 87' lang='lat' dir='ltr'>ita</span> <span class='ocrx_word' id='word_1_99' title='bbox 721 1435 900 1480; x_wconf 81' lang='lat' dir='ltr'>appellat,</span> <span class='ocrx_word' id='word_1_100' title='bbox 922 1447 1005 1470; x_wconf 86' lang='lat' dir='ltr'>cum</span> <span class='ocrx_word' id='word_1_101' title='bbox 1029 1435 1084 1470; x_wconf 85' lang='lat' dir='ltr'>ait</span> <span class='ocrx_word' id='word_1_102' title='bbox 1104 1435 1247 1481; x_wconf 85' lang='lat' dir='ltr'>«spiras</span> <span class='ocrx_word' id='word_1_103' title='bbox 1267 1436 1290 1470; x_wconf 88' lang='lat' dir='ltr'>l.</span> <span class='ocrx_word' id='word_1_104' title='bbox 1311 1437 1432 1471; x_wconf 65' lang='lat' dir='ltr'>nei-{».&#39;</span> <span class='ocrx_word' id='word_1_105' title='bbox 1454 1436 1592 1471; x_wconf 89' lang='lat' dir='ltr'>Paulus</span> <span class='ocrx_word' id='word_1_106' title='bbox 1609 1436 1732 1482; x_wconf 76' lang='lat' dir='ltr'>‘spira</span> 
     </span>
     <span class='ocr_line' id='line_1_18' title="bbox 168 1488 1501 1533; baseline -0.001 -9"><span class='ocrx_word' id='word_1_107' title='bbox 168 1489 305 1524; x_wconf 89' lang='lat' dir='ltr'>dicitur</span> <span class='ocrx_word' id='word_1_108' title='bbox 320 1517 325 1523; x_wconf 88' lang='lat'>.</span> <span class='ocrx_word' id='word_1_109' title='bbox 343 1518 349 1523; x_wconf 85' lang='lat'>.</span> <span class='ocrx_word' id='word_1_110' title='bbox 367 1517 373 1523; x_wconf 83' lang='lat'><strong>.</strong></span> <span class='ocrx_word' id='word_1_111' title='bbox 389 1489 530 1523; x_wconf 88' lang='lat' dir='ltr'>Ennius</span> <span class='ocrx_word' id='word_1_112' title='bbox 550 1500 635 1523; x_wconf 89' lang='lat' dir='ltr'>vero</span> <span class='ocrx_word' id='word_1_113' title='bbox 654 1489 848 1523; x_wconf 87' lang='lat' dir='ltr'>hominum</span> <span class='ocrx_word' id='word_1_114' title='bbox 867 1488 1149 1523; x_wconf 87' lang='lat' dir='ltr'>multitudinem</span> <span class='ocrx_word' id='word_1_115' title='bbox 1169 1489 1309 1533; x_wconf 85' lang='lat' dir='ltr'>spiram</span> <span class='ocrx_word' id='word_1_116' title='bbox 1328 1489 1501 1523; x_wconf 88' lang='lat' dir='ltr'>vocavit.&#39;</span> 
     </span>
    </p>

    <p class='ocr_par' dir='ltr' id='par_1_10' title="bbox 166 1541 1732 1684">
     <span class='ocr_line' id='line_1_19' title="bbox 285 1541 1732 1588; baseline 0 -11"><span class='ocrx_word' id='word_1_117' title='bbox 285 1542 417 1577; x_wconf 88' lang='lat' dir='ltr'>XLVII</span> <span class='ocrx_word' id='word_1_118' title='bbox 436 1544 532 1588; x_wconf 91' lang='lat'>(511)</span> <span class='ocrx_word' id='word_1_119' title='bbox 577 1542 723 1576; x_wconf 85' lang='lat' dir='ltr'>Servius</span> <span class='ocrx_word' id='word_1_120' title='bbox 744 1542 783 1576; x_wconf 91' lang='lat' dir='ltr'>in</span> <span class='ocrx_word' id='word_1_121' title='bbox 799 1542 889 1576; x_wconf 91' lang='lat' dir='ltr'>Aen.</span> <span class='ocrx_word' id='word_1_122' title='bbox 904 1554 942 1576; x_wconf 80' lang='lat' dir='ltr'>1x</span> <span class='ocrx_word' id='word_1_123' title='bbox 964 1545 1030 1576; x_wconf 86' lang='lat'>163</span> <span class='ocrx_word' id='word_1_124' title='bbox 1054 1541 1236 1587; x_wconf 82' lang='lat' dir='ltr'>‘(fusique</span> <span class='ocrx_word' id='word_1_125' title='bbox 1262 1553 1329 1587; x_wconf 90' lang='lat' dir='ltr'>per</span> <span class='ocrx_word' id='word_1_126' title='bbox 1353 1542 1507 1577; x_wconf 87' lang='lat' dir='ltr'>herbam</span> <span class='ocrx_word' id='word_1_127' title='bbox 1533 1542 1732 1588; x_wconf 87' lang='lat' dir='ltr'>indulgent</span> 
     </span>
     <span class='ocr_line' id='line_1_20' title="bbox 166 1595 1731 1642; baseline 0 -12"><span class='ocrx_word' id='word_1_128' title='bbox 166 1596 251 1630; x_wconf 90' lang='lat' dir='ltr'>vino</span> <span class='ocrx_word' id='word_1_129' title='bbox 267 1598 317 1642; x_wconf 89' lang='lat' dir='ltr'>et)</span> <span class='ocrx_word' id='word_1_130' title='bbox 331 1598 480 1631; x_wconf 87' lang='lat' dir='ltr'>vertunt</span> <span class='ocrx_word' id='word_1_131' title='bbox 500 1598 663 1630; x_wconf 83' lang='lat' dir='ltr'>crateras</span> <span class='ocrx_word' id='word_1_132' title='bbox 684 1606 813 1631; x_wconf 89' lang='lat' dir='ltr'>aenos:</span> <span class='ocrx_word' id='word_1_133' title='bbox 834 1596 1022 1641; x_wconf 86' lang='lat' dir='ltr'>potant(es</span> <span class='ocrx_word' id='word_1_134' title='bbox 1043 1595 1299 1641; x_wconf 82' lang='lat' dir='ltr'>exhauriunt);</span> <span class='ocrx_word' id='word_1_135' title='bbox 1320 1597 1358 1630; x_wconf 93' lang='lat' dir='ltr'>et</span> <span class='ocrx_word' id='word_1_136' title='bbox 1377 1597 1434 1631; x_wconf 86' lang='lat' dir='ltr'>est</span> <span class='ocrx_word' id='word_1_137' title='bbox 1452 1595 1731 1631; x_wconf 86' lang='lat' dir='ltr'>hemistichium</span> 
     </span>
     <span class='ocr_line' id='line_1_21' title="bbox 166 1649 404 1684; baseline 0 -1"><span class='ocrx_word' id='word_1_138' title='bbox 166 1649 404 1684; x_wconf 89' lang='lat' dir='ltr'>Ennianum.&#39;</span> 
     </span>
    </p>

    <p class='ocr_par' dir='ltr' id='par_1_11' title="bbox 165 1702 1732 2014">
     <span class='ocr_line' id='line_1_22' title="bbox 283 1702 1730 1748; baseline 0.001 -12"><span class='ocrx_word' id='word_1_139' title='bbox 283 1702 433 1737; x_wconf 85' lang='lat' dir='ltr'>XLVIII</span> <span class='ocrx_word' id='word_1_140' title='bbox 452 1703 547 1748; x_wconf 82' lang='lat'>(512)</span> <span class='ocrx_word' id='word_1_141' title='bbox 592 1702 737 1737; x_wconf 89' lang='lat' dir='ltr'>Servius</span> <span class='ocrx_word' id='word_1_142' title='bbox 761 1702 801 1737; x_wconf 89' lang='lat' dir='ltr'>in</span> <span class='ocrx_word' id='word_1_143' title='bbox 820 1702 910 1737; x_wconf 92' lang='lat' dir='ltr'>Aen.</span> <span class='ocrx_word' id='word_1_144' title='bbox 926 1715 939 1736; x_wconf 96' lang='lat'>1</span> <span class='ocrx_word' id='word_1_145' title='bbox 960 1706 1003 1737; x_wconf 80' lang='lat'>69</span> <span class='ocrx_word' id='word_1_146' title='bbox 1023 1714 1058 1747; x_wconf 90' lang='lat' dir='ltr'>p.</span> <span class='ocrx_word' id='word_1_147' title='bbox 1075 1705 1130 1745; x_wconf 81' lang='lat'>39,</span> <span class='ocrx_word' id='word_1_148' title='bbox 1147 1705 1190 1737; x_wconf 81' lang='lat'>27</span> <span class='ocrx_word' id='word_1_149' title='bbox 1205 1702 1302 1737; x_wconf 87' lang='lat' dir='ltr'>Thil.</span> <span class='ocrx_word' id='word_1_150' title='bbox 1327 1702 1473 1737; x_wconf 75' lang='lat' dir='ltr'>‘incute</span> <span class='ocrx_word' id='word_1_151' title='bbox 1496 1702 1571 1738; x_wconf 90' lang='lat' dir='ltr'>vim</span> <span class='ocrx_word' id='word_1_152' title='bbox 1592 1702 1730 1738; x_wconf 87' lang='lat' dir='ltr'>ventis:</span> 
     </span>
     <span class='ocr_line' id='line_1_23' title="bbox 166 1755 1731 1801; baseline 0 -11"><span class='ocrx_word' id='word_1_153' title='bbox 166 1755 304 1801; x_wconf 81' lang='lat' dir='ltr'>duplex</span> <span class='ocrx_word' id='word_1_154' title='bbox 330 1766 458 1790; x_wconf 83' lang='lat' dir='ltr'>sensus</span> <span class='ocrx_word' id='word_1_155' title='bbox 485 1757 556 1791; x_wconf 86' lang='lat' dir='ltr'>est:</span> <span class='ocrx_word' id='word_1_156' title='bbox 575 1756 701 1791; x_wconf 90' lang='lat' dir='ltr'>incute</span> <span class='ocrx_word' id='word_1_157' title='bbox 721 1755 820 1790; x_wconf 90' lang='lat' dir='ltr'>enim</span> <span class='ocrx_word' id='word_1_158' title='bbox 840 1755 871 1790; x_wconf 89' lang='lat' dir='ltr'>si</span> <span class='ocrx_word' id='word_1_159' title='bbox 890 1755 988 1791; x_wconf 87' lang='lat' dir='ltr'>inice</span> <span class='ocrx_word' id='word_1_160' title='bbox 1009 1755 1207 1801; x_wconf 80' lang='lat' dir='ltr'>significat,</span> <span class='ocrx_word' id='word_1_161' title='bbox 1227 1756 1347 1791; x_wconf 86' lang='lat' dir='ltr'>ventis</span> <span class='ocrx_word' id='word_1_162' title='bbox 1369 1756 1516 1791; x_wconf 87' lang='lat' dir='ltr'>dativus</span> <span class='ocrx_word' id='word_1_163' title='bbox 1536 1758 1593 1791; x_wconf 86' lang='lat' dir='ltr'>est</span> <span class='ocrx_word' id='word_1_164' title='bbox 1612 1767 1731 1800; x_wconf 84' lang='lat' dir='ltr'>casus,</span> 
     </span>
     <span class='ocr_line' id='line_1_24' title="bbox 165 1808 1732 1855; baseline -0.001 -11"><span class='ocrx_word' id='word_1_165' title='bbox 165 1809 236 1844; x_wconf 89' lang='lat' dir='ltr'>hoc</span> <span class='ocrx_word' id='word_1_166' title='bbox 255 1811 312 1844; x_wconf 87' lang='lat' dir='ltr'>est</span> <span class='ocrx_word' id='word_1_167' title='bbox 330 1820 445 1855; x_wconf 87' lang='lat' dir='ltr'>parva</span> <span class='ocrx_word' id='word_1_168' title='bbox 465 1810 521 1844; x_wconf 84' lang='lat' dir='ltr'>est</span> <span class='ocrx_word' id='word_1_169' title='bbox 540 1820 667 1844; x_wconf 89' lang='lat' dir='ltr'>eorum</span> <span class='ocrx_word' id='word_1_170' title='bbox 687 1809 812 1852; x_wconf 86' lang='lat' dir='ltr'>etiam,</span> <span class='ocrx_word' id='word_1_171' title='bbox 833 1811 875 1843; x_wconf 86' lang='lat' dir='ltr'>tu</span> <span class='ocrx_word' id='word_1_172' title='bbox 896 1810 949 1844; x_wconf 89' lang='lat' dir='ltr'>eis</span> <span class='ocrx_word' id='word_1_173' title='bbox 969 1810 1018 1844; x_wconf 83' lang='lat' dir='ltr'>da</span> <span class='ocrx_word' id='word_1_174' title='bbox 1037 1820 1214 1855; x_wconf 88' lang='lat' dir='ltr'>magnam</span> <span class='ocrx_word' id='word_1_175' title='bbox 1233 1809 1324 1854; x_wconf 90' lang='lat' dir='ltr'>vim;</span> <span class='ocrx_word' id='word_1_176' title='bbox 1346 1809 1377 1844; x_wconf 90' lang='lat' dir='ltr'>si</span> <span class='ocrx_word' id='word_1_177' title='bbox 1391 1811 1518 1844; x_wconf 88' lang='lat' dir='ltr'>autem</span> <span class='ocrx_word' id='word_1_178' title='bbox 1530 1808 1603 1854; x_wconf 85' lang='lat' dir='ltr'>fac,</span> <span class='ocrx_word' id='word_1_179' title='bbox 1618 1809 1732 1854; x_wconf 82' lang='lat' dir='ltr'>septi-</span> 
     </span>
     <span class='ocr_line' id='line_1_25' title="bbox 165 1862 1731 1908; baseline 0 -12"><span class='ocrx_word' id='word_1_180' title='bbox 165 1874 246 1896; x_wconf 83' lang='lat' dir='ltr'>mus</span> <span class='ocrx_word' id='word_1_181' title='bbox 267 1873 374 1897; x_wconf 87' lang='lat' dir='ltr'>casus</span> <span class='ocrx_word' id='word_1_182' title='bbox 394 1864 451 1897; x_wconf 86' lang='lat' dir='ltr'>est</span> <span class='ocrx_word' id='word_1_183' title='bbox 471 1864 508 1897; x_wconf 92' lang='lat' dir='ltr'>et</span> <span class='ocrx_word' id='word_1_184' title='bbox 527 1862 598 1897; x_wconf 85' lang='lat' dir='ltr'>erit</span> <span class='ocrx_word' id='word_1_185' title='bbox 617 1874 745 1897; x_wconf 87' lang='lat' dir='ltr'>sensus</span> <span class='ocrx_word' id='word_1_186' title='bbox 765 1862 825 1897; x_wconf 87' lang='lat' dir='ltr'>fac</span> <span class='ocrx_word' id='word_1_187' title='bbox 838 1863 913 1897; x_wconf 91' lang='lat' dir='ltr'>vim</span> <span class='ocrx_word' id='word_1_188' title='bbox 927 1862 1097 1898; x_wconf 85' lang='lat' dir='ltr'>Troianis</span> <span class='ocrx_word' id='word_1_189' title='bbox 1117 1873 1184 1908; x_wconf 89' lang='lat' dir='ltr'>per</span> <span class='ocrx_word' id='word_1_190' title='bbox 1196 1864 1337 1907; x_wconf 76' lang='lat' dir='ltr'>ventos,</span> <span class='ocrx_word' id='word_1_191' title='bbox 1357 1863 1428 1897; x_wconf 92' lang='lat' dir='ltr'>hoc</span> <span class='ocrx_word' id='word_1_192' title='bbox 1448 1864 1505 1897; x_wconf 91' lang='lat' dir='ltr'>est</span> <span class='ocrx_word' id='word_1_193' title='bbox 1523 1873 1590 1908; x_wconf 89' lang='lat' dir='ltr'>per</span> <span class='ocrx_word' id='word_1_194' title='bbox 1603 1864 1731 1898; x_wconf 90' lang='lat' dir='ltr'>ventos</span> 
     </span>
     <span class='ocr_line' id='line_1_26' title="bbox 165 1915 1731 1952; baseline 0 -2"><span class='ocrx_word' id='word_1_195' title='bbox 165 1916 239 1950; x_wconf 89' lang='lat' dir='ltr'>vim</span> <span class='ocrx_word' id='word_1_196' title='bbox 258 1916 298 1950; x_wconf 92' lang='lat' dir='ltr'>in</span> <span class='ocrx_word' id='word_1_197' title='bbox 317 1915 496 1951; x_wconf 87' lang='lat' dir='ltr'>Troianos</span> <span class='ocrx_word' id='word_1_198' title='bbox 516 1916 652 1951; x_wconf 87' lang='lat' dir='ltr'>incute.</span> <span class='ocrx_word' id='word_1_199' title='bbox 673 1915 814 1950; x_wconf 87' lang='lat' dir='ltr'>Ennius</span> <span class='ocrx_word' id='word_1_200' title='bbox 836 1916 975 1952; x_wconf 87' lang='lat' dir='ltr'>«dictis</span> <span class='ocrx_word' id='word_1_201' title='bbox 994 1916 1036 1950; x_wconf 80' lang='lat' dir='ltr'>R.</span> <span class='ocrx_word' id='word_1_202' title='bbox 1051 1917 1184 1951; x_wconf 71' lang='lat' dir='ltr'>inculit</span> <span class='ocrx_word' id='word_1_203' title='bbox 1202 1916 1297 1951; x_wconf 82' lang='lat' dir='ltr'>iram</span> <span class='ocrx_word' id='word_1_204' title='bbox 1306 1916 1354 1952; x_wconf 90' lang='lat'>».&#39;</span> <span class='ocrx_word' id='word_1_205' title='bbox 1371 1927 1455 1950; x_wconf 91' lang='lat' dir='ltr'>cum</span> <span class='ocrx_word' id='word_1_206' title='bbox 1475 1915 1551 1950; x_wconf 90' lang='lat' dir='ltr'>alia</span> <span class='ocrx_word' id='word_1_207' title='bbox 1570 1917 1650 1950; x_wconf 87' lang='lat' dir='ltr'>tum</span> <span class='ocrx_word' id='word_1_208' title='bbox 1670 1926 1731 1950; x_wconf 83' lang='lat' dir='ltr'>ex-</span> 
     </span>
     <span class='ocr_line' id='line_1_27' title="bbox 166 1969 1176 2014; baseline 0 -11"><span class='ocrx_word' id='word_1_209' title='bbox 166 1969 329 2014; x_wconf 89' lang='lat' dir='ltr'>emplum</span> <span class='ocrx_word' id='word_1_210' title='bbox 348 1969 560 2004; x_wconf 88' lang='lat' dir='ltr'>Ennianum</span> <span class='ocrx_word' id='word_1_211' title='bbox 580 1980 655 2004; x_wconf 92' lang='lat' dir='ltr'>non</span> <span class='ocrx_word' id='word_1_212' title='bbox 675 1971 797 2004; x_wconf 82' lang='lat' dir='ltr'>exstat</span> <span class='ocrx_word' id='word_1_213' title='bbox 816 1969 889 2003; x_wconf 88' lang='lat' dir='ltr'>nisi</span> <span class='ocrx_word' id='word_1_214' title='bbox 908 1970 947 2003; x_wconf 92' lang='lat' dir='ltr'>in</span> <span class='ocrx_word' id='word_1_215' title='bbox 966 1969 1176 2004; x_wconf 88' lang='lat' dir='ltr'>Danielino.</span> 
     </span>
    </p>

    <p class='ocr_par' dir='ltr' id='par_1_12' title="bbox 166 2021 1731 2164">
     <span class='ocr_line' id='line_1_28' title="bbox 278 2021 1729 2068; baseline -0.001 -11"><span class='ocrx_word' id='word_1_216' title='bbox 278 2022 392 2057; x_wconf 91' lang='lat' dir='ltr'>XLIX</span> <span class='ocrx_word' id='word_1_217' title='bbox 411 2024 507 2068; x_wconf 86' lang='lat'>(513)</span> <span class='ocrx_word' id='word_1_218' title='bbox 546 2022 692 2057; x_wconf 83' lang='lat' dir='ltr'>Servius</span> <span class='ocrx_word' id='word_1_219' title='bbox 711 2022 751 2056; x_wconf 91' lang='lat' dir='ltr'>in</span> <span class='ocrx_word' id='word_1_220' title='bbox 771 2022 860 2057; x_wconf 89' lang='lat' dir='ltr'>Aen.</span> <span class='ocrx_word' id='word_1_221' title='bbox 876 2035 928 2056; x_wconf 86' lang='lat' dir='ltr'>x11</span> <span class='ocrx_word' id='word_1_222' title='bbox 947 2026 1016 2056; x_wconf 89' lang='grc'>499</span> <span class='ocrx_word' id='word_1_223' title='bbox 1037 2024 1199 2068; x_wconf 86' lang='lat' dir='ltr'>(saevam</span> <span class='ocrx_word' id='word_1_224' title='bbox 1219 2022 1321 2056; x_wconf 88' lang='lat' dir='ltr'>nullo</span> <span class='ocrx_word' id='word_1_225' title='bbox 1343 2021 1556 2057; x_wconf 89' lang='lat' dir='ltr'>discrimine</span> <span class='ocrx_word' id='word_1_226' title='bbox 1577 2022 1729 2057; x_wconf 85' lang='lat' dir='ltr'>caedem</span> 
     </span>
     <span class='ocr_line' id='line_1_29' title="bbox 167 2074 1731 2121; baseline -0.001 -11"><span class='ocrx_word' id='word_1_227' title='bbox 167 2075 324 2110; x_wconf 80' lang='lat' dir='ltr'>suscitat</span> <span class='ocrx_word' id='word_1_228' title='bbox 348 2075 561 2120; x_wconf 88' lang='lat' dir='ltr'>irarumque</span> <span class='ocrx_word' id='word_1_229' title='bbox 587 2086 713 2110; x_wconf 87' lang='lat' dir='ltr'>omnes</span> <span class='ocrx_word' id='word_1_230' title='bbox 739 2074 899 2110; x_wconf 89' lang='lat' dir='ltr'>effundit</span> <span class='ocrx_word' id='word_1_231' title='bbox 923 2075 1103 2121; x_wconf 83' lang='lat' dir='ltr'>habenas)</span> <span class='ocrx_word' id='word_1_232' title='bbox 1120 2075 1280 2110; x_wconf 76' lang='lat' dir='ltr'>‘irarum</span> <span class='ocrx_word' id='word_1_233' title='bbox 1298 2075 1482 2111; x_wconf 86' lang='lat' dir='ltr'>habenas:</span> <span class='ocrx_word' id='word_1_234' title='bbox 1502 2076 1731 2120; x_wconf 88' lang='lat' dir='ltr'>potestatem</span> 
     </span>
     <span class='ocr_line' id='line_1_30' title="bbox 166 2127 1730 2164; baseline 0 -1"><span class='ocrx_word' id='word_1_235' title='bbox 166 2128 387 2163; x_wconf 80' lang='lat' dir='ltr'>facultatem</span> <span class='ocrx_word' id='word_1_236' title='bbox 403 2157 408 2162; x_wconf 92' lang='lat'><em>.</em></span> <span class='ocrx_word' id='word_1_237' title='bbox 426 2157 431 2162; x_wconf 94' lang='lat'>.</span> <span class='ocrx_word' id='word_1_238' title='bbox 450 2157 455 2162; x_wconf 92' lang='lat'><em>.</em></span> <span class='ocrx_word' id='word_1_239' title='bbox 471 2130 509 2163; x_wconf 87' lang='lat' dir='ltr'>et</span> <span class='ocrx_word' id='word_1_240' title='bbox 526 2129 589 2163; x_wconf 85' lang='lat' dir='ltr'>hic</span> <span class='ocrx_word' id='word_1_241' title='bbox 607 2129 799 2164; x_wconf 87' lang='lat' dir='ltr'>moderate</span> <span class='ocrx_word' id='word_1_242' title='bbox 817 2128 964 2163; x_wconf 86' lang='lat' dir='ltr'>locutus</span> <span class='ocrx_word' id='word_1_243' title='bbox 985 2130 1058 2163; x_wconf 81' lang='lat' dir='ltr'>est:</span> <span class='ocrx_word' id='word_1_244' title='bbox 1078 2138 1166 2163; x_wconf 90' lang='lat' dir='ltr'>nam</span> <span class='ocrx_word' id='word_1_245' title='bbox 1179 2128 1321 2163; x_wconf 82' lang='lat' dir='ltr'>Ennius</span> <span class='ocrx_word' id='word_1_246' title='bbox 1336 2129 1391 2163; x_wconf 88' lang='lat' dir='ltr'>ait</span> <span class='ocrx_word' id='word_1_247' title='bbox 1405 2128 1567 2164; x_wconf 73' lang='lat' dir='ltr'>«irarum</span> <span class='ocrx_word' id='word_1_248' title='bbox 1580 2127 1730 2163; x_wconf 89' lang='lat' dir='ltr'>effunde</span> 
     </span>
    </p>
   </div>
   <div class='ocr_carea' id='block_1_4' title="bbox 167 2226 450 2233">
    <p class='ocr_par' dir='ltr' id='par_1_13' title="bbox 167 2226 450 2233">
     <span class='ocr_line' id='line_1_31' title="bbox 167 2226 450 2233; baseline 0 0"><span class='ocrx_word' id='word_1_249' title='bbox 167 2226 450 2233; x_wconf 95' lang='lat' dir='ltr'> </span> 
     </span>
    </p>
   </div>
   <div class='ocr_carea' id='block_1_5' title="bbox 166 2296 1729 2531">
    <p class='ocr_par' dir='ltr' id='par_1_14' title="bbox 166 2296 1729 2531">
     <span class='ocr_line' id='line_1_32' title="bbox 167 2296 1729 2354; baseline -0.001 -15"><span class='ocrx_word' id='word_1_250' title='bbox 167 2296 234 2354; x_wconf 83' lang='lat' dir='ltr'>(de</span> <span class='ocrx_word' id='word_1_251' title='bbox 254 2296 402 2354; x_wconf 68' lang='lat' dir='ltr'>Gallis)</span> <span class='ocrx_word' id='word_1_252' title='bbox 422 2299 732 2353; x_wconf 78' lang='grc' dir='ltr'><strong><em>ἐπιπορποῦνται</em></strong></span> <span class='ocrx_word' id='word_1_253' title='bbox 752 2298 793 2339; x_wconf 84' lang='grc' dir='ltr'>δὲ</span> <span class='ocrx_word' id='word_1_254' title='bbox 813 2299 958 2353; x_wconf 79' lang='grc' dir='ltr'><em>σάγους</em></span> <span class='ocrx_word' id='word_1_255' title='bbox 984 2299 1210 2352; x_wconf 76' lang='grc' dir='ltr'><em>ῥαβδωτοὺς</em></span> <span class='ocrx_word' id='word_1_256' title='bbox 1229 2298 1272 2339; x_wconf 77' lang='grc' dir='ltr'>ἐν</span> <span class='ocrx_word' id='word_1_257' title='bbox 1292 2297 1363 2351; x_wconf 81' lang='grc' dir='ltr'>μὲν</span> <span class='ocrx_word' id='word_1_258' title='bbox 1383 2302 1464 2347; x_wconf 86' lang='grc' dir='ltr'><strong><em>τοῖς</em></strong></span> <span class='ocrx_word' id='word_1_259' title='bbox 1482 2305 1641 2352; x_wconf 84' lang='grc' dir='ltr'><em>χειμῶσι</em></span> <span class='ocrx_word' id='word_1_260' title='bbox 1661 2299 1729 2338; x_wconf 74' lang='grc' dir='ltr'>δα-</span> 
     </span>
     <span class='ocr_line' id='line_1_33' title="bbox 167 2357 1728 2412; baseline -0.001 -14"><span class='ocrx_word' id='word_1_261' title='bbox 167 2363 260 2411; x_wconf 77' lang='grc' dir='ltr'>σεῖς,</span> <span class='ocrx_word' id='word_1_262' title='bbox 285 2359 382 2399; x_wconf 82' lang='grc' dir='ltr'><strong><em>κατὰ</em></strong></span> <span class='ocrx_word' id='word_1_263' title='bbox 409 2358 449 2399; x_wconf 83' lang='grc' dir='ltr'>δὲ</span> <span class='ocrx_word' id='word_1_264' title='bbox 474 2358 516 2399; x_wconf 87' lang='grc' dir='ltr'>τὸ</span> <span class='ocrx_word' id='word_1_265' title='bbox 537 2358 656 2412; x_wconf 83' lang='grc' dir='ltr'><strong><em>θέρος</em></strong></span> <span class='ocrx_word' id='word_1_266' title='bbox 675 2360 833 2410; x_wconf 82' lang='grc' dir='ltr'><strong><em>ψιλούς,</em></strong></span> <span class='ocrx_word' id='word_1_267' title='bbox 860 2359 1062 2406; x_wconf 82' lang='grc' dir='ltr'><strong><em>πλινθίοις</em></strong></span> <span class='ocrx_word' id='word_1_268' title='bbox 1086 2362 1254 2406; x_wconf 80' lang='grc' dir='ltr'><strong><em>πυκνοῖς</em></strong></span> <span class='ocrx_word' id='word_1_269' title='bbox 1279 2357 1345 2398; x_wconf 82' lang='grc' dir='ltr'>καὶ</span> <span class='ocrx_word' id='word_1_270' title='bbox 1370 2357 1614 2398; x_wconf 80' lang='grc' dir='ltr'><strong><em>πολυανθέσι</em></strong></span> <span class='ocrx_word' id='word_1_271' title='bbox 1639 2358 1728 2398; x_wconf 82' lang='grc' dir='ltr'><strong><em>διει-</em></strong></span> 
     </span>
     <span class='ocr_line' id='line_1_34' title="bbox 167 2413 1728 2472; baseline -0.001 -15"><span class='ocrx_word' id='word_1_272' title='bbox 167 2417 410 2471; x_wconf 81' lang='grc' dir='ltr'><strong><em>λημμένους,·</em></strong></span> <span class='ocrx_word' id='word_1_273' title='bbox 434 2420 524 2458; x_wconf 68' lang='lat' dir='ltr'>ibid.</span> <span class='ocrx_word' id='word_1_274' title='bbox 545 2428 611 2468; x_wconf 82' lang='lat'>33,</span> <span class='ocrx_word' id='word_1_275' title='bbox 632 2429 652 2455; x_wconf 89' lang='lat'>2</span> <span class='ocrx_word' id='word_1_276' title='bbox 683 2414 749 2472; x_wconf 85' lang='lat' dir='ltr'>(de</span> <span class='ocrx_word' id='word_1_277' title='bbox 771 2413 986 2471; x_wconf 63' lang='lat' dir='ltr'>Celtiberis)</span> <span class='ocrx_word' id='word_1_278' title='bbox 1007 2424 1178 2471; x_wconf 83' lang='grc' dir='ltr'><strong><em>φοροῦσι</em></strong></span> <span class='ocrx_word' id='word_1_279' title='bbox 1204 2414 1240 2456; x_wconf 83' lang='grc' dir='ltr'>δ’</span> <span class='ocrx_word' id='word_1_280' title='bbox 1265 2413 1374 2457; x_wconf 79' lang='grc' dir='ltr'><strong><em>οὗτοι</em></strong></span> <span class='ocrx_word' id='word_1_281' title='bbox 1394 2418 1538 2471; x_wconf 80' lang='grc' dir='ltr'><strong><em>σάγους</em></strong></span> <span class='ocrx_word' id='word_1_282' title='bbox 1561 2416 1728 2469; x_wconf 85' lang='grc' dir='ltr'><strong><em>μέλανας</em></strong></span> 
     </span>
     <span class='ocr_line' id='line_1_35' title="bbox 166 2476 1729 2531; baseline -0.001 -14"><span class='ocrx_word' id='word_1_283' title='bbox 166 2482 316 2531; x_wconf 83' lang='grc' dir='ltr'><strong><em>τραχεῖς</em></strong></span> <span class='ocrx_word' id='word_1_284' title='bbox 334 2477 401 2518; x_wconf 82' lang='grc' dir='ltr'>καὶ</span> <span class='ocrx_word' id='word_1_285' title='bbox 420 2478 693 2531; x_wconf 78' lang='grc' dir='ltr'><strong><em>παραπλήσιον</em></strong></span> <span class='ocrx_word' id='word_1_286' title='bbox 714 2477 870 2530; x_wconf 78' lang='grc' dir='ltr'><strong><em>ἔχοντας</em></strong></span> <span class='ocrx_word' id='word_1_287' title='bbox 890 2477 931 2516; x_wconf 88' lang='grc' dir='ltr'>τὸ</span> <span class='ocrx_word' id='word_1_288' title='bbox 952 2476 1057 2530; x_wconf 73' lang='grc' dir='ltr'><strong><em>ἔριον</em></strong></span> <span class='ocrx_word' id='word_1_289' title='bbox 1082 2481 1164 2524; x_wconf 82' lang='grc' dir='ltr'><strong><em>ταῖς</em></strong></span> <span class='ocrx_word' id='word_1_290' title='bbox 1191 2477 1354 2530; x_wconf 77' lang='grc' dir='ltr'><strong><em>αἰγείαις</em></strong></span> <span class='ocrx_word' id='word_1_291' title='bbox 1379 2477 1525 2530; x_wconf 75' lang='grc' dir='ltr'><strong><em>θριξίν.</em></strong></span> <span class='ocrx_word' id='word_1_292' title='bbox 1544 2478 1729 2527; x_wconf 69' lang='lat' dir='ltr'>Polybius</span> 
     </span>
    </p>
   </div>
   <div class='ocr_carea' id='block_1_6' title="bbox 165 2536 1728 2706">
    <p class='ocr_par' dir='ltr' id='par_1_15' title="bbox 165 2536 1728 2706">
     <span class='ocr_line' id='line_1_36' title="bbox 165 2536 1728 2589; baseline -0.001 -14"><span class='ocrx_word' id='word_1_293' title='bbox 165 2549 212 2575; x_wconf 91' lang='lat'>111</span> <span class='ocrx_word' id='word_1_294' title='bbox 227 2536 294 2589; x_wconf 83' lang='lat'>62,</span> <span class='ocrx_word' id='word_1_295' title='bbox 306 2546 327 2585; x_wconf 88' lang='lat'>5</span> <span class='ocrx_word' id='word_1_296' title='bbox 447 2539 531 2576; x_wconf 89' lang='lat'>510</span> <span class='ocrx_word' id='word_1_297' title='bbox 551 2537 625 2575; x_wconf 64' lang='lat' dir='ltr'>ne}</span> <span class='ocrx_word' id='word_1_298' title='bbox 643 2538 678 2575; x_wconf 76' lang='lat' dir='ltr'>h.</span> <span class='ocrx_word' id='word_1_299' title='bbox 689 2549 716 2575; x_wconf 84' lang='lat' dir='ltr'>e.</span> <span class='ocrx_word' id='word_1_300' title='bbox 730 2538 850 2582; x_wconf 84' lang='lat' dir='ltr'>nexit,</span> <span class='ocrx_word' id='word_1_301' title='bbox 864 2549 942 2575; x_wconf 74' lang='lat' dir='ltr'>non</span> <span class='ocrx_word' id='word_1_302' title='bbox 954 2538 1103 2575; x_wconf 81' lang='lat' dir='ltr'>nexunt</span> <span class='ocrx_word' id='word_1_303' title='bbox 1116 2538 1216 2585; x_wconf 78' lang='lat' dir='ltr'>quod</span> <span class='ocrx_word' id='word_1_304' title='bbox 1228 2538 1462 2586; x_wconf 76' lang='lat' dir='ltr'>vulyabatur</span> <span class='ocrx_word' id='word_1_305' title='bbox 1569 2536 1728 2589; x_wconf 81' lang='grc' dir='ltr'><strong><em>σπείρας</em></strong></span> 
     </span>
     <span class='ocr_line' id='line_1_37' title="bbox 167 2591 1726 2650; baseline -0.002 -15"><span class='ocrx_word' id='word_1_306' title='bbox 167 2591 425 2650; x_wconf 73' lang='lat' dir='ltr'>(manipulos)</span> <span class='ocrx_word' id='word_1_307' title='bbox 445 2609 559 2645; x_wconf 74' lang='lat' dir='ltr'>saepe</span> <span class='ocrx_word' id='word_1_308' title='bbox 577 2597 760 2645; x_wconf 70' lang='lat' dir='ltr'>Polybius</span> <span class='ocrx_word' id='word_1_309' title='bbox 779 2597 882 2634; x_wconf 77' lang='lat' dir='ltr'>velut</span> <span class='ocrx_word' id='word_1_310' title='bbox 898 2598 941 2635; x_wconf 75' lang='lat' dir='ltr'>in</span> <span class='ocrx_word' id='word_1_311' title='bbox 952 2596 1217 2635; x_wconf 69' lang='lat' dir='ltr'>Harmibalico</span> <span class='ocrx_word' id='word_1_312' title='bbox 1238 2597 1330 2636; x_wconf 77' lang='lat' dir='ltr'>bello</span> <span class='ocrx_word' id='word_1_313' title='bbox 1350 2609 1396 2634; x_wconf 88' lang='lat'>111</span> <span class='ocrx_word' id='word_1_314' title='bbox 1416 2607 1430 2633; x_wconf 96' lang='lat'>1</span> <span class='ocrx_word' id='word_1_315' title='bbox 1446 2606 1508 2645; x_wconf 87' lang='lat'>10,</span> <span class='ocrx_word' id='word_1_316' title='bbox 1524 2594 1560 2634; x_wconf 84' lang='lat'>6.</span> <span class='ocrx_word' id='word_1_317' title='bbox 1583 2606 1596 2632; x_wconf 96' lang='lat'>1</span> <span class='ocrx_word' id='word_1_318' title='bbox 1613 2606 1626 2632; x_wconf 96' lang='lat'>1</span> <span class='ocrx_word' id='word_1_319' title='bbox 1639 2605 1675 2645; x_wconf 83' lang='lat'>3,</span> <span class='ocrx_word' id='word_1_320' title='bbox 1691 2605 1726 2642; x_wconf 84' lang='lat'>3.</span> 
     </span>
     <span class='ocr_line' id='line_1_38' title="bbox 174 2652 1728 2706; baseline 0.001 -15"><span class='ocrx_word' id='word_1_321' title='bbox 174 2666 187 2691; x_wconf 96' lang='lat'>1</span> <span class='ocrx_word' id='word_1_322' title='bbox 203 2666 265 2706; x_wconf 84' lang='lat'>14,</span> <span class='ocrx_word' id='word_1_323' title='bbox 281 2666 306 2703; x_wconf 85' lang='lat'>4</span> <span class='ocrx_word' id='word_1_324' title='bbox 436 2657 518 2694; x_wconf 86' lang='lat'>512</span> <span class='ocrx_word' id='word_1_325' title='bbox 545 2656 690 2694; x_wconf 87' lang='lat' dir='ltr'>incutit</span> <span class='ocrx_word' id='word_1_326' title='bbox 712 2655 986 2694; x_wconf 76' lang='lat' dir='ltr'>Gommelinus:</span> <span class='ocrx_word' id='word_1_327' title='bbox 1011 2656 1153 2694; x_wconf 89' lang='lat' dir='ltr'>inculit</span> <span class='ocrx_word' id='word_1_328' title='bbox 1276 2656 1333 2704; x_wconf 84' lang='lat' dir='ltr'>Of.</span> <span class='ocrx_word' id='word_1_329' title='bbox 1354 2657 1410 2694; x_wconf 80' lang='lat' dir='ltr'>Il.</span> <span class='ocrx_word' id='word_1_330' title='bbox 1432 2668 1473 2692; x_wconf 84' lang='lat' dir='ltr'>XI</span> <span class='ocrx_word' id='word_1_331' title='bbox 1496 2664 1573 2703; x_wconf 82' lang='lat'>291</span> <span class='ocrx_word' id='word_1_332' title='bbox 1600 2652 1652 2700; x_wconf 85' lang='grc' dir='ltr'>ὣς</span> <span class='ocrx_word' id='word_1_333' title='bbox 1678 2654 1728 2692; x_wconf 86' lang='grc' dir='ltr'>εἰ·</span> 
     </span>
    </p>
   </div>
   <div class='ocr_carea' id='block_1_7' title="bbox 167 2712 1727 2942">
    <p class='ocr_par' dir='ltr' id='par_1_16' title="bbox 167 2712 1727 2942">
     <span class='ocr_line' id='line_1_39' title="bbox 167 2712 1726 2767; baseline -0.001 -14"><span class='ocrx_word' id='word_1_334' title='bbox 167 2713 255 2754; x_wconf 86' lang='grc' dir='ltr'>πὼν</span> <span class='ocrx_word' id='word_1_335' title='bbox 280 2713 427 2767; x_wconf 80' lang='grc' dir='ltr'><strong><em>ὤτρυνε</em></strong></span> <span class='ocrx_word' id='word_1_336' title='bbox 453 2713 569 2766; x_wconf 84' lang='grc' dir='ltr'><strong><em>μένος</em></strong></span> <span class='ocrx_word' id='word_1_337' title='bbox 594 2714 659 2754; x_wconf 78' lang='grc' dir='ltr'>καὶ</span> <span class='ocrx_word' id='word_1_338' title='bbox 682 2713 817 2765; x_wconf 87' lang='grc' dir='ltr'><strong><em>θυμὸν</em></strong></span> <span class='ocrx_word' id='word_1_339' title='bbox 843 2712 1030 2761; x_wconf 55' lang='lat' dir='ltr'>§adomm-</span> <span class='ocrx_word' id='word_1_340' title='bbox 1049 2713 1146 2753; x_wconf 71' lang='lat' dir='ltr'>Aen.</span> <span class='ocrx_word' id='word_1_341' title='bbox 1167 2727 1193 2752; x_wconf 84' lang='lat' dir='ltr'><strong>x</strong></span> <span class='ocrx_word' id='word_1_342' title='bbox 1216 2713 1296 2762; x_wconf 86' lang='lat'>367</span> <span class='ocrx_word' id='word_1_343' title='bbox 1320 2715 1437 2753; x_wconf 86' lang='lat' dir='ltr'>dictis</span> <span class='ocrx_word' id='word_1_344' title='bbox 1456 2715 1645 2753; x_wconf 84' lang='lat' dir='ltr'>virtutem</span> <span class='ocrx_word' id='word_1_345' title='bbox 1666 2726 1726 2751; x_wconf 91' lang='lat' dir='ltr'>ac-</span> 
     </span>
     <span class='ocr_line' id='line_1_40' title="bbox 167 2771 1727 2824; baseline -0.002 -12"><span class='ocrx_word' id='word_1_346' title='bbox 167 2774 298 2812; x_wconf 86' lang='lat' dir='ltr'>cendit</span> <span class='ocrx_word' id='word_1_347' title='bbox 321 2776 464 2813; x_wconf 89' lang='lat' dir='ltr'>amaris</span> <span class='ocrx_word' id='word_1_348' title='bbox 473 2789 487 2821; x_wconf 91' lang='grc'>,·</span> <span class='ocrx_word' id='word_1_349' title='bbox 504 2775 593 2813; x_wconf 83' lang='lat' dir='ltr'>Liv.</span> <span class='ocrx_word' id='word_1_350' title='bbox 614 2786 711 2813; x_wconf 77' lang='lat' dir='ltr'>xxw</span> <span class='ocrx_word' id='word_1_351' title='bbox 731 2771 793 2824; x_wconf 74' lang='lat'>16,</span> <span class='ocrx_word' id='word_1_352' title='bbox 814 2783 827 2809; x_wconf 92' lang='lat'>1</span> <span class='ocrx_word' id='word_1_353' title='bbox 854 2786 900 2811; x_wconf 91' lang='lat' dir='ltr'>ea</span> <span class='ocrx_word' id='word_1_354' title='bbox 919 2773 1075 2812; x_wconf 88' lang='lat' dir='ltr'>demum</span> <span class='ocrx_word' id='word_1_355' title='bbox 1093 2779 1169 2813; x_wconf 76' lang='lat' dir='ltr'><strong>vo&#39;x</strong></span> <span class='ocrx_word' id='word_1_356' title='bbox 1193 2775 1254 2812; x_wconf 86' lang='lat' dir='ltr'>ira</span> <span class='ocrx_word' id='word_1_357' title='bbox 1280 2775 1430 2812; x_wconf 90' lang='lat' dir='ltr'>animos</span> <span class='ocrx_word' id='word_1_358' title='bbox 1457 2773 1656 2819; x_wconf 86' lang='lat' dir='ltr'>accendit;</span> <span class='ocrx_word' id='word_1_359' title='bbox 1675 2785 1727 2810; x_wconf 87' lang='lat' dir='ltr'>XL</span> 
     </span>
     <span class='ocr_line' id='line_1_41' title="bbox 171 2831 1727 2883; baseline 0.001 -15"><span class='ocrx_word' id='word_1_360' title='bbox 171 2841 237 2882; x_wconf 88' lang='lat'>27,</span> <span class='ocrx_word' id='word_1_361' title='bbox 253 2831 276 2869; x_wconf 93' lang='lat'>8</span> <span class='ocrx_word' id='word_1_362' title='bbox 297 2835 533 2883; x_wconf 88' lang='lat' dir='ltr'>imperator.</span> <span class='ocrx_word' id='word_1_363' title='bbox 551 2864 558 2871; x_wconf 93' lang='lat'><em>.</em></span> <span class='ocrx_word' id='word_1_364' title='bbox 575 2834 883 2883; x_wconf 85' lang='lat' dir='ltr'>quibuscumque</span> <span class='ocrx_word' id='word_1_365' title='bbox 896 2834 1154 2872; x_wconf 87' lang='lat' dir='ltr'>irritamentis</span> <span class='ocrx_word' id='word_1_366' title='bbox 1167 2835 1325 2883; x_wconf 89' lang='lat' dir='ltr'>poterat</span> <span class='ocrx_word' id='word_1_367' title='bbox 1344 2834 1423 2870; x_wconf 84' lang='lat' dir='ltr'>iras</span> <span class='ocrx_word' id='word_1_368' title='bbox 1443 2832 1616 2870; x_wconf 85' lang='lat' dir='ltr'>militum</span> <span class='ocrx_word' id='word_1_369' title='bbox 1637 2844 1727 2870; x_wconf 90' lang='lat' dir='ltr'>acu-</span> 
     </span>
     <span class='ocr_line' id='line_1_42' title="bbox 168 2888 1724 2942; baseline -0.003 -12"><span class='ocrx_word' id='word_1_370' title='bbox 168 2892 279 2939; x_wconf 82' lang='lat' dir='ltr'>ebat,·</span> <span class='ocrx_word' id='word_1_371' title='bbox 292 2894 493 2932; x_wconf 69' lang='lat' dir='ltr'>Ennianis</span> <span class='ocrx_word' id='word_1_372' title='bbox 507 2895 656 2933; x_wconf 67' lang='lat' dir='ltr'>adnecti</span> <span class='ocrx_word' id='word_1_373' title='bbox 663 2895 818 2941; x_wconf 72' lang='lat' dir='ltr'>poterat</span> <span class='ocrx_word' id='word_1_374' title='bbox 831 2901 914 2940; x_wconf 84' lang='lat'>554</span> <span class='ocrx_word' id='word_1_375' title='bbox 930 2905 1006 2942; x_wconf 91' lang='lat' dir='ltr'>quo</span> <span class='ocrx_word' id='word_1_376' title='bbox 1019 2894 1103 2932; x_wconf 89' lang='lat' dir='ltr'>tam</span> <span class='ocrx_word' id='word_1_377' title='bbox 1116 2894 1261 2931; x_wconf 88' lang='lat' dir='ltr'>temere</span> <span class='ocrx_word' id='word_1_378' title='bbox 1277 2894 1344 2930; x_wconf 88' lang='lat' dir='ltr'>itis</span> <span class='ocrx_word' id='word_1_379' title='bbox 1353 2891 1372 2930; x_wconf 67' lang='grc' dir='ltr'>ἱ)</span> <span class='ocrx_word' id='word_1_380' title='bbox 1392 2892 1473 2930; x_wconf 77' lang='lat' dir='ltr'>coll.</span> <span class='ocrx_word' id='word_1_381' title='bbox 1487 2889 1584 2930; x_wconf 76' lang='lat' dir='ltr'>Aen.</span> <span class='ocrx_word' id='word_1_382' title='bbox 1599 2903 1624 2928; x_wconf 86' lang='lat' dir='ltr'><strong>x</strong></span> <span class='ocrx_word' id='word_1_383' title='bbox 1642 2888 1724 2937; x_wconf 84' lang='lat'>368</span> 
     </span>
    </p>
   </div>
  </div>
 </body>
</html>
