2054 3282
325 186 380 228 88
853 177 1111 214 ANNALIUM
1137 177 1224 211 ΜΒ.
1245 175 1335 211 me.

1052 293 1153 329 XXV

322 369 407 410 487
444 365 549 408 Cum
582 379 736 421 magno
769 363 949 418 strepitu
975 361 1213 403 Volcanum
1239 363 1391 403 ventus
1416 362 1592 418 vegebat

1043 476 1161 511 XXVI

319 550 405 590 488
441 547 715 590 Brundisium
740 547 888 600 pulcro
915 543 1206 600 praecinctum
1231 546 1430 598 praepete
1454 546 1583 599 portu

1035 658 1170 694 XXVII

319 725 405 766 489
1257 721 1386 763 terrai
1411 720 1632 777 frugiferai

320 875 395 910 suis
404 890 412 919 ς
435 874 523 910 ferit
545 873 696 908 aethera
720 873 859 907 clamor
879 872 1063 915 nauticus,
1084 872 1257 907 adductis
1278 874 1454 918 spumant
1474 872 1572 909 freta
1594 883 1700 909 versa
1720 873 1881 909 lacertis.

320 927 507 963 infindunt
528 926 669 972 pariter
691 926 811 961 sulcos
830 927 1026 970 totumque
1046 925 1207 961 dehiscit
1232 926 1446 962 convulsum
1466 926 1577 962 remis
1596 926 1799 971 rostrisque
1817 927 1883 962 tri-

320 981 492 1016 dentibus
513 991 658 1024 aequor.
680 991 766 1015 non
790 980 881 1014 tam
906 991 931 1024 p
942 979 1193 1024 raecipites
1218 978 1378 1025 biiugo
1405 980 1654 1015 certamine
1681 990 1883 1025 campum

320 1034 579 1079 corripuere
611 1034 838 1077 ruuntque
867 1032 1009 1067 effusi
1041 1043 1222 1067 carcere
1255 1044 1428 1076 curruS,
1455 1044 1536 1069 nec
1568 1033 1633 1068 sic
1663 1033 1883 1068 immissis

326 1087 513 1133 aurigae
538 1085 764 1120 undantia
789 1085 887 1121 lora
916 1096 1188 1121 concussere
1218 1085 1341 1132 iugis
1372 1086 1597 1132 pronique
1627 1086 1672 1121 in
1696 1086 1884 1122 verbera

319 1154 343 1186 p
353 1151 372 1175 e
379 1152 404 1174 n
413 1140 436 1173 d
445 1151 463 1174 e
472 1152 495 1174 n
502 1141 518 1174 t
528 1140 538 1157 ’
544 1168 552 1183 ,
572 1139 614 1174 fit
631 1138 837 1184 probabile,
857 1140 900 1174 ut
913 1138 1106 1174 mittamus
1127 1138 1203 1174 alia
1208 1150 1312 1184 &quae
1326 1139 1438 1174 Ennii
1452 1140 1665 1184 admonent,
1679 1141 1717 1176 et
1729 1139 1796 1175 illa
1811 1140 1883 1175 duo

320 1194 529 1239 fragmenta
548 1205 647 1226 xxm.
666 1205 751 1227 xxw
772 1192 844 1227 duo
869 1191 1008 1227 similia
1028 1203 1072 1227 ex
1097 1192 1228 1228 eadem
1255 1192 1535 1238 comparatione
1559 1193 1697 1229 hausta
1723 1194 1772 1228 ad
1797 1204 1884 1228 ean-

320 1247 476 1291 demque
490 1257 566 1280 rem
581 1245 700 1280 relata
715 1245 900 1286 exhibere,
911 1246 946 1280 h.
957 1256 986 1280 e.
995 1245 1087 1280 item
1101 1246 1150 1280 ad
1164 1248 1353 1281 certamen
1366 1246 1510 1291 navale,
1522 1257 1567 1282 ex
1577 1257 1650 1291 quo
1660 1246 1704 1281 fr.
1713 1259 1884 1282 xvn—xx

319 1300 490 1335 videntur
505 1299 656 1334 residua
669 1310 759 1334 esse.
775 1298 828 1334 Cf.
845 1299 893 1334 ad
906 1312 958 1335 vn
971 1298 1014 1333 fr.
1028 1312 1063 1343 x,
1078 1300 1116 1334 et
1130 1310 1362 1335 communem
1374 1299 1485 1334 huius
1501 1300 1791 1345 comparationis
1804 1299 1885 1335 fon-

320 1355 395 1388 tem
417 1353 546 1397 Odyss.
562 1365 628 1387 x111
648 1356 691 1387 81
714 1364 792 1397 sqq.

436 1405 537 1440 XXV
551 1406 647 1451 (487)
679 1406 811 1440 Festus
824 1417 860 1450 p.
875 1409 954 1449 140,
966 1409 1010 1441 28
1022 1405 1088 1440 Th.
1106 1405 1357 1452 ‘metonymia
1375 1408 1431 1442 est
1446 1408 1584 1452 trOPOS,
1600 1418 1683 1442 cum
1699 1436 1705 1441 .
1722 1435 1729 1442 .
1746 1400 1883 1452 .‘signi-

320 1460 450 1495 ficatur
465 1487 566 1494 .....
582 1470 604 1493 a
624 1458 812 1504 superiore
831 1470 870 1494 re
890 1459 1054 1504 inferior,
1074 1462 1117 1495 ut
1135 1459 1277 1494 Ennius
1299 1471 1406 1496 «cum
1421 1488 1428 1494 .
1446 1488 1452 1494 .
1470 1489 1476 1494 .
1492 1461 1683 1507 veyerat»f

436 1512 554 1547 XXVI
565 1514 661 1558 (488)
682 1512 824 1547 Gellius
834 1526 885 1548 v11
898 1517 929 1556 6,
940 1517 960 1557 2
974 1513 985 1530 ‘
994 1513 1034 1548 in
1044 1513 1103 1548 his
1111 1513 1271 1559 Vergilii
1281 1513 1447 1548 versibus
1456 1515 1506 1559 (v1
1518 1517 1562 1548 14
1571 1515 1638 1559 sq.)
1647 1509 1887 1559 reprehendit

319 1566 433 1600 Iulius
447 1565 619 1611 Hyginus
634 1565 789 1611 «pennis
802 1566 1071 1611 praepetibus»
1086 1566 1195 1611 quasi
1208 1566 1400 1612 inproprie
1416 1568 1453 1601 et
1465 1567 1600 1602 inscite
1621 1567 1762 1602 dictum
1778 1595 1783 1601 .
1802 1595 1807 1601 .
1825 1595 1831 1601 .
1849 1595 1855 1600 .
1872 1566 1887 1587 ⁶

321 1631 383 1654 cur
404 1621 528 1654 autem
547 1630 622 1654 non
637 1618 676 1662 Q.
692 1615 840 1663 quoque
859 1619 1021 1654 Ennium
1040 1619 1282 1665 reprehendit
1301 1620 1366 1664 qui
1386 1620 1425 1655 in
1445 1620 1644 1655 annalibus
1656 1631 1731 1655 non
1743 1631 1886 1665 pennas

321 1672 488 1715 Daedali,
504 1672 569 1707 sed
582 1672 695 1718 longe
709 1671 889 1707 diversius
905 1673 1162 1717 braundisium
1176 1673 1266 1718 quid
1279 1673 1347 1717 (sic
1358 1673 1479 1707 Vat.V
1493 1673 1695 1708 diversiu
1705 1685 1731 1708 s.
1745 1674 1887 1708 Brun-

321 1725 497 1760 dusium
523 1725 633 1769 quid
646 1725 731 1761 Vat.
740 1727 787 1769 w)
806 1725 936 1771 pulcro
959 1754 965 1760 .
982 1755 988 1760 .
1006 1730 1147 1771 portus.
1169 1727 1207 1760 et
1226 1726 1258 1761 si
1277 1726 1352 1761 vim
1371 1726 1497 1772 potius
1517 1728 1765 1771 naturamque
1784 1726 1887 1761 verbi

321 1779 590 1814 considerasset
599 1779 609 1796 ’
638 1779 706 1814 cet.
736 1779 766 1813 B
776 1790 794 1813 r
804 1790 830 1813 u
841 1791 866 1813 n
878 1779 902 1813 d
913 1779 926 1814 i
937 1791 953 1814 s
964 1779 1013 1814 iu
1022 1791 1060 1814 m
1092 1779 1140 1814 in
1151 1791 1175 1824 q
1185 1791 1210 1813 u
1220 1779 1233 1814 i
1243 1780 1260 1813 t
1292 1779 1433 1815 conieci
1461 1781 1603 1824 quaest.
1625 1780 1717 1814 Enn.
1739 1790 1771 1814 a.
1795 1783 1885 1814 1852

320 1845 354 1877 p.
372 1835 432 1876 173
452 1832 593 1866 ibidem
612 1833 747 1877 portu
758 1833 808 1866 st.
825 1831 878 1876 εἰς
898 1834 1043 1877 portu.
1060 1832 1137 1867 sed
1157 1831 1228 1878 (vel
1248 1834 1334 1878 set)
1356 1832 1392 1867 si
1414 1833 1610 1878 Scioppius
1624 1834 1662 1868 et
1674 1833 1884 1868 Muellerus.

437 1885 540 1920 Idem
554 1898 591 1920 11
604 1888 666 1928 4,1
685 1885 696 1902 ‘
706 1896 789 1920 cum
804 1896 824 1920 e
838 1885 994 1921 Graecia
1007 1886 1048 1921 in
1063 1885 1215 1931 Ital-iam
1228 1885 1432 1921 rediremus
1447 1887 1485 1920 et
1497 1886 1737 1921 Brundisium
1750 1886 1887 1921 iremus

322 1938 534 1984 egressique
548 1949 569 1974 e
581 1938 668 1973 navi
681 1938 721 1973 in
734 1939 871 1974 terram
885 1938 924 1973 in
937 1940 1048 1984 portu
1062 1939 1128 1974 illo
1142 1939 1273 1974 inclito
1291 1939 1550 1984 spatiaremur,
1566 1950 1675 1985 quem
1690 1939 1730 1982 Q.
1746 1939 1886 1974 Ennius

322 1992 518 2027 remotiore
542 1991 698 2037 paulum
726 1992 790 2027 sed
820 1992 1022 2027 admodum
1052 1992 1146 2027 scito
1171 1992 1351 2028 vocabulo
1379 1994 1642 2038 «praepetem»
1670 1992 1886 2038 appellavit,

323 2045 440 2080 fasces
460 2045 640 2080 librorum
660 2045 847 2080 venalium
868 2046 1056 2091 expositos
1076 2046 1264 2081 vidimus.'

439 2097 575 2132 XXVII
594 2098 690 2143 (489)
729 2097 917 2133 Charisius
937 2111 951 2132 1
969 2110 1005 2143 p.
1023 2102 1077 2142 19,
1095 2102 1112 2133 1
1128 2099 1171 2133 K.
1189 2099 1341 2134 ‘dicunt
1362 2099 1515 2144 quidam
1535 2100 1676 2135 veteres
1703 2099 1742 2134 in
1766 2099 1888 2145 prima

323 2150 572 2186 declinatione
598 2150 728 2186 solitos
754 2151 907 2186 nomina
929 2181 934 2187 .
952 2179 958 2186 .
976 2180 982 2185 .
1003 2152 1170 2196 proferre
1186 2181 1192 2186 .
1210 2181 1216 2186 .
1233 2152 1359 2187 dativo
1384 2163 1452 2198 per
1470 2152 1649 2187 i...item
1669 2153 1791 2188 adhuc
1810 2163 1888 2188 mo-

324 2214 399 2238 rem
426 2215 504 2239 esse
530 2204 652 2249 poetis
678 2204 718 2239 in
743 2204 871 2240 dativo
898 2216 997 2248 casu,
1023 2206 1066 2239 ut
1091 2205 1217 2242 «aulai
1242 2205 1390 2241 medio»
1404 2205 1593 2252 Vergilius
1614 2206 1716 2251 (Aen.
1732 2219 1774 2241 111
1794 2207 1887 2251 354),

325 2257 460 2292 «terrai
486 2257 705 2303 frugiferai»
725 2258 867 2292 Ennius
893 2258 933 2293 in
960 2258 1186 2293 annalibus?
1207 2258 1293 2293 Exc.
1309 2269 1354 2294 ex
1374 2258 1512 2294 Charis.
1528 2259 1618 2294 Bob.
1632 2271 1668 2304 p.
1685 2262 1764 2303 538,
1779 2263 1823 2293 27
1843 2259 1886 2294 Κ.

327 2311 337 2327 ‘
349 2310 470 2345 adhuc
490 2321 570 2345 esse
589 2321 729 2346 morem
748 2311 872 2356 poetis
892 2311 932 2346 in
952 2311 1078 2346 dativo
1099 2311 1226 2347 «aulai
1244 2311 1391 2347 medio»
1412 2312 1536 2347 dicere
1556 2313 1595 2347 et
1608 2312 1731 2348 «intus
1752 2312 1888 2358 aquai»

326 2363 428 2407 (Aen.
442 2377 492 2398 v11
506 2365 607 2409 464);
622 2364 864 2410 «frugiferai»
879 2364 1021 2399 Ennius
1035 2365 1075 2400 in
1089 2364 1315 2399 annalibus.'
1398 2365 1538 2400 Marius
1552 2365 1695 2400 Plotius
1710 2365 1888 2400 Sacerdos

326 2415 366 2450 G.
382 2416 420 2450 L.
436 2416 478 2450 K.
492 2429 529 2451 v1
548 2429 583 2462 p.
599 2421 678 2461 449,
695 2421 715 2452 2
736 2417 937 2453 ‘diaeresis
957 2419 1015 2453 est
1034 2429 1117 2453 cum
1138 2418 1235 2452 duae
1253 2417 1401 2453 vocales
1414 2418 1453 2453 in
1468 2418 1652 2463 syllabam
1666 2419 1802 2454 ductae
1815 2419 1888 2454 sin-

324 2469 454 2515 gulare
472 2470 736 2514 pronuntiatae
756 2470 985 2515 dividuntur,
999 2473 1042 2506 ut
1056 2471 1190 2507 «aulae
1209 2470 1248 2505 in
1268 2470 1415 2507 medio»
1431 2473 1469 2506 et
1482 2471 1672 2517 «fragae»,
1688 2472 1836 2508 «aulai»
1851 2473 1889 2507 et

327 2521 496 2568 «frugai»
517 2523 793 2570 (frugiferae
814 2526 852 2559 et
871 2524 1122 2570 frugiferai
1141 2523 1302 2558 Vindob.
1317 2524 1449 2569 edit.).’
1556 2525 1701 2570 Fragm.
1716 2524 1886 2560 Bobiens.

327 2576 374 2611 de
393 2575 541 2611 nomine
561 2578 599 2611 et
617 2588 783 2622 pronom.
797 2577 838 2612 G.
851 2578 890 2611 L.
902 2578 945 2612 K.
957 2591 980 2612 v
992 2589 1028 2622 p.
1042 2581 1121 2619 555,
1131 2581 1152 2612 3
1166 2577 1346 2623 ‘legimus
1366 2577 1467 2622 apud
1481 2579 1694 2613 Lucretium
1707 2579 1745 2613 et
1758 2578 1888 2624 Vergi-

326 2629 418 2663 lium
439 2629 575 2664 «terrai
600 2630 818 2675 frugiferai»
838 2642 905 2676 pro
931 2632 1054 2666 terrae
1073 2630 1276 2675 frugiferae
1296 2632 1334 2665 et
1353 2630 1478 2666 «aulai
1497 2631 1644 2665 medio»
1663 2642 1730 2675 pro
1751 2631 1886 2666 aulae?

329 2681 381 2716 Cf.
396 2682 421 2716 Ι.
434 2681 618 2717 Becker-us
632 2683 760 2727 philol.
774 2697 801 2718 11
813 2696 848 2728 p.
865 2687 920 2718 55.
1018 2683 1204 2719 Martialis
1218 2684 1334 2729 epigr.
1346 2697 1383 2718 XI
1399 2687 1453 2726 90,
1463 2688 1483 2718 5
1501 2684 1512 2699 ‘
1522 2684 1780 2728 attonitusque
1793 2684 1887 2729 legis

329 2735 466 2771 «terrai
485 2735 715 2781 frugiferai»,
733 2736 868 2771 Accius
889 2738 926 2772 et
946 2737 1130 2782 quidquid
1149 2736 1406 2782 Pacuviusque
1423 2737 1603 2772 vomunt.'

449 2890 532 2947 487
560 2908 728 2960 vegebat
746 2907 935 2958 Scaliqer:
954 2909 1116 2961 vegerat
1238 2907 1296 2957 Of.
1317 2920 1415 2948 scen.
1431 2906 1513 2957 ,367
