2004 3278
0 0 8 53 -τα

433 181 649 218 SCENlCA:
677 182 1030 219 CRESPHONTES.
1069 183 1389 220 ERECHTHEUS
1596 186 1686 221 CCV

124 293 356 344 Euripidem
374 296 552 333 secutum
571 307 653 333 esse
673 297 829 334 constat
851 290 917 349 (cf.
932 296 1135 335 Nauckius
1155 299 1257 348 trag.
1277 296 1341 336 Gr.
1357 298 1497 349 fragm.
1512 311 1549 348 p.
1565 293 1682 351 497)

125 352 244 393 Cuius
269 354 405 393 fabula
435 352 690 406 Κρεσφόντης
715 356 832 393 unica
858 358 918 394 est
943 369 1043 404 quae
1075 357 1148 395 hoc
1179 369 1320 395 nomen
1351 357 1440 405 fert,
1469 358 1571 396 unde
1603 370 1683 396 cre-

123 413 244 451 dibile
274 413 319 451 fit
350 407 462 466 (nam
494 414 610 452 certis
643 415 884 463 argumentis
916 427 995 453 non
1026 411 1239 469 evincitur)
1273 416 1374 454 hanc
1411 417 1531 455 fuisse
1563 417 1684 455 Ennii

124 473 355 522 exemplum.

241 531 518 580 Erechthei,
539 543 656 581 quam
676 532 854 570 fabulam
867 533 963 571 item
975 533 1053 572 nisi
1066 533 1278 583 Euripides
1292 547 1405 573 nemo
1420 537 1682 584 composuisse

121 592 257 640 fertur,
282 604 410 641 pauca
436 591 595 640 quidem
620 591 844 642 fragmenta
870 594 1027 631 servata
1052 594 1144 631 sunt
1163 593 1229 631 sed
1248 594 1289 630 in
1312 594 1360 632 iis
1382 589 1448 646 (11)
1471 594 1574 643 quod
1594 607 1682 633 cum

122 650 358 689 Praxitheae
377 650 507 689 verbis
521 651 757 700 Euripideae
778 652 837 689 ita
854 653 1066 701 conspirat,
1085 653 1130 690 ut
1149 665 1219 690 nec
1239 652 1285 690 de
1306 656 1537 702 argumento
1552 667 1622 692 nec
1635 654 1682 692 de

122 712 281 748 auctore
300 710 505 748 Ennianae
524 709 751 761 tragoediae
772 709 935 748 dubium
955 723 1036 749 esse
1053 713 1196 761 possit,
1217 724 1338 760 quare
1352 724 1367 749 1
1381 712 1501 749 Ennii
1514 714 1683 762 nomine,

122 782 200 807 non
231 769 459 820 tragoediae
491 769 659 807 allatum
689 769 796 807 haud
827 772 1058 808 cunctanter
1088 772 1131 808 in
1162 783 1207 808 ea
1238 771 1444 821 tragoedia
1475 773 1590 821 posui
1620 772 1683 811 cui

122 830 318 867 sententia
343 828 531 867 vindicat.
557 829 617 866 De
643 831 875 879 argumento
895 842 943 867 ne
971 830 1066 878 quid
1093 830 1335 868 desideretur
1360 831 1521 869 afferam
1541 845 1586 869 ex
1605 831 1681 881 Ly-

121 889 232 939 curgi
258 889 435 926 oratione
459 889 501 925 in
520 887 761 936 Leocratem,
788 890 852 926 cui
876 889 1031 938 prolixa
1057 888 1168 941 ῥῆσις
1187 889 1423 928 Praxitheae
1445 891 1680 940 Euripideae

121 949 284 996 accepta
308 948 445 995 fertur,
474 947 570 985 haec
594 947 845 997 potissimum
872 949 925 986 98
938 961 994 998 sq
1028 946 1125 998 φασὶ
1156 946 1228 1000 γὰρ
1254 946 1473 999 Εὔμολπον
1504 949 1572 988 τὸν
1598 951 1681 988 Πο-

122 1006 308 1053 σειδῶνος
332 1004 398 1045 καὶ
423 1005 574 1058 Χιόνης
601 1005 694 1057 μετὰ
717 1007 884 1061 Θρακῶν
910 1005 1042 1046 ἐλθεῖν
1067 1013 1136 1058 τῆς
1161 1007 1287 1060 χώρας
1312 1008 1456 1059 ταύτης
1481 1007 1682 1060 ἀμφισβη-

121 1070 283 1117 τοῦντα,
319 1068 447 1118 τυχεῖν
486 1063 528 1104 δὲ
558 1061 637 1104 κατ’
671 1064 844 1113 ἐκείνους
880 1066 972 1114 τοὺς
1002 1066 1168 1119 χρόνους
1206 1067 1459 1118 βασιλεύοντα
1485 1063 1683 1119 Ἐρεχθέα,

120 1127 289 1176 γυναῖκα
314 1123 449 1177 ἔχοντα
475 1123 707 1178 Πραξιθέαν
731 1124 804 1176 τὴν
823 1127 1011 1177 Κηφισοῦ
1036 1124 1245 1178 θυγατέρα.
1272 1127 1438 1178 μεγαλου
1465 1124 1506 1165 δὲ
1526 1138 1682 1180 στρατο-

119 1182 243 1223 πέδου
281 1182 486 1235 μέλλοντος
523 1183 657 1231 αὐτοῖς
693 1183 907 1236 εἰσβάλλειν
945 1185 1000 1232 εἰς
1037 1184 1108 1236 τὴν
1144 1185 1274 1238 χώραν
1305 1186 1361 1232 εἰς
1393 1185 1575 1236 Δελφοὺς
1611 1185 1682 1225 ἰὼν

120 1241 251 1296 ἠρώτα
275 1242 344 1282 τὸν
369 1243 478 1295 θεόν,
504 1243 543 1282 τί
564 1249 690 1283 ποιῶν
709 1241 760 1283 ἂν
779 1244 896 1295 νίκην
920 1244 1034 1296 λάβοι
1053 1243 1158 1298 παρὰ
1183 1250 1261 1283 τῶν
1279 1245 1487 1296 πολεμίων.
1513 1244 1682 1298 χρήσαν-

120 1316 185 1349 τος
212 1299 254 1341 δὲ
279 1301 384 1358 αὐτῷ
410 1309 480 1342 τοῦ
505 1306 617 1353 θεοῦ,
643 1302 714 1353 τὴν
740 1302 938 1356 θυγατέρα
963 1303 999 1342 εἰ
1022 1303 1158 1342 θύσειε
1186 1303 1262 1356 πρὸ
1287 1310 1356 1342 τοῦ
1383 1305 1595 1355 συμβαλεῖν
1629 1303 1680 1343 τὼ

121 1359 380 1414 στρατοπέδω,
404 1362 612 1414 κρατήσειν
637 1368 715 1401 τῶν
741 1363 952 1414 πολεμίων,
984 1361 1004 1401 ὁ
1038 1361 1079 1401 δὲ
1111 1366 1164 1417 τῷ
1195 1366 1278 1417 θεῷ
1313 1363 1550 1414 πειθόμενος
1579 1359 1678 1402 τοῦτ’

119 1419 258 1474 ἔπραξε
283 1420 349 1460 καὶ
374 1421 466 1468 τοὺς
491 1420 885 1474 ἐπιστρατευομένους
910 1420 952 1460 ἐκ
976 1428 1045 1473 τῆς
1070 1421 1195 1474 χώρας
1224 1420 1388 1474 ἐξέβαλε.

238 1481 297 1518 Ex
318 1481 663 1520 Eumenidibus
691 1494 791 1530 quae
817 1482 1036 1520 afferuntur
1054 1494 1132 1520 non
1153 1482 1281 1520 solum
1301 1485 1434 1532 μῦθον
1453 1483 1680 1533 tragoediae

121 1535 189 1592 (cf.
221 1541 391 1578 maxime
415 1553 456 1578 11.
476 1553 533 1578 111.
553 1553 604 1579 tv.
625 1536 669 1593 v)
703 1541 881 1579 indicant
912 1541 980 1579 sed
1011 1541 1132 1579 etiam
1163 1554 1250 1579 eam
1282 1542 1556 1592 cognationem
1593 1554 1681 1579 cum

119 1599 306 1648 Aeschyli
331 1599 509 1638 versibus
534 1601 577 1637 in
603 1600 833 1650 cognomine
854 1600 991 1639 fabula
1011 1602 1206 1650 aperiunt,
1231 1603 1276 1639 ut
1295 1600 1379 1639 iure
1399 1613 1510 1639 suam
1530 1601 1680 1639 Ennius

120 1657 305 1696 credatur
329 1658 380 1697 ad
405 1659 593 1709 Aeschyli
618 1659 838 1708 exemplum
870 1661 1144 1710 composuisse.
1180 1660 1308 1705 Quare
1341 1660 1577 1709 quibusdam
1602 1660 1681 1698 En-

119 1718 249 1756 nianis
274 1730 353 1757 non
378 1731 423 1756 ex
448 1719 522 1757 hac
546 1718 752 1769 tragoedia
772 1719 904 1757 citatis
925 1713 969 1772 (Ι.
989 1732 1040 1759 v1.
1062 1714 1136 1772 vn)
1157 1719 1301 1758 licebat
1320 1720 1423 1758 hunc
1442 1720 1573 1758 locum
1593 1732 1681 1757 cum

119 1776 194 1815 fide
219 1778 432 1828 assignare.

236 1836 461 1876 Hectoris
486 1838 615 1887 lytra
641 1838 724 1876 sive
737 1834 963 1889 Ἕκτορος
988 1837 1131 1889 λύτρα
1158 1850 1259 1887 quae
1279 1839 1444 1876 vocatur
1462 1838 1681 1888 tragoedia,

119 1897 164 1934 ut
183 1896 241 1935 est
262 1897 350 1935 aliis
369 1896 604 1946 locupletior
623 1896 800 1935 versibus
820 1897 1099 1946 superstitibus
1118 1898 1177 1935 ita
1196 1897 1373 1935 abundat
1392 1898 1681 1946 controversiis,

120 1968 165 1994 ac
190 1968 252 1993 me
277 1956 405 1994 fateor
430 1968 508 1994 non
533 1957 575 1994 in
600 1956 736 2005 paucis
767 1956 882 1994 rebus
915 1969 939 1994 a
963 1956 1169 1994 Ribbeckii
1200 1958 1321 1994 etiam
1352 1958 1473 1994 tertia
1503 1957 1679 2006 recogni-

119 2016 227 2053 tione
253 2014 470 2054 dissentire.
499 2015 575 2053 Sed
599 2017 646 2053 ut
670 2016 875 2053 mittamus
901 2016 1070 2066 singula,
1097 2016 1144 2053 de
1170 2017 1402 2066 argumento
1423 2016 1458 2053 si
1477 2016 1681 2064 quaeritur

119 2076 159 2112 et
184 2074 231 2112 de
256 2074 479 2124 argumenti
504 2074 659 2123 finibus,
690 2087 769 2112 non
795 2074 955 2112 difficile
981 2076 1040 2113 est
1064 2076 1143 2112 tres
1168 2076 1301 2123 partes
1326 2074 1550 2122 internosci,
1584 2086 1677 2123 qua-

118 2146 209 2171 rum
232 2134 361 2182 prima
388 2128 573 2186 (1—V111)
601 2133 714 2182 quasi
740 2133 939 2182 quandam
963 2133 1144 2171 Hectoris
1173 2131 1367 2184 ἀριστείαν
1392 2133 1583 2180 continet,
1610 2134 1680 2182 qui

118 2205 208 2230 cum
231 2193 273 2230 vi
298 2193 338 2230 et
362 2192 524 2230 fortuna
554 2192 810 2242 progrediens
842 2193 975 2241 copias
1009 2191 1247 2230 Graecorum
1277 2192 1409 2230 fundit
1441 2194 1480 2230 et
1510 2192 1678 2241 repellit.

120 2251 231 2296 Quod
252 2252 347 2300 quia
365 2251 426 2289 his
446 2251 622 2290 versibus
637 2246 703 2304 (n)
719 2252 862 2290 Hector
880 2253 919 2289 vi
930 2263 1085 2289 summa
1098 2254 1269 2290 armatos
1282 2252 1408 2290 educit
1419 2253 1528 2299 foras
1542 2252 1580 2289 et
1595 2245 1677 2304 (111)

117 2322 188 2349 nos
213 2312 402 2359 quiescere
427 2323 592 2359 aequum
618 2311 697 2349 est?
720 2321 858 2348 nomus
884 2311 995 2348 ambo
1023 2310 1172 2349 Ulixem
1198 2323 1244 2348 ex
1268 2311 1342 2349 hac
1365 2310 1570 2361 tragoedia
1594 2311 1678 2348 lau-

119 2369 222 2407 datis
247 2369 448 2419 probatur,
474 2382 553 2408 non
578 2370 760 2408 dubitavi
783 2371 833 2408 iis
860 2369 1065 2408 adnectere
1096 2382 1232 2409 versus
1262 2370 1452 2419 quosdam
1477 2370 1678 2407 Ennianos

118 2429 228 2466 nullo
253 2429 481 2480 tragoediae
513 2430 670 2468 nomine
702 2430 844 2467 citatos
876 2429 943 2467 sed
970 2430 1038 2478 qui
1066 2431 1247 2468 accurate
1279 2430 1315 2468 ei
1346 2430 1578 2480 argmnento
1611 2442 1677 2478 ap-

118 2488 331 2537 plicantur,
356 2489 529 2537 primum
554 2501 687 2527 versus
715 2489 892 2538 egregios
913 2482 992 2540 (lv)
1019 2490 1142 2527 saucii
1160 2488 1356 2538 Eurypyli
1383 2488 1432 2526 ad
1451 2488 1679 2527 Patroclum

119 2546 373 2596 advenientis,
400 2549 464 2586 cui
487 2550 615 2586 iussus
641 2560 802 2586 narrare
829 2541 953 2600 (169)
979 2559 1040 2586 res
1058 2547 1252 2596 Aryivum
1269 2549 1420 2596 proelio
1444 2551 1486 2585 ut
1504 2559 1543 2586 se
1564 2549 1678 2586 susti-

117 2608 181 2644 net
205 2606 360 2644 orditur
385 2607 434 2645 ab
459 2607 520 2646 his
546 2607 675 2645 verbis
706 2607 773 2644 ubi
803 2608 963 2654 fortuma
988 2607 1166 2645 Hectoris
1196 2610 1369 2645 nostram
1400 2619 1527 2645 acrem
1558 2608 1678 2645 aciem

117 2665 347 2704 inclinatam
371 2666 496 2713 dedit;
524 2666 667 2715 quibus
693 2665 892 2704 adduntur
916 2678 1050 2704 versus
1077 2666 1238 2715 quidam
1265 2667 1333 2716 qui
1358 2667 1392 2704 si
1416 2679 1495 2704 non
1521 2678 1567 2703 ex
1590 2667 1677 2714 ipsa

117 2723 191 2761 hac
216 2726 442 2763 narratione
467 2727 615 2775 sumpti
641 2726 732 2764 sunt
753 2719 806 2777 (v.
828 2736 877 2763 vl.
898 2737 966 2763 vn.
986 2719 1089 2778 vm),
1116 2728 1220 2763 certe
1246 2725 1409 2763 eandem
1433 2737 1564 2762 rerum
1587 2735 1675 2761 con-

119 2782 313 2821 dicionem
337 2796 431 2833 prae
458 2797 498 2823 se
523 2785 667 2833 ferunt,
698 2785 740 2821 in
772 2783 916 2833 quibus
941 2784 1005 2822 hic
1031 2779 1124 2838 (vn)
1151 2785 1305 2829 Hector,
1336 2785 1402 2832 qui
1426 2783 1532 2821 haud
1557 2783 1678 2820 cessat

118 2842 351 2881 obsidioriem
376 2844 570 2883 obducere.

239 2901 380 2941 Altera
405 2904 538 2941 autem
562 2916 655 2953 pars
681 2896 889 2955 (lx—XVI)
916 2903 1031 2940 affert
1049 2902 1245 2941 Achillem
1270 2901 1429 2940 tandem
1454 2913 1499 2938 ex
1523 2912 1593 2938 suo
1620 2911 1676 2937 se-
