<?xml version="1.0" encoding="UTF-8"?>
<!DOCTYPE html PUBLIC "-//W3C//DTD XHTML 1.0 Transitional//EN"
    "http://www.w3.org/TR/xhtml1/DTD/xhtml1-transitional.dtd">
<html xmlns="http://www.w3.org/1999/xhtml" xml:lang="en" lang="en">
 <head>
  <title>
</title>
<meta http-equiv="Content-Type" content="text/html;charset=utf-8" />
  <meta name='ocr-system' content='tesseract 3.04.00' />
  <meta name='ocr-capabilities' content='ocr_page ocr_carea ocr_par ocr_line ocrx_word'/>
</head>
<body>
  <div class='ocr_page' id='page_1' title='image "./ennianaepoesisre00enniuoft/ennianaepoesisre00enniuoft_0327.png"; bbox 0 0 2054 3282; ppageno 0'>
   <div class='ocr_carea' id='block_1_1' title="bbox 715 175 1736 216">
    <p class='ocr_par' dir='ltr' id='par_1_1' title="bbox 715 175 1736 216">
     <span class='ocr_line' id='line_1_1' title="bbox 715 175 1736 216; baseline -0.002 -5"><span class='ocrx_word' id='word_1_1' title='bbox 715 176 782 211; x_wconf 88' lang='lat' dir='ltr'>AN</span> <span class='ocrx_word' id='word_1_2' title='bbox 783 176 974 211; x_wconf 90' lang='lat' dir='ltr'>NALIUM</span> <span class='ocrx_word' id='word_1_3' title='bbox 999 176 1087 212; x_wconf 88' lang='lat' dir='ltr'>LIB.</span> <span class='ocrx_word' id='word_1_4' title='bbox 1107 175 1196 211; x_wconf 87' lang='lat' dir='ltr'>INC.</span> <span class='ocrx_word' id='word_1_5' title='bbox 1681 175 1736 216; x_wconf 81' lang='lat'>99</span> 
     </span>
    </p>
   </div>
   <div class='ocr_carea' id='block_1_2' title="bbox 175 295 1300 412">
    <p class='ocr_par' dir='ltr' id='par_1_2' title="bbox 175 295 1300 412">
     <span class='ocr_line' id='line_1_2' title="bbox 898 295 1014 330; baseline 0 0"><span class='ocrx_word' id='word_1_6' title='bbox 898 295 1014 330; x_wconf 91' lang='lat' dir='ltr'><strong>LXIX</strong></span> 
     </span>
     <span class='ocr_line' id='line_1_3' title="bbox 175 356 1300 412; baseline -0.002 -13"><span class='ocrx_word' id='word_1_7' title='bbox 175 356 262 399; x_wconf 91' lang='grc'>540</span> <span class='ocrx_word' id='word_1_8' title='bbox 292 356 460 399; x_wconf 82' lang='lat' dir='ltr'>Effudit</span> <span class='ocrx_word' id='word_1_9' title='bbox 483 370 607 399; x_wconf 88' lang='lat' dir='ltr'>voces</span> <span class='ocrx_word' id='word_1_10' title='bbox 633 357 808 412; x_wconf 89' lang='lat' dir='ltr'>proprio</span> <span class='ocrx_word' id='word_1_11' title='bbox 834 370 931 399; x_wconf 90' lang='lat' dir='ltr'>cum</span> <span class='ocrx_word' id='word_1_12' title='bbox 956 358 1127 411; x_wconf 77' lang='lat' dir='ltr'>pectore</span> <span class='ocrx_word' id='word_1_13' title='bbox 1153 358 1300 398; x_wconf 87' lang='lat' dir='ltr'>sancto</span> 
     </span>
    </p>
   </div>
   <div class='ocr_carea' id='block_1_3' title="bbox 175 461 1459 579">
    <p class='ocr_par' dir='ltr' id='par_1_3' title="bbox 175 461 1459 579">
     <span class='ocr_line' id='line_1_4' title="bbox 908 461 1006 495; baseline 0 0"><span class='ocrx_word' id='word_1_14' title='bbox 908 461 1006 495; x_wconf 89' lang='lat' dir='ltr'>LXX</span> 
     </span>
     <span class='ocr_line' id='line_1_5' title="bbox 175 520 1459 579; baseline -0.002 -15"><span class='ocrx_word' id='word_1_15' title='bbox 175 523 257 566; x_wconf 85' lang='lat'>541</span> <span class='ocrx_word' id='word_1_16' title='bbox 294 521 562 565; x_wconf 75' lang='lat' dir='ltr'><strong>Contremuit</strong></span> <span class='ocrx_word' id='word_1_17' title='bbox 587 521 795 577; x_wconf 87' lang='lat' dir='ltr'>templum</span> <span class='ocrx_word' id='word_1_18' title='bbox 820 537 1024 579; x_wconf 85' lang='lat' dir='ltr'>magnum</span> <span class='ocrx_word' id='word_1_19' title='bbox 1050 520 1164 564; x_wconf 86' lang='lat' dir='ltr'>Iovis</span> <span class='ocrx_word' id='word_1_20' title='bbox 1191 521 1459 564; x_wconf 85' lang='lat' dir='ltr'>altitonantis</span> 
     </span>
    </p>
   </div>
   <div class='ocr_carea' id='block_1_4' title="bbox 901 627 1016 661">
    <p class='ocr_par' dir='ltr' id='par_1_4' title="bbox 901 627 1016 661">
     <span class='ocr_line' id='line_1_6' title="bbox 901 627 1016 661; baseline 0 0"><span class='ocrx_word' id='word_1_21' title='bbox 901 627 1016 661; x_wconf 91' lang='lat' dir='ltr'>LXXI</span> 
     </span>
    </p>
   </div>
   <div class='ocr_carea' id='block_1_5' title="bbox 175 687 1440 976">
    <p class='ocr_par' dir='ltr' id='par_1_5' title="bbox 175 687 1440 976">
     <span class='ocr_line' id='line_1_7' title="bbox 175 687 1440 743; baseline 0 -13"><span class='ocrx_word' id='word_1_22' title='bbox 175 687 261 730; x_wconf 81' lang='lat'>542</span> <span class='ocrx_word' id='word_1_23' title='bbox 1023 688 1097 743; x_wconf 88' lang='lat' dir='ltr'>qui</span> <span class='ocrx_word' id='word_1_24' title='bbox 1121 687 1301 730; x_wconf 87' lang='lat' dir='ltr'><strong>fulmine</strong></span> <span class='ocrx_word' id='word_1_25' title='bbox 1326 688 1440 730; x_wconf 88' lang='lat' dir='ltr'>claro</span> 
     </span>
     <span class='ocr_line' id='line_1_8' title="bbox 288 758 1400 815; baseline -0.001 -13"><span class='ocrx_word' id='word_1_26' title='bbox 288 758 441 802; x_wconf 84' lang='lat' dir='ltr'>Omnia</span> <span class='ocrx_word' id='word_1_27' title='bbox 465 774 542 815; x_wconf 91' lang='lat' dir='ltr'>per</span> <span class='ocrx_word' id='word_1_28' title='bbox 566 759 731 802; x_wconf 88' lang='lat' dir='ltr'>sonitus</span> <span class='ocrx_word' id='word_1_29' title='bbox 758 762 884 814; x_wconf 86' lang='lat' dir='ltr'>arcet,</span> <span class='ocrx_word' id='word_1_30' title='bbox 911 761 1068 801; x_wconf 87' lang='lat' dir='ltr'>terram</span> <span class='ocrx_word' id='word_1_31' title='bbox 1093 774 1210 802; x_wconf 88' lang='lat' dir='ltr'>mare</span> <span class='ocrx_word' id='word_1_32' title='bbox 1235 760 1400 802; x_wconf 89' lang='lat' dir='ltr'>caelum</span> 
     </span>
     <span class='ocr_line' id='line_1_9' title="bbox 891 864 1023 899; baseline 0 0"><span class='ocrx_word' id='word_1_33' title='bbox 891 864 1023 899; x_wconf 88' lang='lat' dir='ltr'>LXXII</span> 
     </span>
     <span class='ocr_line' id='line_1_10' title="bbox 176 924 1320 976; baseline -0.001 -9"><span class='ocrx_word' id='word_1_34' title='bbox 176 924 263 967; x_wconf 90' lang='grc'>544</span> <span class='ocrx_word' id='word_1_35' title='bbox 295 925 410 976; x_wconf 84' lang='lat' dir='ltr'>Quae</span> <span class='ocrx_word' id='word_1_36' title='bbox 436 925 575 968; x_wconf 82' lang='lat' dir='ltr'>valide</span> <span class='ocrx_word' id='word_1_37' title='bbox 599 925 778 968; x_wconf 87' lang='lat' dir='ltr'>veniunt</span> <span class='ocrx_word' id='word_1_38' title='bbox 991 925 1165 968; x_wconf 89' lang='lat' dir='ltr'>falarica</span> <span class='ocrx_word' id='word_1_39' title='bbox 1190 925 1320 967; x_wconf 89' lang='lat' dir='ltr'>missa</span> 
     </span>
    </p>
   </div>
   <div class='ocr_carea' id='block_1_6' title="bbox 175 1053 1774 2702">
    <p class='ocr_par' dir='ltr' id='par_1_6' title="bbox 175 1053 1739 1155">
     <span class='ocr_line' id='line_1_11' title="bbox 177 1053 1739 1101; baseline 0 -13"><span class='ocrx_word' id='word_1_40' title='bbox 177 1083 183 1088; x_wconf 87' lang='lat'>.</span> <span class='ocrx_word' id='word_1_41' title='bbox 201 1083 206 1088; x_wconf 97' lang='lat'>.</span> <span class='ocrx_word' id='word_1_42' title='bbox 224 1083 230 1089; x_wconf 95' lang='lat'>.</span> <span class='ocrx_word' id='word_1_43' title='bbox 247 1082 254 1089; x_wconf 93' lang='lat'>.</span> <span class='ocrx_word' id='word_1_44' title='bbox 270 1054 411 1090; x_wconf 85' lang='lat' dir='ltr'>Ennius</span> <span class='ocrx_word' id='word_1_45' title='bbox 432 1054 699 1101; x_wconf 75' lang='lat' dir='ltr'>«fortunasque</span> <span class='ocrx_word' id='word_1_46' title='bbox 718 1066 810 1100; x_wconf 74' lang='lat' dir='ltr'>quas</span> <span class='ocrx_word' id='word_1_47' title='bbox 835 1065 988 1100; x_wconf 87' lang='lat' dir='ltr'>coepere</span> <span class='ocrx_word' id='word_1_48' title='bbox 1009 1056 1167 1101; x_wconf 86' lang='lat' dir='ltr'>(cepere)</span> <span class='ocrx_word' id='word_1_49' title='bbox 1186 1053 1209 1089; x_wconf 92' lang='lat' dir='ltr'>l.</span> <span class='ocrx_word' id='word_1_50' title='bbox 1224 1054 1249 1089; x_wconf 88' lang='lat' dir='ltr'>i.</span> <span class='ocrx_word' id='word_1_51' title='bbox 1264 1065 1304 1090; x_wconf 85' lang='lat' dir='ltr'>se</span> <span class='ocrx_word' id='word_1_52' title='bbox 1323 1065 1527 1089; x_wconf 87' lang='lat' dir='ltr'>memorare</span> <span class='ocrx_word' id='word_1_53' title='bbox 1551 1056 1614 1100; x_wconf 89' lang='lat' dir='ltr'>(se</span> <span class='ocrx_word' id='word_1_54' title='bbox 1640 1064 1739 1089; x_wconf 86' lang='lat' dir='ltr'>rare</span> 
     </span>
     <span class='ocr_line' id='line_1_12' title="bbox 175 1107 808 1155; baseline 0.002 -13"><span class='ocrx_word' id='word_1_55' title='bbox 175 1108 270 1143; x_wconf 83' lang='lat' dir='ltr'>Flor.</span> <span class='ocrx_word' id='word_1_56' title='bbox 285 1120 332 1143; x_wconf 90' lang='lat' dir='ltr'>m.</span> <span class='ocrx_word' id='word_1_57' title='bbox 346 1120 401 1154; x_wconf 88' lang='lat' dir='ltr'>pr.</span> <span class='ocrx_word' id='word_1_58' title='bbox 416 1108 584 1155; x_wconf 87' lang='lat' dir='ltr'>Leid.)».’</span> <span class='ocrx_word' id='word_1_59' title='bbox 684 1107 737 1143; x_wconf 82' lang='lat' dir='ltr'>Of.</span> <span class='ocrx_word' id='word_1_60' title='bbox 754 1111 808 1143; x_wconf 85' lang='lat'>59.</span> 
     </span>
    </p>

    <p class='ocr_par' dir='ltr' id='par_1_7' title="bbox 175 1161 1742 1570">
     <span class='ocr_line' id='line_1_13' title="bbox 294 1161 1740 1208; baseline -0.001 -11"><span class='ocrx_word' id='word_1_61' title='bbox 294 1161 408 1197; x_wconf 79' lang='lat' dir='ltr'>LXIX</span> <span class='ocrx_word' id='word_1_62' title='bbox 421 1163 516 1208; x_wconf 84' lang='lat'>(540)</span> <span class='ocrx_word' id='word_1_63' title='bbox 549 1161 696 1197; x_wconf 87' lang='lat' dir='ltr'>Servius</span> <span class='ocrx_word' id='word_1_64' title='bbox 707 1162 747 1196; x_wconf 92' lang='lat' dir='ltr'>in</span> <span class='ocrx_word' id='word_1_65' title='bbox 757 1173 882 1208; x_wconf 86' lang='lat' dir='ltr'>georg.</span> <span class='ocrx_word' id='word_1_66' title='bbox 897 1175 925 1196; x_wconf 91' lang='lat'>11</span> <span class='ocrx_word' id='word_1_67' title='bbox 937 1166 1008 1197; x_wconf 88' lang='lat'>424</span> <span class='ocrx_word' id='word_1_68' title='bbox 1023 1162 1035 1179; x_wconf 71' lang='lat'><em>‘</em></span> <span class='ocrx_word' id='word_1_69' title='bbox 1045 1162 1141 1207; x_wconf 87' lang='lat' dir='ltr'>(ipsa</span> <span class='ocrx_word' id='word_1_70' title='bbox 1155 1161 1247 1196; x_wconf 87' lang='lat' dir='ltr'>satis</span> <span class='ocrx_word' id='word_1_71' title='bbox 1260 1161 1383 1205; x_wconf 88' lang='lat' dir='ltr'>tellus,</span> <span class='ocrx_word' id='word_1_72' title='bbox 1400 1173 1483 1197; x_wconf 90' lang='lat' dir='ltr'>cum</span> <span class='ocrx_word' id='word_1_73' title='bbox 1498 1161 1608 1196; x_wconf 86' lang='lat' dir='ltr'>dente</span> <span class='ocrx_word' id='word_1_74' title='bbox 1622 1161 1740 1196; x_wconf 87' lang='lat' dir='ltr'>reclu-</span> 
     </span>
     <span class='ocr_line' id='line_1_14' title="bbox 176 1214 1740 1262; baseline -0.001 -12"><span class='ocrx_word' id='word_1_75' title='bbox 176 1215 278 1250; x_wconf 88' lang='lat' dir='ltr'>ditur</span> <span class='ocrx_word' id='word_1_76' title='bbox 296 1227 401 1259; x_wconf 89' lang='lat' dir='ltr'>unco,</span> <span class='ocrx_word' id='word_1_77' title='bbox 423 1215 562 1250; x_wconf 88' lang='lat' dir='ltr'>sufficit</span> <span class='ocrx_word' id='word_1_78' title='bbox 580 1226 746 1251; x_wconf 89' lang='lat' dir='ltr'>umorem</span> <span class='ocrx_word' id='word_1_79' title='bbox 765 1217 815 1262; x_wconf 88' lang='lat' dir='ltr'>et)</span> <span class='ocrx_word' id='word_1_80' title='bbox 829 1216 1015 1262; x_wconf 87' lang='lat' dir='ltr'>gravidas,</span> <span class='ocrx_word' id='word_1_81' title='bbox 1037 1227 1121 1250; x_wconf 91' lang='lat' dir='ltr'>cum</span> <span class='ocrx_word' id='word_1_82' title='bbox 1133 1226 1290 1259; x_wconf 86' lang='lat' dir='ltr'>vomere,</span> <span class='ocrx_word' id='word_1_83' title='bbox 1304 1215 1447 1261; x_wconf 86' lang='lat' dir='ltr'>fruges:</span> <span class='ocrx_word' id='word_1_84' title='bbox 1464 1227 1547 1251; x_wconf 90' lang='lat' dir='ltr'>cum</span> <span class='ocrx_word' id='word_1_85' title='bbox 1561 1214 1740 1258; x_wconf 75' lang='lat' dir='ltr'>abundat,</span> 
     </span>
     <span class='ocr_line' id='line_1_15' title="bbox 175 1268 1740 1315; baseline -0.001 -12"><span class='ocrx_word' id='word_1_86' title='bbox 175 1279 263 1303; x_wconf 82' lang='lat' dir='ltr'>nam</span> <span class='ocrx_word' id='word_1_87' title='bbox 287 1269 357 1304; x_wconf 91' lang='lat' dir='ltr'>hoc</span> <span class='ocrx_word' id='word_1_88' title='bbox 383 1269 492 1304; x_wconf 85' lang='lat' dir='ltr'>dicit:</span> <span class='ocrx_word' id='word_1_89' title='bbox 519 1268 778 1304; x_wconf 89' lang='lat' dir='ltr'>subministrat</span> <span class='ocrx_word' id='word_1_90' title='bbox 803 1269 929 1315; x_wconf 88' lang='lat' dir='ltr'>fruges</span> <span class='ocrx_word' id='word_1_91' title='bbox 951 1280 1108 1312; x_wconf 90' lang='lat' dir='ltr'>vomere,</span> <span class='ocrx_word' id='word_1_92' title='bbox 1134 1269 1174 1303; x_wconf 90' lang='lat' dir='ltr'>id</span> <span class='ocrx_word' id='word_1_93' title='bbox 1201 1270 1258 1304; x_wconf 84' lang='lat' dir='ltr'>est</span> <span class='ocrx_word' id='word_1_94' title='bbox 1281 1279 1348 1314; x_wconf 88' lang='lat' dir='ltr'>per</span> <span class='ocrx_word' id='word_1_95' title='bbox 1373 1280 1571 1304; x_wconf 88' lang='lat' dir='ltr'>vomerem:</span> <span class='ocrx_word' id='word_1_96' title='bbox 1599 1268 1740 1303; x_wconf 84' lang='lat' dir='ltr'>Ennius</span> 
     </span>
     <span class='ocr_line' id='line_1_16' title="bbox 176 1321 1739 1368; baseline -0.001 -11"><span class='ocrx_word' id='word_1_97' title='bbox 176 1321 334 1358; x_wconf 84' lang='lat' dir='ltr'>«effudit</span> <span class='ocrx_word' id='word_1_98' title='bbox 353 1321 577 1368; x_wconf 89' lang='lat' dir='ltr'>(effundit</span> <span class='ocrx_word' id='word_1_99' title='bbox 596 1322 708 1368; x_wconf 90' lang='lat' dir='ltr'>Mon.)</span> <span class='ocrx_word' id='word_1_100' title='bbox 725 1351 731 1357; x_wconf 88' lang='lat'>.</span> <span class='ocrx_word' id='word_1_101' title='bbox 749 1351 754 1357; x_wconf 96' lang='lat'>.</span> <span class='ocrx_word' id='word_1_102' title='bbox 773 1351 778 1357; x_wconf 95' lang='lat'>.</span> <span class='ocrx_word' id='word_1_103' title='bbox 794 1324 947 1359; x_wconf 85' lang='lat' dir='ltr'>sancto»</span> <span class='ocrx_word' id='word_1_104' title='bbox 966 1322 1006 1357; x_wconf 90' lang='lat' dir='ltr'>id</span> <span class='ocrx_word' id='word_1_105' title='bbox 1027 1323 1084 1357; x_wconf 90' lang='lat' dir='ltr'>est</span> <span class='ocrx_word' id='word_1_106' title='bbox 1107 1322 1258 1367; x_wconf 89' lang='lat' dir='ltr'>proprio</span> <span class='ocrx_word' id='word_1_107' title='bbox 1282 1323 1449 1367; x_wconf 87' lang='lat' dir='ltr'>pectore:</span> <span class='ocrx_word' id='word_1_108' title='bbox 1470 1333 1557 1357; x_wconf 88' lang='lat' dir='ltr'>nam</span> <span class='ocrx_word' id='word_1_109' title='bbox 1577 1333 1661 1357; x_wconf 91' lang='lat' dir='ltr'>cum</span> <span class='ocrx_word' id='word_1_110' title='bbox 1679 1332 1739 1356; x_wconf 90' lang='lat' dir='ltr'>va-</span> 
     </span>
     <span class='ocr_line' id='line_1_17' title="bbox 176 1375 1741 1421; baseline 0.001 -12"><span class='ocrx_word' id='word_1_111' title='bbox 176 1375 263 1410; x_wconf 56' lang='lat' dir='ltr'>cat?</span> <span class='ocrx_word' id='word_1_112' title='bbox 281 1375 427 1410; x_wconf 85' lang='lat' dir='ltr'>Servius</span> <span class='ocrx_word' id='word_1_113' title='bbox 440 1386 553 1421; x_wconf 89' lang='lat' dir='ltr'>prave</span> <span class='ocrx_word' id='word_1_114' title='bbox 566 1386 711 1410; x_wconf 86' lang='lat' dir='ltr'>versum</span> <span class='ocrx_word' id='word_1_115' title='bbox 721 1375 879 1421; x_wconf 78' lang='lat' dir='ltr'>Vergilii</span> <span class='ocrx_word' id='word_1_116' title='bbox 899 1376 1183 1421; x_wconf 84' lang='lat' dir='ltr'>interpretatur:</span> <span class='ocrx_word' id='word_1_117' title='bbox 1205 1377 1262 1410; x_wconf 90' lang='lat' dir='ltr'>est</span> <span class='ocrx_word' id='word_1_118' title='bbox 1281 1376 1380 1410; x_wconf 87' lang='lat' dir='ltr'>enirn</span> <span class='ocrx_word' id='word_1_119' title='bbox 1397 1376 1407 1393; x_wconf 76' lang='lat'><em>‘</em></span> <span class='ocrx_word' id='word_1_120' title='bbox 1418 1387 1501 1411; x_wconf 89' lang='lat' dir='ltr'>cum</span> <span class='ocrx_word' id='word_1_121' title='bbox 1521 1386 1666 1410; x_wconf 89' lang='lat' dir='ltr'>vomere</span> <span class='ocrx_word' id='word_1_122' title='bbox 1684 1386 1741 1410; x_wconf 92' lang='lat' dir='ltr'>re-</span> 
     </span>
     <span class='ocr_line' id='line_1_18' title="bbox 177 1428 1742 1474; baseline 0 -11"><span class='ocrx_word' id='word_1_123' title='bbox 177 1428 358 1463; x_wconf 86' lang='lat' dir='ltr'>cluditur’</span> <span class='ocrx_word' id='word_1_124' title='bbox 380 1430 424 1463; x_wconf 90' lang='lat' dir='ltr'>ut</span> <span class='ocrx_word' id='word_1_125' title='bbox 447 1441 479 1463; x_wconf 92' lang='lat' dir='ltr'>v.</span> <span class='ocrx_word' id='word_1_126' title='bbox 497 1432 566 1464; x_wconf 88' lang='lat'>423</span> <span class='ocrx_word' id='word_1_127' title='bbox 589 1429 693 1464; x_wconf 77' lang='lat' dir='ltr'>‘cum</span> <span class='ocrx_word' id='word_1_128' title='bbox 716 1429 827 1464; x_wconf 86' lang='lat' dir='ltr'>dente</span> <span class='ocrx_word' id='word_1_129' title='bbox 849 1429 1094 1474; x_wconf 80' lang='lat' dir='ltr'>recluditur’;</span> <span class='ocrx_word' id='word_1_130' title='bbox 1119 1429 1184 1464; x_wconf 87' lang='lat' dir='ltr'>sed</span> <span class='ocrx_word' id='word_1_131' title='bbox 1207 1429 1478 1464; x_wconf 82' lang='lat' dir='ltr'>abundantiam</span> <span class='ocrx_word' id='word_1_132' title='bbox 1507 1440 1620 1474; x_wconf 91' lang='lat' dir='ltr'>quam</span> <span class='ocrx_word' id='word_1_133' title='bbox 1648 1429 1742 1463; x_wconf 88' lang='lat' dir='ltr'>dicit</span> 
     </span>
     <span class='ocr_line' id='line_1_19' title="bbox 177 1482 1739 1528; baseline 0 -12"><span class='ocrx_word' id='word_1_134' title='bbox 177 1493 273 1516; x_wconf 88' lang='lat' dir='ltr'>cum</span> <span class='ocrx_word' id='word_1_135' title='bbox 296 1482 586 1527; x_wconf 78' lang='lat' dir='ltr'>praepositionis</span> <span class='ocrx_word' id='word_1_136' title='bbox 606 1482 725 1517; x_wconf 90' lang='lat' dir='ltr'>Ennio</span> <span class='ocrx_word' id='word_1_137' title='bbox 747 1482 849 1517; x_wconf 87' lang='lat' dir='ltr'>haud</span> <span class='ocrx_word' id='word_1_138' title='bbox 868 1482 1142 1528; x_wconf 87' lang='lat' dir='ltr'>infrequentem</span> <span class='ocrx_word' id='word_1_139' title='bbox 1160 1482 1271 1528; x_wconf 89' lang='lat' dir='ltr'>tetigi</span> <span class='ocrx_word' id='word_1_140' title='bbox 1290 1494 1383 1517; x_wconf 86' lang='lat' dir='ltr'>mus.</span> <span class='ocrx_word' id='word_1_141' title='bbox 1397 1483 1514 1517; x_wconf 85' lang='lat' dir='ltr'>Rhen.</span> <span class='ocrx_word' id='word_1_142' title='bbox 1529 1495 1591 1517; x_wconf 85' lang='lat' dir='ltr'>xrv</span> <span class='ocrx_word' id='word_1_143' title='bbox 1609 1495 1644 1528; x_wconf 92' lang='lat' dir='ltr'>p.</span> <span class='ocrx_word' id='word_1_144' title='bbox 1661 1486 1739 1517; x_wconf 85' lang='lat'>566.</span> 
     </span>
     <span class='ocr_line' id='line_1_20' title="bbox 179 1534 373 1570; baseline 0 -1"><span class='ocrx_word' id='word_1_145' title='bbox 179 1534 230 1569; x_wconf 84' lang='lat' dir='ltr'>Cf.</span> <span class='ocrx_word' id='word_1_146' title='bbox 246 1547 277 1569; x_wconf 90' lang='lat' dir='ltr'>v.</span> <span class='ocrx_word' id='word_1_147' title='bbox 295 1538 373 1570; x_wconf 82' lang='lat'>175.</span> 
     </span>
    </p>

    <p class='ocr_par' dir='ltr' id='par_1_8' title="bbox 176 1588 1774 1795">
     <span class='ocr_line' id='line_1_21' title="bbox 294 1588 1742 1635; baseline 0 -12"><span class='ocrx_word' id='word_1_148' title='bbox 294 1588 391 1623; x_wconf 91' lang='lat' dir='ltr'>LXX</span> <span class='ocrx_word' id='word_1_149' title='bbox 406 1590 501 1635; x_wconf 86' lang='lat'>(541)</span> <span class='ocrx_word' id='word_1_150' title='bbox 521 1589 638 1624; x_wconf 88' lang='lat' dir='ltr'>Varro</span> <span class='ocrx_word' id='word_1_151' title='bbox 653 1589 699 1624; x_wconf 84' lang='lat' dir='ltr'>de</span> <span class='ocrx_word' id='word_1_152' title='bbox 711 1589 735 1624; x_wconf 91' lang='lat'>1.</span> <span class='ocrx_word' id='word_1_153' title='bbox 745 1590 845 1625; x_wconf 85' lang='lat' dir='ltr'>L.vn</span> <span class='ocrx_word' id='word_1_154' title='bbox 859 1594 877 1624; x_wconf 81' lang='lat'><strong>7</strong></span> <span class='ocrx_word' id='word_1_155' title='bbox 892 1590 903 1607; x_wconf 83' lang='lat'><em>‘</em></span> <span class='ocrx_word' id='word_1_156' title='bbox 913 1600 1063 1635; x_wconf 87' lang='lat' dir='ltr'>quaqua</span> <span class='ocrx_word' id='word_1_157' title='bbox 1077 1589 1205 1624; x_wconf 88' lang='lat' dir='ltr'>intuiti</span> <span class='ocrx_word' id='word_1_158' title='bbox 1220 1591 1327 1624; x_wconf 90' lang='lat' dir='ltr'>erant</span> <span class='ocrx_word' id='word_1_159' title='bbox 1346 1589 1444 1624; x_wconf 90' lang='lat' dir='ltr'>oculi</span> <span class='ocrx_word' id='word_1_160' title='bbox 1462 1600 1484 1625; x_wconf 87' lang='lat' dir='ltr'>a</span> <span class='ocrx_word' id='word_1_161' title='bbox 1502 1589 1643 1624; x_wconf 86' lang='lat' dir='ltr'>tuendo</span> <span class='ocrx_word' id='word_1_162' title='bbox 1666 1589 1742 1634; x_wconf 90' lang='lat' dir='ltr'>pri-</span> 
     </span>
     <span class='ocr_line' id='line_1_22' title="bbox 176 1641 1774 1689; baseline 0.001 -14"><span class='ocrx_word' id='word_1_163' title='bbox 176 1652 236 1676; x_wconf 90' lang='lat' dir='ltr'>mo</span> <span class='ocrx_word' id='word_1_164' title='bbox 255 1641 437 1687; x_wconf 89' lang='lat' dir='ltr'>templum</span> <span class='ocrx_word' id='word_1_165' title='bbox 458 1642 616 1687; x_wconf 88' lang='lat' dir='ltr'>dictum;</span> <span class='ocrx_word' id='word_1_166' title='bbox 637 1643 811 1688; x_wconf 81' lang='lat' dir='ltr'>quocirca</span> <span class='ocrx_word' id='word_1_167' title='bbox 825 1642 979 1686; x_wconf 85' lang='lat' dir='ltr'>caelum,</span> <span class='ocrx_word' id='word_1_168' title='bbox 995 1654 1070 1688; x_wconf 87' lang='lat' dir='ltr'>qua</span> <span class='ocrx_word' id='word_1_169' title='bbox 1090 1643 1270 1678; x_wconf 89' lang='lat' dir='ltr'>attuimur</span> <span class='ocrx_word' id='word_1_170' title='bbox 1281 1643 1328 1689; x_wconf 91' lang='lat' dir='ltr'>(h.</span> <span class='ocrx_word' id='word_1_171' title='bbox 1345 1654 1374 1678; x_wconf 92' lang='lat' dir='ltr'>e.</span> <span class='ocrx_word' id='word_1_172' title='bbox 1390 1653 1483 1688; x_wconf 90' lang='lat' dir='ltr'>qua</span> <span class='ocrx_word' id='word_1_173' title='bbox 1503 1644 1552 1677; x_wconf 89' lang='lat' dir='ltr'>at</span> <span class='ocrx_word' id='word_1_174' title='bbox 1570 1642 1741 1677; x_wconf 90' lang='lat' dir='ltr'>tuimur</span> <span class='ocrx_word' id='word_1_175' title='bbox 1772 1655 1774 1657; x_wconf 95' lang='lat'>·</span> 
     </span>
     <span class='ocr_line' id='line_1_23' title="bbox 176 1695 1736 1743; baseline 0.001 -14"><span class='ocrx_word' id='word_1_176' title='bbox 176 1696 219 1729; x_wconf 93' lang='lat' dir='ltr'>ut</span> <span class='ocrx_word' id='word_1_177' title='bbox 241 1695 296 1729; x_wconf 90' lang='lat' dir='ltr'>ait</span> <span class='ocrx_word' id='word_1_178' title='bbox 317 1695 576 1730; x_wconf 88' lang='lat' dir='ltr'>Lachmannus</span> <span class='ocrx_word' id='word_1_179' title='bbox 603 1696 651 1730; x_wconf 89' lang='lat' dir='ltr'>ad</span> <span class='ocrx_word' id='word_1_180' title='bbox 670 1696 775 1731; x_wconf 91' lang='lat' dir='ltr'>Lucr.</span> <span class='ocrx_word' id='word_1_181' title='bbox 790 1709 814 1731; x_wconf 88' lang='lat' dir='ltr'>v</span> <span class='ocrx_word' id='word_1_182' title='bbox 835 1698 950 1743; x_wconf 86' lang='lat'>1033),</span> <span class='ocrx_word' id='word_1_183' title='bbox 972 1696 1114 1731; x_wconf 89' lang='lat' dir='ltr'>dictum</span> <span class='ocrx_word' id='word_1_184' title='bbox 1139 1696 1322 1742; x_wconf 87' lang='lat' dir='ltr'>templum</span> <span class='ocrx_word' id='word_1_185' title='bbox 1347 1697 1400 1732; x_wconf 86' lang='lat' dir='ltr'>sic</span> <span class='ocrx_word' id='word_1_186' title='bbox 1421 1696 1688 1733; x_wconf 86' lang='lat' dir='ltr'>«contremuit.</span> <span class='ocrx_word' id='word_1_187' title='bbox 1707 1724 1712 1730; x_wconf 92' lang='lat'>.</span> <span class='ocrx_word' id='word_1_188' title='bbox 1731 1724 1736 1730; x_wconf 93' lang='lat'>.</span> 
     </span>
     <span class='ocr_line' id='line_1_24' title="bbox 178 1748 1339 1795; baseline 0.003 -14"><span class='ocrx_word' id='word_1_189' title='bbox 178 1748 437 1785; x_wconf 83' lang='lat' dir='ltr'>altitonantis»</span> <span class='ocrx_word' id='word_1_190' title='bbox 457 1749 497 1783; x_wconf 89' lang='lat' dir='ltr'>id</span> <span class='ocrx_word' id='word_1_191' title='bbox 517 1750 574 1784; x_wconf 85' lang='lat' dir='ltr'>est</span> <span class='ocrx_word' id='word_1_192' title='bbox 592 1750 635 1784; x_wconf 90' lang='lat' dir='ltr'>ut</span> <span class='ocrx_word' id='word_1_193' title='bbox 654 1749 709 1784; x_wconf 89' lang='lat' dir='ltr'>ait</span> <span class='ocrx_word' id='word_1_194' title='bbox 727 1749 890 1784; x_wconf 89' lang='lat' dir='ltr'>Naevius</span> <span class='ocrx_word' id='word_1_195' title='bbox 910 1750 1247 1795; x_wconf 88' lang='lat' dir='ltr'>hemisphaerium’</span> <span class='ocrx_word' id='word_1_196' title='bbox 1265 1761 1339 1795; x_wconf 92' lang='lat' dir='ltr'>eqs.</span> 
     </span>
    </p>

    <p class='ocr_par' dir='ltr' id='par_1_9' title="bbox 178 1801 1742 2583">
     <span class='ocr_line' id='line_1_25' title="bbox 296 1801 1739 1849; baseline 0.001 -14"><span class='ocrx_word' id='word_1_197' title='bbox 296 1801 411 1836; x_wconf 92' lang='lat' dir='ltr'>LXXI</span> <span class='ocrx_word' id='word_1_198' title='bbox 425 1803 520 1848; x_wconf 87' lang='lat'>(542)</span> <span class='ocrx_word' id='word_1_199' title='bbox 547 1802 693 1838; x_wconf 87' lang='lat' dir='ltr'>Servius</span> <span class='ocrx_word' id='word_1_200' title='bbox 708 1802 892 1838; x_wconf 88' lang='lat' dir='ltr'>Danielin.</span> <span class='ocrx_word' id='word_1_201' title='bbox 908 1804 948 1838; x_wconf 89' lang='lat' dir='ltr'>in</span> <span class='ocrx_word' id='word_1_202' title='bbox 961 1804 1051 1839; x_wconf 88' lang='lat' dir='ltr'>Aen.</span> <span class='ocrx_word' id='word_1_203' title='bbox 1067 1817 1080 1838; x_wconf 95' lang='lat'>1</span> <span class='ocrx_word' id='word_1_204' title='bbox 1101 1807 1143 1838; x_wconf 88' lang='grc'>31</span> <span class='ocrx_word' id='word_1_205' title='bbox 1162 1804 1351 1839; x_wconf 84' lang='lat' dir='ltr'>‘arcebat:</span> <span class='ocrx_word' id='word_1_206' title='bbox 1371 1802 1606 1849; x_wconf 88' lang='lat' dir='ltr'>prohibebat.</span> <span class='ocrx_word' id='word_1_207' title='bbox 1626 1803 1739 1849; x_wconf 89' lang='lat' dir='ltr'>signi-</span> 
     </span>
     <span class='ocr_line' id='line_1_26' title="bbox 178 1855 1740 1902; baseline 0.001 -13"><span class='ocrx_word' id='word_1_208' title='bbox 178 1855 265 1889; x_wconf 87' lang='lat' dir='ltr'>ficat</span> <span class='ocrx_word' id='word_1_209' title='bbox 284 1856 409 1890; x_wconf 89' lang='lat' dir='ltr'>autem</span> <span class='ocrx_word' id='word_1_210' title='bbox 429 1857 467 1890; x_wconf 89' lang='lat' dir='ltr'>et</span> <span class='ocrx_word' id='word_1_211' title='bbox 486 1856 661 1891; x_wconf 87' lang='lat' dir='ltr'>continet.</span> <span class='ocrx_word' id='word_1_212' title='bbox 683 1855 824 1891; x_wconf 86' lang='lat' dir='ltr'>Ennius</span> <span class='ocrx_word' id='word_1_213' title='bbox 846 1857 934 1902; x_wconf 89' lang='lat' dir='ltr'>«qui</span> <span class='ocrx_word' id='word_1_214' title='bbox 956 1886 961 1892; x_wconf 92' lang='lat'>.</span> <span class='ocrx_word' id='word_1_215' title='bbox 979 1886 985 1892; x_wconf 90' lang='lat'>.</span> <span class='ocrx_word' id='word_1_216' title='bbox 1003 1886 1008 1892; x_wconf 98' lang='lat'>.</span> <span class='ocrx_word' id='word_1_217' title='bbox 1032 1860 1155 1893; x_wconf 87' lang='lat' dir='ltr'>arcet»</span> <span class='ocrx_word' id='word_1_218' title='bbox 1175 1857 1216 1891; x_wconf 88' lang='lat' dir='ltr'>id</span> <span class='ocrx_word' id='word_1_219' title='bbox 1242 1858 1299 1891; x_wconf 83' lang='lat' dir='ltr'>est</span> <span class='ocrx_word' id='word_1_220' title='bbox 1318 1857 1510 1892; x_wconf 88' lang='lat' dir='ltr'>continet.’</span> <span class='ocrx_word' id='word_1_221' title='bbox 1534 1856 1587 1892; x_wconf 81' lang='lat' dir='ltr'>cf.</span> <span class='ocrx_word' id='word_1_222' title='bbox 1602 1856 1740 1891; x_wconf 86' lang='lat' dir='ltr'>Paulus</span> 
     </span>
     <span class='ocr_line' id='line_1_27' title="bbox 178 1907 1740 1954; baseline 0.001 -12"><span class='ocrx_word' id='word_1_223' title='bbox 178 1907 280 1943; x_wconf 83' lang='lat' dir='ltr'>Festi</span> <span class='ocrx_word' id='word_1_224' title='bbox 298 1920 333 1954; x_wconf 91' lang='lat' dir='ltr'>p.</span> <span class='ocrx_word' id='word_1_225' title='bbox 351 1912 405 1951; x_wconf 88' lang='lat'>11,</span> <span class='ocrx_word' id='word_1_226' title='bbox 421 1913 464 1943; x_wconf 86' lang='lat'>29</span> <span class='ocrx_word' id='word_1_227' title='bbox 480 1909 545 1944; x_wconf 88' lang='lat' dir='ltr'>Th.</span> <span class='ocrx_word' id='word_1_228' title='bbox 563 1910 709 1945; x_wconf 81' lang='lat' dir='ltr'>‘arcere</span> <span class='ocrx_word' id='word_1_229' title='bbox 729 1911 785 1945; x_wconf 85' lang='lat' dir='ltr'>est</span> <span class='ocrx_word' id='word_1_230' title='bbox 805 1911 1003 1946; x_wconf 86' lang='lat' dir='ltr'>continere.</span> <span class='ocrx_word' id='word_1_231' title='bbox 1025 1911 1125 1946; x_wconf 91' lang='lat' dir='ltr'>unde</span> <span class='ocrx_word' id='word_1_232' title='bbox 1149 1911 1186 1946; x_wconf 90' lang='lat' dir='ltr'>et</span> <span class='ocrx_word' id='word_1_233' title='bbox 1212 1921 1318 1945; x_wconf 86' lang='lat' dir='ltr'>arcus</span> <span class='ocrx_word' id='word_1_234' title='bbox 1344 1910 1384 1945; x_wconf 89' lang='lat' dir='ltr'>in</span> <span class='ocrx_word' id='word_1_235' title='bbox 1410 1909 1591 1945; x_wconf 88' lang='lat' dir='ltr'>aedificiis</span> <span class='ocrx_word' id='word_1_236' title='bbox 1618 1910 1740 1944; x_wconf 89' lang='lat' dir='ltr'>dictus</span> 
     </span>
     <span class='ocr_line' id='line_1_28' title="bbox 178 1962 1740 2009; baseline 0.001 -14"><span class='ocrx_word' id='word_1_237' title='bbox 178 1963 234 1996; x_wconf 88' lang='lat' dir='ltr'>est</span> <span class='ocrx_word' id='word_1_238' title='bbox 247 1962 336 2006; x_wconf 88' lang='lat' dir='ltr'>quia</span> <span class='ocrx_word' id='word_1_239' title='bbox 350 1972 388 1997; x_wconf 89' lang='lat' dir='ltr'>se</span> <span class='ocrx_word' id='word_1_240' title='bbox 401 1962 481 2007; x_wconf 88' lang='lat' dir='ltr'>ipse</span> <span class='ocrx_word' id='word_1_241' title='bbox 495 1962 687 1998; x_wconf 57' lang='lat' dir='ltr'>eontinet?</span> <span class='ocrx_word' id='word_1_242' title='bbox 703 1962 796 1998; x_wconf 86' lang='lat' dir='ltr'>Ibid.</span> <span class='ocrx_word' id='word_1_243' title='bbox 813 1967 858 1998; x_wconf 87' lang='lat'>36</span> <span class='ocrx_word' id='word_1_244' title='bbox 874 1964 1013 1999; x_wconf 77' lang='lat' dir='ltr'>‘arcere</span> <span class='ocrx_word' id='word_1_245' title='bbox 1026 1964 1224 2009; x_wconf 85' lang='lat' dir='ltr'>prohibere</span> <span class='ocrx_word' id='word_1_246' title='bbox 1238 1964 1320 1999; x_wconf 86' lang='lat' dir='ltr'>est.’</span> <span class='ocrx_word' id='word_1_247' title='bbox 1419 1964 1560 1999; x_wconf 88' lang='lat' dir='ltr'>Probus</span> <span class='ocrx_word' id='word_1_248' title='bbox 1580 1963 1619 1998; x_wconf 89' lang='lat' dir='ltr'>in</span> <span class='ocrx_word' id='word_1_249' title='bbox 1630 1962 1740 2009; x_wconf 88' lang='lat' dir='ltr'>Verg.</span> 
     </span>
     <span class='ocr_line' id='line_1_29' title="bbox 179 2015 1740 2063; baseline 0 -13"><span class='ocrx_word' id='word_1_250' title='bbox 179 2015 243 2050; x_wconf 89' lang='lat' dir='ltr'>ecl.</span> <span class='ocrx_word' id='word_1_251' title='bbox 266 2020 297 2059; x_wconf 88' lang='lat'>6,</span> <span class='ocrx_word' id='word_1_252' title='bbox 314 2019 355 2050; x_wconf 85' lang='lat'>31</span> <span class='ocrx_word' id='word_1_253' title='bbox 380 2028 415 2061; x_wconf 90' lang='lat' dir='ltr'>p.</span> <span class='ocrx_word' id='word_1_254' title='bbox 438 2019 492 2059; x_wconf 90' lang='lat'>20,</span> <span class='ocrx_word' id='word_1_255' title='bbox 509 2020 553 2050; x_wconf 83' lang='lat'>25</span> <span class='ocrx_word' id='word_1_256' title='bbox 575 2016 670 2051; x_wconf 85' lang='lat' dir='ltr'>Keil.</span> <span class='ocrx_word' id='word_1_257' title='bbox 694 2016 826 2062; x_wconf 77' lang='lat' dir='ltr'>‘plane</span> <span class='ocrx_word' id='word_1_258' title='bbox 851 2017 990 2052; x_wconf 87' lang='lat' dir='ltr'>trinam</span> <span class='ocrx_word' id='word_1_259' title='bbox 1015 2028 1094 2052; x_wconf 85' lang='lat' dir='ltr'>esse</span> <span class='ocrx_word' id='word_1_260' title='bbox 1120 2017 1251 2052; x_wconf 88' lang='lat' dir='ltr'>mundi</span> <span class='ocrx_word' id='word_1_261' title='bbox 1278 2016 1460 2063; x_wconf 84' lang='lat' dir='ltr'>originem</span> <span class='ocrx_word' id='word_1_262' title='bbox 1486 2018 1524 2051; x_wconf 89' lang='lat' dir='ltr'>et</span> <span class='ocrx_word' id='word_1_263' title='bbox 1548 2016 1740 2051; x_wconf 86' lang='lat' dir='ltr'>Lucretius</span> 
     </span>
     <span class='ocr_line' id='line_1_30' title="bbox 179 2069 1742 2115; baseline 0.001 -12"><span class='ocrx_word' id='word_1_264' title='bbox 179 2069 374 2104; x_wconf 85' lang='lat' dir='ltr'>confitetur</span> <span class='ocrx_word' id='word_1_265' title='bbox 394 2069 520 2104; x_wconf 87' lang='lat' dir='ltr'>dicens</span> <span class='ocrx_word' id='word_1_266' title='bbox 535 2071 570 2114; x_wconf 90' lang='lat' dir='ltr'>(v</span> <span class='ocrx_word' id='word_1_267' title='bbox 585 2071 643 2115; x_wconf 88' lang='lat'>92)</span> <span class='ocrx_word' id='word_1_268' title='bbox 658 2070 865 2115; x_wconf 90' lang='lat' dir='ltr'>«principio</span> <span class='ocrx_word' id='word_1_269' title='bbox 885 2070 1005 2105; x_wconf 84' lang='lat' dir='ltr'>maria</span> <span class='ocrx_word' id='word_1_270' title='bbox 1025 2081 1068 2105; x_wconf 88' lang='lat' dir='ltr'>ac</span> <span class='ocrx_word' id='word_1_271' title='bbox 1086 2071 1204 2105; x_wconf 85' lang='lat' dir='ltr'>terras</span> <span class='ocrx_word' id='word_1_272' title='bbox 1225 2070 1442 2115; x_wconf 86' lang='lat' dir='ltr'>caelumque</span> <span class='ocrx_word' id='word_1_273' title='bbox 1455 2071 1570 2112; x_wconf 87' lang='lat' dir='ltr'>tuere,</span> <span class='ocrx_word' id='word_1_274' title='bbox 1585 2081 1742 2115; x_wconf 88' lang='lat' dir='ltr'>quorum</span> 
     </span>
     <span class='ocr_line' id='line_1_31' title="bbox 179 2122 1741 2169; baseline 0.001 -13"><span class='ocrx_word' id='word_1_275' title='bbox 179 2123 351 2156; x_wconf 86' lang='lat' dir='ltr'>naturam</span> <span class='ocrx_word' id='word_1_276' title='bbox 376 2122 572 2167; x_wconf 84' lang='lat' dir='ltr'>triplicem,</span> <span class='ocrx_word' id='word_1_277' title='bbox 599 2122 673 2157; x_wconf 90' lang='lat' dir='ltr'>tria</span> <span class='ocrx_word' id='word_1_278' title='bbox 699 2133 864 2168; x_wconf 82' lang='lat' dir='ltr'>corpora,</span> <span class='ocrx_word' id='word_1_279' title='bbox 885 2123 1046 2166; x_wconf 89' lang='lat' dir='ltr'>Memmi,</span> <span class='ocrx_word' id='word_1_280' title='bbox 1070 2124 1138 2158; x_wconf 88' lang='lat' dir='ltr'>tris</span> <span class='ocrx_word' id='word_1_281' title='bbox 1164 2123 1307 2169; x_wconf 88' lang='lat' dir='ltr'>species</span> <span class='ocrx_word' id='word_1_282' title='bbox 1332 2125 1411 2158; x_wconf 90' lang='lat' dir='ltr'>tam</span> <span class='ocrx_word' id='word_1_283' title='bbox 1437 2123 1646 2166; x_wconf 84' lang='lat' dir='ltr'>dissimiles,</span> <span class='ocrx_word' id='word_1_284' title='bbox 1668 2123 1741 2158; x_wconf 89' lang='lat' dir='ltr'>tria</span> 
     </span>
     <span class='ocr_line' id='line_1_32' title="bbox 179 2175 1740 2221; baseline 0.001 -12"><span class='ocrx_word' id='word_1_285' title='bbox 179 2175 273 2210; x_wconf 87' lang='lat' dir='ltr'>talia</span> <span class='ocrx_word' id='word_1_286' title='bbox 286 2176 411 2211; x_wconf 71' lang='lat' dir='ltr'>texta»</span> <span class='ocrx_word' id='word_1_287' title='bbox 426 2176 464 2210; x_wconf 87' lang='lat' dir='ltr'>et</span> <span class='ocrx_word' id='word_1_288' title='bbox 477 2175 551 2210; x_wconf 89' lang='lat' dir='ltr'>alio</span> <span class='ocrx_word' id='word_1_289' title='bbox 565 2175 646 2210; x_wconf 94' lang='lat' dir='ltr'>loco</span> <span class='ocrx_word' id='word_1_290' title='bbox 662 2176 809 2212; x_wconf 84' lang='lat' dir='ltr'>«omnia</span> <span class='ocrx_word' id='word_1_291' title='bbox 822 2187 890 2221; x_wconf 91' lang='lat' dir='ltr'>per</span> <span class='ocrx_word' id='word_1_292' title='bbox 903 2177 1045 2211; x_wconf 88' lang='lat' dir='ltr'>sonitus</span> <span class='ocrx_word' id='word_1_293' title='bbox 1060 2178 1162 2212; x_wconf 89' lang='lat' dir='ltr'>arcet</span> <span class='ocrx_word' id='word_1_294' title='bbox 1174 2178 1312 2212; x_wconf 86' lang='lat' dir='ltr'>terram</span> <span class='ocrx_word' id='word_1_295' title='bbox 1324 2187 1426 2211; x_wconf 85' lang='lat' dir='ltr'>mare</span> <span class='ocrx_word' id='word_1_296' title='bbox 1440 2176 1618 2213; x_wconf 84' lang='lat' dir='ltr'>caelum».</span> <span class='ocrx_word' id='word_1_297' title='bbox 1633 2176 1740 2211; x_wconf 88' lang='lat' dir='ltr'>Afra-</span> 
     </span>
     <span class='ocr_line' id='line_1_33' title="bbox 179 2229 1741 2275; baseline 0.001 -12"><span class='ocrx_word' id='word_1_298' title='bbox 179 2229 262 2263; x_wconf 85' lang='lat' dir='ltr'>nius</span> <span class='ocrx_word' id='word_1_299' title='bbox 283 2229 397 2263; x_wconf 87' lang='lat' dir='ltr'>etiam</span> <span class='ocrx_word' id='word_1_300' title='bbox 416 2229 455 2263; x_wconf 92' lang='lat' dir='ltr'>in</span> <span class='ocrx_word' id='word_1_301' title='bbox 475 2239 615 2275; x_wconf 88' lang='lat' dir='ltr'>augure</span> <span class='ocrx_word' id='word_1_302' title='bbox 636 2231 670 2275; x_wconf 93' lang='lat'>(8</span> <span class='ocrx_word' id='word_1_303' title='bbox 684 2229 742 2275; x_wconf 82' lang='lat' dir='ltr'>R.)</span> <span class='ocrx_word' id='word_1_304' title='bbox 756 2230 889 2266; x_wconf 69' lang='lat' dir='ltr'>«modo</span> <span class='ocrx_word' id='word_1_305' title='bbox 908 2231 1108 2275; x_wconf 84' lang='lat' dir='ltr'>postquam</span> <span class='ocrx_word' id='word_1_306' title='bbox 1128 2230 1295 2275; x_wconf 87' lang='lat' dir='ltr'>adripuit</span> <span class='ocrx_word' id='word_1_307' title='bbox 1312 2230 1435 2265; x_wconf 86' lang='lat' dir='ltr'>rabies</span> <span class='ocrx_word' id='word_1_308' title='bbox 1457 2230 1556 2265; x_wconf 91' lang='lat' dir='ltr'>hunc</span> <span class='ocrx_word' id='word_1_309' title='bbox 1574 2232 1741 2266; x_wconf 86' lang='lat' dir='ltr'>nostrum</span> 
     </span>
     <span class='ocr_line' id='line_1_34' title="bbox 181 2282 1740 2329; baseline 0.001 -13"><span class='ocrx_word' id='word_1_310' title='bbox 181 2293 370 2328; x_wconf 86' lang='lat' dir='ltr'>augurem,</span> <span class='ocrx_word' id='word_1_311' title='bbox 389 2293 490 2317; x_wconf 89' lang='lat' dir='ltr'>mare</span> <span class='ocrx_word' id='word_1_312' title='bbox 517 2282 661 2317; x_wconf 89' lang='lat' dir='ltr'>caelum</span> <span class='ocrx_word' id='word_1_313' title='bbox 686 2283 824 2318; x_wconf 87' lang='lat' dir='ltr'>terram</span> <span class='ocrx_word' id='word_1_314' title='bbox 849 2294 955 2318; x_wconf 87' lang='lat' dir='ltr'>ruere</span> <span class='ocrx_word' id='word_1_315' title='bbox 981 2294 1024 2318; x_wconf 92' lang='lat' dir='ltr'>ac</span> <span class='ocrx_word' id='word_1_316' title='bbox 1049 2284 1206 2319; x_wconf 87' lang='lat' dir='ltr'>tremere</span> <span class='ocrx_word' id='word_1_317' title='bbox 1232 2284 1423 2320; x_wconf 87' lang='lat' dir='ltr'>diceres».&#39;</span> <span class='ocrx_word' id='word_1_318' title='bbox 1523 2283 1578 2318; x_wconf 85' lang='lat' dir='ltr'>Ex</span> <span class='ocrx_word' id='word_1_319' title='bbox 1598 2284 1740 2329; x_wconf 88' lang='lat' dir='ltr'>duplici</span> 
     </span>
     <span class='ocr_line' id='line_1_35' title="bbox 181 2335 1741 2382; baseline 0.001 -12"><span class='ocrx_word' id='word_1_320' title='bbox 181 2335 298 2370; x_wconf 81' lang='lat' dir='ltr'>Servii</span> <span class='ocrx_word' id='word_1_321' title='bbox 316 2335 502 2380; x_wconf 88' lang='lat' dir='ltr'>Probique</span> <span class='ocrx_word' id='word_1_322' title='bbox 526 2335 740 2371; x_wconf 89' lang='lat' dir='ltr'>testimonio</span> <span class='ocrx_word' id='word_1_323' title='bbox 766 2336 861 2370; x_wconf 91' lang='lat' dir='ltr'>illud</span> <span class='ocrx_word' id='word_1_324' title='bbox 886 2348 1001 2371; x_wconf 92' lang='lat' dir='ltr'>unum</span> <span class='ocrx_word' id='word_1_325' title='bbox 1026 2336 1279 2382; x_wconf 84' lang='lat' dir='ltr'>fragmentum</span> <span class='ocrx_word' id='word_1_326' title='bbox 1298 2338 1398 2382; x_wconf 91' lang='lat' dir='ltr'>quod</span> <span class='ocrx_word' id='word_1_327' title='bbox 1417 2337 1526 2382; x_wconf 88' lang='lat' dir='ltr'>posui</span> <span class='ocrx_word' id='word_1_328' title='bbox 1546 2337 1741 2372; x_wconf 85' lang='lat' dir='ltr'>constituit</span> 
     </span>
     <span class='ocr_line' id='line_1_36' title="bbox 180 2388 1740 2436; baseline 0.001 -13"><span class='ocrx_word' id='word_1_329' title='bbox 180 2389 294 2433; x_wconf 88' lang='lat' dir='ltr'>idque</span> <span class='ocrx_word' id='word_1_330' title='bbox 313 2388 433 2424; x_wconf 88' lang='lat' dir='ltr'>Ennio</span> <span class='ocrx_word' id='word_1_331' title='bbox 460 2389 660 2434; x_wconf 87' lang='lat' dir='ltr'>adscripsit</span> <span class='ocrx_word' id='word_1_332' title='bbox 678 2389 704 2423; x_wconf 95' lang='lat' dir='ltr'>I.</span> <span class='ocrx_word' id='word_1_333' title='bbox 720 2389 944 2434; x_wconf 84' lang='lat' dir='ltr'>Bernaysius</span> <span class='ocrx_word' id='word_1_334' title='bbox 965 2401 1049 2435; x_wconf 92' lang='lat' dir='ltr'>opp.</span> <span class='ocrx_word' id='word_1_335' title='bbox 1064 2403 1092 2424; x_wconf 91' lang='lat'>11</span> <span class='ocrx_word' id='word_1_336' title='bbox 1110 2403 1145 2436; x_wconf 91' lang='lat' dir='ltr'>p.</span> <span class='ocrx_word' id='word_1_337' title='bbox 1162 2393 1224 2435; x_wconf 77' lang='lat'>683</span> <span class='ocrx_word' id='word_1_338' title='bbox 1243 2391 1345 2426; x_wconf 90' lang='lat' dir='ltr'>idem</span> <span class='ocrx_word' id='word_1_339' title='bbox 1364 2391 1413 2425; x_wconf 89' lang='lat' dir='ltr'>ad</span> <span class='ocrx_word' id='word_1_340' title='bbox 1426 2391 1639 2426; x_wconf 88' lang='lat' dir='ltr'>Lucretium</span> <span class='ocrx_word' id='word_1_341' title='bbox 1657 2402 1740 2436; x_wconf 79' lang='lat' dir='ltr'>per-</span> 
     </span>
     <span class='ocr_line' id='line_1_37' title="bbox 180 2442 1738 2490; baseline 0.002 -14"><span class='ocrx_word' id='word_1_342' title='bbox 180 2442 309 2485; x_wconf 84' lang='lat' dir='ltr'>tinere,</span> <span class='ocrx_word' id='word_1_343' title='bbox 331 2443 430 2487; x_wconf 90' lang='lat' dir='ltr'>quod</span> <span class='ocrx_word' id='word_1_344' title='bbox 450 2442 710 2477; x_wconf 85' lang='lat' dir='ltr'>Lachmannus</span> <span class='ocrx_word' id='word_1_345' title='bbox 737 2443 870 2478; x_wconf 84' lang='lat' dir='ltr'>statuit</span> <span class='ocrx_word' id='word_1_346' title='bbox 890 2444 938 2477; x_wconf 88' lang='lat' dir='ltr'>ad</span> <span class='ocrx_word' id='word_1_347' title='bbox 958 2457 995 2478; x_wconf 90' lang='lat' dir='ltr'>1v</span> <span class='ocrx_word' id='word_1_348' title='bbox 1016 2447 1093 2487; x_wconf 85' lang='lat'>126,</span> <span class='ocrx_word' id='word_1_349' title='bbox 1115 2445 1214 2479; x_wconf 88' lang='lat' dir='ltr'>certe</span> <span class='ocrx_word' id='word_1_350' title='bbox 1240 2444 1459 2490; x_wconf 87' lang='lat' dir='ltr'>ambiguum</span> <span class='ocrx_word' id='word_1_351' title='bbox 1484 2445 1550 2479; x_wconf 89' lang='lat' dir='ltr'>est.</span> <span class='ocrx_word' id='word_1_352' title='bbox 1572 2443 1626 2479; x_wconf 79' lang='lat' dir='ltr'>Cf.</span> <span class='ocrx_word' id='word_1_353' title='bbox 1642 2455 1738 2479; x_wconf 90' lang='lat' dir='ltr'>scen.</span> 
     </span>
     <span class='ocr_line' id='line_1_38' title="bbox 182 2495 1740 2541; baseline 0.003 -12"><span class='ocrx_word' id='word_1_354' title='bbox 182 2498 249 2529; x_wconf 85' lang='lat'>284</span> <span class='ocrx_word' id='word_1_355' title='bbox 265 2496 276 2512; x_wconf 82' lang='lat'><em>‘</em></span> <span class='ocrx_word' id='word_1_356' title='bbox 289 2495 361 2539; x_wconf 84' lang='lat' dir='ltr'>Sol,</span> <span class='ocrx_word' id='word_1_357' title='bbox 376 2496 441 2541; x_wconf 92' lang='lat' dir='ltr'>qui</span> <span class='ocrx_word' id='word_1_358' title='bbox 454 2507 511 2531; x_wconf 86' lang='lat' dir='ltr'>res</span> <span class='ocrx_word' id='word_1_359' title='bbox 531 2496 650 2531; x_wconf 88' lang='lat' dir='ltr'>omnis</span> <span class='ocrx_word' id='word_1_360' title='bbox 670 2496 792 2541; x_wconf 86' lang='lat' dir='ltr'>spicis,</span> <span class='ocrx_word' id='word_1_361' title='bbox 815 2497 953 2541; x_wconf 90' lang='lat' dir='ltr'>quique</span> <span class='ocrx_word' id='word_1_362' title='bbox 972 2497 1036 2532; x_wconf 89' lang='lat' dir='ltr'>tuo</span> <span class='ocrx_word' id='word_1_363' title='bbox 1058 2508 1141 2532; x_wconf 89' lang='lat' dir='ltr'>cum</span> <span class='ocrx_word' id='word_1_364' title='bbox 1159 2497 1300 2532; x_wconf 89' lang='lat' dir='ltr'>lumine</span> <span class='ocrx_word' id='word_1_365' title='bbox 1318 2509 1420 2533; x_wconf 86' lang='lat' dir='ltr'>mare</span> <span class='ocrx_word' id='word_1_366' title='bbox 1439 2499 1577 2533; x_wconf 89' lang='lat' dir='ltr'>terram</span> <span class='ocrx_word' id='word_1_367' title='bbox 1596 2498 1740 2533; x_wconf 83' lang='lat' dir='ltr'>caelum</span> 
     </span>
     <span class='ocr_line' id='line_1_39' title="bbox 182 2549 382 2583; baseline 0 0"><span class='ocrx_word' id='word_1_368' title='bbox 182 2549 382 2583; x_wconf 81' lang='lat' dir='ltr'>contines&#39;.</span> 
     </span>
    </p>

    <p class='ocr_par' dir='ltr' id='par_1_10' title="bbox 181 2601 1737 2702">
     <span class='ocr_line' id='line_1_40' title="bbox 299 2601 1737 2650; baseline 0.003 -14"><span class='ocrx_word' id='word_1_369' title='bbox 299 2601 431 2637; x_wconf 89' lang='lat' dir='ltr'>LXXII</span> <span class='ocrx_word' id='word_1_370' title='bbox 444 2604 540 2648; x_wconf 87' lang='lat'>(544)</span> <span class='ocrx_word' id='word_1_371' title='bbox 565 2603 707 2638; x_wconf 89' lang='lat' dir='ltr'>Nonius</span> <span class='ocrx_word' id='word_1_372' title='bbox 721 2616 756 2648; x_wconf 87' lang='lat' dir='ltr'>p.</span> <span class='ocrx_word' id='word_1_373' title='bbox 770 2606 848 2646; x_wconf 86' lang='lat'>555,</span> <span class='ocrx_word' id='word_1_374' title='bbox 866 2607 909 2638; x_wconf 88' lang='grc'>16</span> <span class='ocrx_word' id='word_1_375' title='bbox 926 2603 1103 2639; x_wconf 80' lang='lat' dir='ltr'>‘falarica</span> <span class='ocrx_word' id='word_1_376' title='bbox 1122 2604 1238 2640; x_wconf 90' lang='lat' dir='ltr'>telum</span> <span class='ocrx_word' id='word_1_377' title='bbox 1250 2605 1464 2640; x_wconf 84' lang='lat' dir='ltr'>maximum.</span> <span class='ocrx_word' id='word_1_378' title='bbox 1479 2604 1660 2650; x_wconf 88' lang='lat' dir='ltr'>Virgilius</span> <span class='ocrx_word' id='word_1_379' title='bbox 1673 2604 1737 2639; x_wconf 87' lang='lat' dir='ltr'>lib.</span> 
     </span>
     <span class='ocr_line' id='line_1_41' title="bbox 181 2656 1737 2702; baseline 0.001 -12"><span class='ocrx_word' id='word_1_380' title='bbox 181 2668 261 2691; x_wconf 85' lang='lat' dir='ltr'>vnn</span> <span class='ocrx_word' id='word_1_381' title='bbox 272 2657 368 2702; x_wconf 83' lang='lat'>(702)</span> <span class='ocrx_word' id='word_1_382' title='bbox 381 2656 469 2693; x_wconf 83' lang='lat' dir='ltr'>«sed</span> <span class='ocrx_word' id='word_1_383' title='bbox 482 2667 660 2702; x_wconf 90' lang='lat' dir='ltr'>magnum</span> <span class='ocrx_word' id='word_1_384' title='bbox 675 2657 834 2691; x_wconf 87' lang='lat' dir='ltr'>stridens</span> <span class='ocrx_word' id='word_1_385' title='bbox 848 2658 1018 2692; x_wconf 88' lang='lat' dir='ltr'>contorta</span> <span class='ocrx_word' id='word_1_386' title='bbox 1030 2657 1186 2693; x_wconf 87' lang='lat' dir='ltr'>falarica</span> <span class='ocrx_word' id='word_1_387' title='bbox 1200 2659 1301 2694; x_wconf 84' lang='lat' dir='ltr'>venit·</span> <span class='ocrx_word' id='word_1_388' title='bbox 1313 2658 1480 2694; x_wconf 85' lang='lat' dir='ltr'>fulminis</span> <span class='ocrx_word' id='word_1_389' title='bbox 1496 2660 1580 2692; x_wconf 89' lang='lat' dir='ltr'>acta</span> <span class='ocrx_word' id='word_1_390' title='bbox 1592 2658 1737 2694; x_wconf 85' lang='lat' dir='ltr'>modo».</span> 
     </span>
    </p>
   </div>
   <div class='ocr_carea' id='block_1_7' title="bbox 181 2737 465 2741">
    <p class='ocr_par' dir='ltr' id='par_1_11' title="bbox 181 2737 465 2741">
     <span class='ocr_line' id='line_1_42' title="bbox 181 2737 465 2741; baseline 0 0"><span class='ocrx_word' id='word_1_391' title='bbox 181 2737 465 2741; x_wconf 95' lang='lat' dir='ltr'> </span> 
     </span>
    </p>
   </div>
   <div class='ocr_carea' id='block_1_8' title="bbox 183 2792 1740 3012">
    <p class='ocr_par' dir='ltr' id='par_1_12' title="bbox 183 2792 1740 2959">
     <span class='ocr_line' id='line_1_43' title="bbox 302 2792 1740 2843; baseline 0 -12"><span class='ocrx_word' id='word_1_392' title='bbox 302 2793 386 2832; x_wconf 83' lang='lat'>543</span> <span class='ocrx_word' id='word_1_393' title='bbox 405 2793 654 2843; x_wconf 88' lang='lat' dir='ltr'>personitans</span> <span class='ocrx_word' id='word_1_394' title='bbox 673 2792 930 2842; x_wconf 68' lang='lat' dir='ltr'>Bernaysius,</span> <span class='ocrx_word' id='word_1_395' title='bbox 950 2795 1017 2832; x_wconf 82' lang='lat' dir='ltr'>sed</span> <span class='ocrx_word' id='word_1_396' title='bbox 1036 2796 1132 2843; x_wconf 71' lang='lat' dir='ltr'>conf.</span> <span class='ocrx_word' id='word_1_397' title='bbox 1146 2794 1355 2834; x_wconf 76' lang='lat' dir='ltr'>Lucretius</span> <span class='ocrx_word' id='word_1_398' title='bbox 1373 2807 1415 2833; x_wconf 88' lang='lat' dir='ltr'>VI</span> <span class='ocrx_word' id='word_1_399' title='bbox 1435 2803 1520 2841; x_wconf 82' lang='lat'>400</span> <span class='ocrx_word' id='word_1_400' title='bbox 1541 2806 1609 2832; x_wconf 91' lang='lat' dir='ltr'>cur</span> <span class='ocrx_word' id='word_1_401' title='bbox 1627 2806 1740 2831; x_wconf 90' lang='lat' dir='ltr'>num-</span> 
     </span>
     <span class='ocr_line' id='line_1_44' title="bbox 184 2852 1739 2904; baseline 0.001 -15"><span class='ocrx_word' id='word_1_402' title='bbox 184 2864 302 2901; x_wconf 90' lang='lat' dir='ltr'>quam</span> <span class='ocrx_word' id='word_1_403' title='bbox 327 2853 435 2891; x_wconf 86' lang='lat' dir='ltr'>caelo</span> <span class='ocrx_word' id='word_1_404' title='bbox 460 2854 556 2891; x_wconf 83' lang='lat' dir='ltr'>iacit</span> <span class='ocrx_word' id='word_1_405' title='bbox 583 2852 756 2902; x_wconf 89' lang='lat' dir='ltr'>undique</span> <span class='ocrx_word' id='word_1_406' title='bbox 781 2865 880 2902; x_wconf 89' lang='lat' dir='ltr'>puro</span> <span class='ocrx_word' id='word_1_407' title='bbox 908 2853 1088 2904; x_wconf 87' lang='lat' dir='ltr'>Iuppiter</span> <span class='ocrx_word' id='word_1_408' title='bbox 1112 2855 1153 2891; x_wconf 90' lang='lat' dir='ltr'>in</span> <span class='ocrx_word' id='word_1_409' title='bbox 1177 2856 1303 2893; x_wconf 82' lang='lat' dir='ltr'>terras</span> <span class='ocrx_word' id='word_1_410' title='bbox 1332 2853 1480 2891; x_wconf 90' lang='lat' dir='ltr'>fulmen</span> <span class='ocrx_word' id='word_1_411' title='bbox 1509 2854 1739 2902; x_wconf 85' lang='lat' dir='ltr'>sonitusque</span> 
     </span>
     <span class='ocr_line' id='line_1_45' title="bbox 183 2908 1740 2959; baseline 0.001 -11"><span class='ocrx_word' id='word_1_412' title='bbox 183 2911 388 2959; x_wconf 89' lang='lat' dir='ltr'>profundit</span> <span class='ocrx_word' id='word_1_413' title='bbox 523 2908 603 2955; x_wconf 52' lang='grc'>547(</span> <span class='ocrx_word' id='word_1_414' title='bbox 677 2912 737 2949; x_wconf 75' lang='lat' dir='ltr'>lut</span> <span class='ocrx_word' id='word_1_415' title='bbox 756 2912 839 2950; x_wconf 88' lang='lat' dir='ltr'>alta</span> <span class='ocrx_word' id='word_1_416' title='bbox 859 2913 1079 2952; x_wconf 74' lang='lat' dir='ltr'>addendum</span> <span class='ocrx_word' id='word_1_417' title='bbox 1099 2915 1239 2952; x_wconf 70' lang='lat' dir='ltr'>conieci</span> <span class='ocrx_word' id='word_1_418' title='bbox 1257 2916 1368 2951; x_wconf 78' lang='lat' dir='ltr'>ratus</span> <span class='ocrx_word' id='word_1_419' title='bbox 1384 2924 1541 2951; x_wconf 66' lang='lat' dir='ltr'>seersum</span> <span class='ocrx_word' id='word_1_420' title='bbox 1558 2924 1740 2951; x_wconf 72' lang='lat' dir='ltr'>‘mancum</span> 
     </span>
    </p>

    <p class='ocr_par' dir='ltr' id='par_1_13' title="bbox 1481 2978 1525 3012">
     <span class='ocr_line' id='line_1_46' title="bbox 1481 2978 1525 3012; baseline 0 -17"><span class='ocrx_word' id='word_1_421' title='bbox 1481 2981 1498 3012; x_wconf 73' lang='lat'><strong>7</strong></span> <span class='ocrx_word' id='word_1_422' title='bbox 1509 2978 1525 2995; x_wconf 69' lang='lat'>»9⁴</span> 
     </span>
    </p>
   </div>
  </div>
 </body>
</html>
