2054 3282
325 140 410 185 164
996 133 1195 172 SCENICA

322 262 407 305 253
438 261 550 304 Nam
574 273 806 314 numquam
831 272 902 300 era
927 271 1071 299 errans
1097 271 1191 298 mea
1216 256 1343 298 domo
1370 256 1538 298 efferret
1561 255 1712 311 pedem

438 332 587 374 Medea
611 330 752 372 animo
779 343 906 385 aegro
933 342 1076 370 amore
1102 341 1228 369 saevo
1255 327 1408 369 saucia.

320 471 518 517 singularis
538 480 644 504 casus
663 470 785 504 rectus
806 469 995 513 correptus
1016 478 1060 502 ac
1078 466 1181 502 facta
1199 467 1330 502 trabs.'
1442 467 1655 502 Priscianus
1675 481 1727 503 vn
1745 479 1781 512 p.
1797 471 1880 511 320,

320 528 363 559 16
380 523 424 557 Η.
448 521 708 557 ‘vetustissimi
733 522 859 555 tamen
885 521 1000 555 etiam
1025 520 1151 555 trabes
1175 531 1243 565 pro
1269 520 1373 555 trabs
1398 519 1647 565 proferebant.
1674 520 1816 555 Ennius
1841 521 1881 555 in

317 577 449 611 Medea
469 577 633 612 «utinam
652 585 718 609 ne.
735 602 741 608 .
758 575 860 609 Pelio
878 573 1064 610 securibus
1081 584 1187 609 caesa
1206 574 1372 619 (cessa)
1393 573 1586 609 accedisset
1603 575 1644 608 in
1666 578 1800 610 terram
1818 575 1881 610 ab-

316 631 424 676 ἱερῆα
442 628 616 664 trabes»)
714 626 839 662 Cicero
859 627 970 672 topic.
988 631 1043 670 16,
1058 631 1100 662 61
1119 626 1211 661 ‘hoc
1229 626 1347 672 igitur
1365 626 1445 661 sine
1465 638 1538 671 quo
1557 638 1632 662 non
1650 627 1693 662 fit
1712 627 1758 662 ab
1779 638 1822 662 eo
1841 627 1882 662 in

317 694 389 727 quo
410 683 507 717 certe
526 681 568 715 fit
587 680 787 726 diligenter
806 681 863 714 est
882 680 1141 725 separandum.
1156 679 1253 714 illud
1266 679 1366 714 enim
1379 680 1436 715 est
1448 681 1643 725 tamquam
1657 681 1824 717 «utinam
1836 692 1882 716 ne

341 736 487 770 .Pelio»
502 735 608 779 (246)
624 733 696 767 nisi
716 733 815 767 enim
830 733 1068 769 «acczdisse‘nt
1086 732 1410 793 (cecidissent)
1430 733 1605 780 abieynae
1624 734 1675 768 ad
1693 738 1716 768 t.
1731 733 1880 770 trabes»

283 831 286 834 ‚
317 790 425 834 (247),
445 788 544 832 Argo
570 786 638 821 illa
663 785 764 821 facta
783 797 857 821 non
885 787 993 829 esset,
1015 796 1085 821 1100
1109 788 1237 822 tamen
1262 785 1364 821 fuit
1354 797 1394 820 111
1412 785 1472 820 his
1497 786 1667 821 trabibus
1693 786 1880 822 efficiendi

314 841 369 875 vis
388 840 622 875 necessaria?
722 838 975 881 Quintilianus
989 852 1013 874 v
1027 843 1083 883 10,
1097 843 1143 874 84
1159 840 1279 874 recte
1299 840 1425 874 autem
1444 850 1638 874 monemur
1657 850 1787 875 causas
1806 851 1881 875 non

314 894 442 938 utique
469 893 514 927 ab
534 892 666 927 ultimo
687 903 766 926 esse
786 893 1019 937 repetendas,
1039 894 1083 927 ut
1101 892 1235 927 Medea
1255 892 1443 938 (media)
1463 893 1629 929 «utinam
1650 905 1715 928 ne.
1733 894 1879 929 .Pelio»

314 949 421 993 (246),
443 946 550 991 quasi
569 957 652 980 vero
672 945 712 979 id
726 956 808 980 eam
821 945 953 981 fecerit
965 946 1139 980 miseram
1154 947 1220 980 aut
1239 947 1445 989 nocentem,
1460 946 1559 990 quod
1579 945 1659 981 illic
1679 946 1882 982 ceciderint

314 1001 509 1046 «abieynae
523 999 572 1035 ad
588 1003 611 1034 t.
623 999 769 1034 trabes»
782 1000 907 1045 (247).'
1007 999 1175 1034 Donatus
1189 999 1228 1033 in
1242 999 1322 1034 Ter.
1334 999 1481 1034 Phorm.
1493 1013 1506 1033 1
1520 1002 1553 1043 3,
1566 1003 1585 1034 5
1600 1000 1611 1016 ‘
1621 1000 1721 1044 quod
1733 1000 1879 1035 utinam

313 1064 359 1087 ne
378 1053 460 1088 Ph.:
482 1054 586 1087 vetus
607 1051 767 1087 elocutio
786 1052 933 1087 utinam
953 1054 1039 1098 (ne),
1058 1054 1102 1087 ut
1120 1052 1262 1087 Ennius
1279 1052 1319 1086 in
1338 1052 1472 1087 Medea
1486 1053 1653 1089 «utinam
1672 1064 1737 1088 ne.
1755 1081 1761 1087 .
1777 1054 1879 1088 Pelio

312 1118 474 1151 unquam
491 1110 579 1141 secte
598 1105 807 1141 cecidissent
825 1107 931 1151 (cec.
954 1116 1114 1140 caesae
1133 1117 1229 1139 unus
1242 1105 1342 1151 Vat.)
1364 1106 1414 1141 ad
1432 1110 1455 1140 t.
1471 1105 1647 1142 trabes»)
1762 1106 1878 1140 Iulius

312 1159 440 1194 Victor
461 1163 503 1193 12
531 1159 623 1193 rhet.
645 1159 725 1193 Lat.
747 1171 782 1203 p.
802 1162 883 1202 415,
905 1162 949 1193 33
970 1158 1093 1194 Halm.
1111 1159 1308 1194 ‘vitiosum
1327 1169 1445 1205 genus
1469 1159 1804 1205 argumentationis
1825 1188 1831 1194 .
1849 1188 1856 1194 .
1873 1189 1879 1194 .

313 1214 379 1247 aut
403 1214 446 1246 ut
470 1213 662 1255 remotum,
690 1212 790 1256 quod
815 1212 973 1247 ulterius
1000 1223 1113 1257 quam
1140 1212 1232 1247 satis
1259 1214 1315 1247 est
1339 1212 1492 1257 petitur,
1516 1214 1575 1247 ut:
1605 1213 1637 1247 si
1658 1212 1698 1247 in
1719 1225 1754 1247 n.
1774 1212 1879 1247 Pelio

311 1276 384 1300 non
411 1265 632 1300 cecidissent
656 1264 793 1308 trabes,
814 1265 884 1300 hoc
911 1266 1031 1300 scelus
1058 1266 1200 1301 factum
1226 1277 1301 1300 non
1326 1266 1450 1300 esset.'
1573 1265 1700 1300 Cicero
1720 1266 1767 1301 de
1786 1266 1846 1300 fin.
1865 1279 1879 1300 1

312 1322 343 1361 2,
357 1323 378 1352 4
395 1319 498 1362 ‘quis
519 1318 618 1352 enim
637 1319 716 1353 tam
735 1318 908 1353 inimicus
928 1329 1049 1364 paene
1068 1319 1210 1354 nomini
1229 1319 1398 1354 Romano
1417 1321 1483 1362 est,
1505 1319 1570 1363 qui
1582 1318 1695 1354 Ennii
1707 1318 1879 1354 Medeam

310 1373 375 1406 aut
394 1372 595 1416 Antiopam
614 1371 766 1406 Pacuvii
787 1374 940 1417 spernat
959 1373 1025 1407 aut
1043 1372 1201 1416 reiiciat,
1223 1372 1323 1416 quod
1343 1383 1382 1407 se
1401 1372 1536 1407 iisdem
1555 1372 1746 1417 Euripidis
1771 1371 1879 1407 fabu-

308 1424 355 1458 lis
381 1424 559 1459 delectari
585 1425 687 1459 dicat
708 1454 713 1459 .
734 1454 740 1459 .
762 1454 767 1459 .
792 1425 807 1444 ⁵
827 1454 833 1460 .
854 1454 860 1460 .
883 1436 930 1460 an
959 1426 1133 1462 «utinam
1160 1437 1206 1460 ‘ne
1227 1425 1266 1459 in
1292 1436 1470 1462 nemore»
1495 1427 1590 1471 (246)
1613 1425 1731 1460 nihilo
1755 1426 1879 1461 minus

308 1478 466 1523 legimus
486 1488 599 1521 quam
617 1477 688 1512 1100
705 1478 805 1512 idem
819 1478 1001 1513 Graecum
1016 1507 1022 1513 .
1040 1507 1046 1513 .
1065 1480 1087 1513 .'
1186 1478 1435 1524 Hieronymus
1456 1479 1563 1524 epist.
1580 1482 1647 1513 127
1665 1478 1878 1524 (Marcellae

309 1531 441 1568 viduae
461 1531 652 1576 epitaph),
668 1534 688 1565 5
702 1532 727 1565 t.
744 1545 756 1565 1
774 1544 808 1576 p.
825 1531 929 1567 9480
942 1532 1101 1567 Vallars.
1120 1532 1238 1567 ‘hanc
1256 1532 1394 1567 multos
1413 1534 1499 1577 post
1518 1543 1634 1567 annos
1653 1532 1803 1567 imitata
1822 1534 1879 1567 est

310 1584 516 1628 Sophronia
542 1586 580 1618 et
606 1584 714 1627 aliae,
739 1585 874 1630 quibus
900 1585 1106 1620 rectissime
1133 1585 1228 1620 illud
1251 1585 1463 1620 Ennianum
1487 1586 1609 1631 aptari
1631 1587 1756 1630 potest
1778 1587 1879 1622 «uti-

307 1649 395 1672 nam
413 1649 458 1673 oze
474 1667 479 1672 .
497 1667 503 1672 .
520 1638 651 1674 Pelio»
667 1639 792 1684 (246).'
911 1638 1038 1674 Cicero
1058 1638 1165 1673 Tusc.
1186 1639 1281 1684 disp.
1300 1652 1313 1673 1
1337 1642 1393 1682 20,
1407 1643 1453 1674 45
1470 1639 1628 1673 ‘etenim
1645 1639 1677 1673 si
1693 1650 1792 1673 nunc
1810 1638 1878 1674 ali-

308 1690 398 1734 quid
425 1691 580 1735 adsequi
606 1701 645 1725 se
670 1693 824 1736 putant,
853 1692 917 1737 qui
943 1692 1080 1727 ostium
1105 1691 1217 1726 Ponti
1242 1692 1415 1726 viderunt
1440 1693 1478 1726 et
1503 1702 1565 1726 eas
1593 1692 1786 1737 angustias
1810 1703 1878 1737 per

309 1754 399 1787 quas
419 1744 629 1789 penetravit
648 1755 693 1779 ea
712 1755 809 1789 quae
829 1746 887 1780 est
905 1745 1099 1780 nominata
1113 1745 1237 1791 «Argo
1257 1746 1347 1790 quia
1360 1746 1406 1780 A.
1421 1746 1463 1780 in
1482 1757 1525 1780 ea
1544 1745 1667 1780 dilecti
1686 1744 1878 1790 (delecti

307 1796 429 1842 Brux.)
446 1810 473 1832 v.
487 1798 575 1833 vecti
593 1797 775 1843 petebant
787 1799 918 1843 pellem
935 1799 958 1833 i.
975 1799 1126 1835 arietis»
1142 1800 1234 1844 (250.
1251 1799 1361 1844 251).’
1461 1798 1612 1833 Orosius
1631 1798 1717 1833 hist.
1732 1812 1746 1832 1
1760 1802 1815 1842 12,
1832 1802 1875 1832 10

310 1850 413 1884 ‘nolo
439 1851 652 1885 meminisse
677 1851 833 1886 Medeae
861 1863 1006 1888 «amore
1023 1863 1128 1888 saevo
1149 1854 1356 1897 (amores
1379 1851 1437 1886 vel
1458 1862 1614 1886 mores
1642 1862 1758 1886 aevo
1784 1862 1876 1886 non-

308 1903 413 1949 nulli)
426 1905 596 1940 sauciae»
609 1906 705 1950 (254)
720 1906 758 1939 et
770 1905 970 1951 pignorum
983 1905 1223 1951 parvulorum
1238 1905 1351 1940 caede
1365 1905 1592 1950 gaudentis'
1685 1904 1876 1939 Phaedrus

308 1969 345 1991 1v
366 1960 396 1999 7,
412 1961 431 1991 6
452 1968 516 1991 0110
536 1968 637 1992 more
658 1957 814 1993 Medeae
833 1958 1003 1994 fabulam
1021 1969 1163 1994 memor
1188 1958 1347 1994 fortasse
1365 1958 1406 1993 in
1424 1958 1555 2003 paucis
1574 1957 1687 1992 Ennii
1712 1958 1873 2003 exponit.

404 2010 594 2056 Euripidis
608 2022 733 2046 versus
754 2022 847 2056 quos
861 2011 1004 2052 Ennius
1018 2012 1151 2047 Latine
1165 2012 1333 2047 reddidit
1344 2011 1385 2046 hi
1399 2012 1501 2046 sunt:
1519 2015 1536 2045 1
1556 2013 1626 2046 TP.
1648 2009 1740 2046 Εἴθ’
1758 2009 1872 2056 ὤφελ’

304 2060 453 2107 Ἀργοῦς
471 2063 518 2108 μὴ
540 2064 775 2100 διαπτάσθαι
795 2064 940 2110 σκάφος
958 2064 1112 2112 Κόλχων
1134 2066 1171 2107 ἐς
1189 2062 1279 2102 αἶαν
1299 2064 1462 2106 κυανέας
1480 2064 1769 2110 Συμπληγάδας,
1782 2062 1871 2110 μηδ’

308 2115 348 2151 ἐν
368 2116 522 2151 νάπαισι
539 2116 683 2163 Πηλίου
695 2124 822 2155 πεσεῖν
835 2131 924 2154 ποτε
936 2121 1121 2164 τμηθεῖσα
1134 2119 1254 2164 πεύκη
1268 2116 1357 2164 μηδ’
1375 2118 1575 2163 ἐρετμῶσαι
1594 2119 1705 2165 χέρας
1724 2118 1874 2162 ἀνδρῶν

308 2167 479 2213 ἀρίστων,
506 2170 540 2205 οἳ
565 2171 606 2206 τὸ
633 2171 849 2219 πάγχρυσον
874 2171 983 2217 δέρος
1007 2170 1124 2221 Πελίᾳ
1152 2174 1347 2218 μετῆλθον.
1375 2172 1420 2207 οὐ
1447 2171 1517 2216 γὰρ
1544 2169 1592 2207 ἂν
1615 2169 1781 2207 δέσποιν’
1808 2171 1874 2216 ἐμὴ

306 2221 458 2266 Μήδεια
484 2224 649 2269 πύργους
673 2230 740 2270 γῆς
770 2224 915 2261 ἔπλευσ’
943 2223 1109 2267 Ἰωλκίας
1135 2226 1241 2270 ἔρωτι
1265 2225 1392 2270 θυμὸν
1419 2223 1628 2270 ἐκπλαγεῖσ’
1647 2222 1822 2266 Ἰάσονος.
1842 2225 1875 2259 Α

308 2275 443 2320 quibus
463 2276 603 2312 Ennius
624 2289 707 2313 cum
726 2278 766 2313 in
786 2278 871 2314 aliis
890 2281 971 2314 tum
990 2279 1030 2314 in
1049 2279 1179 2314 ordine
1198 2289 1322 2314 rerum
1342 2278 1524 2321 discessit,
1546 2289 1656 2323 quem
1676 2278 1874 2323 Euripides

430 2448 512 2486 253
535 2448 688 2487 efferret
706 2450 741 2488 h.
757 2462 785 2488 e.
809 2451 1012 2489 extulisset
1030 2453 1073 2488 ut
1091 2451 1201 2498 infra
1224 2459 1331 2498 279,·
1351 2451 1452 2498 quod
1467 2462 1590 2499 yenus
1611 2450 1696 2488 Ter.
1717 2450 1866 2498 adelph.

310 2505 388 2543 106
408 2519 501 2545 nam
526 2507 560 2545 si
589 2511 690 2546 esset
714 2509 816 2548 unde
842 2510 883 2547 id
908 2510 1020 2548 fieret
1044 2509 1261 2548 faceremus
1401 2510 1485 2547 254
1512 2522 1579 2548 era
1604 2522 1692 2547 mea
1708 2503 1712 2562 Ι
1730 2509 1870 2547 Medea

307 2566 432 2615 plane
449 2569 494 2604 ut
509 2566 651 2615 Mrsz.
675 2576 695 2615 7
721 2563 894 2607 δέσποιν’
917 2567 989 2620 ἐμὴ
1007 2563 1209 2622 ΙΜήδεια.·
1229 2571 1263 2607 et
1280 2579 1395 2616 saepe
1412 2569 1533 2606 solent
1551 2571 1703 2613 veteres,
1727 2567 1870 2606 Graeci

304 2627 497 2673 inprimis,
513 2627 626 2664 etiasm
643 2627 749 2665 ultra
767 2630 1036 2673 necessitatem,
1051 2629 1194 2666 addere
1211 2629 1372 2666 nmina
1386 2630 1420 2666 et
1430 2629 1628 2676 principio
1647 2638 1781 2665 versus
1801 2628 1870 2665 ad-

305 2685 404 2730 dere,
432 2685 534 2723 velut
555 2685 715 2733 Hippoi.
735 2695 801 2733 53.
825 2685 905 2733 582
934 2688 1076 2726 Troad.
1098 2685 1180 2723 862
1203 2687 1254 2725 al.
1279 2688 1326 2725 de
1350 2698 1423 2735 quo
1445 2698 1594 2734 yenere,
1619 2698 1697 2724 mm
1722 2697 1872 2734 semper

304 2747 402 2781 recte
420 2746 619 2783 aestimato
638 2756 664 2782 a
682 2745 812 2790 doctis,
832 2747 1023 2793 quaedam
1042 2747 1239 2794 disputavi
1251 2757 1420 2794 prooem,
1442 2755 1455 2781 1
1467 2743 1520 2781 88
1527 2755 1549 2792 5
1554 2742 1575 2796 s
1579 2743 1633 2781 86
1647 2757 1690 2793 p.
1711 2754 1762 2781 10

304 2799 444 2840 Medea
470 2804 602 2842 animo
629 2800 766 2855 aegro:
790 2806 838 2842 de
863 2805 1017 2843 elisione
1038 2805 1320 2843 Lachmanmzs
1339 2806 1392 2843 ad
1410 2805 1529 2842 Lucr.
1550 2817 1596 2842 ΙΠ
1617 2813 1701 2852 374
1725 2816 1767 2852 p.
1790 2802 1865 2840 162

423 2875 542 2913 aegra
561 2863 634 2901 ali-i
654 2875 740 2901 cum
758 2863 869 2902 labris
887 2865 1137 2903 deterioribus
