2020 3334
366 202 549 238 LXXXIV
923 202 951 238 1.
976 202 1203 238 HISTORIA
1221 202 1358 238 ENNH

361 316 639 365 pronuntiasse
663 315 878 364 paucisque
903 316 1042 364 postea
1066 314 1244 353 versibus
1269 313 1416 353 additis
1438 315 1716 355 celebrantibus
1734 327 1822 355 ewm
1839 317 1926 355 lau-

363 375 619 422 dantibusque
637 374 815 412 omnibus
834 374 1068 423 discessisse,
1089 374 1187 413 haec
1206 376 1445 425 exaggerata
1463 374 1630 414 fortasse
1649 375 1717 414 sed
1735 388 1815 414 11011
1832 375 1925 415 ficta

362 435 528 483 possunt
559 433 676 471 fidem
708 433 836 472 facere
868 433 989 471 Ennii
1020 433 1182 472 annales
1215 446 1260 472 eo
1291 436 1469 483 tempore
1499 434 1675 472 nondum
1704 436 1747 473 in
1784 435 1924 473 oblivi-

365 505 479 531 onem
506 492 691 531 cecidisse
716 495 757 530 et
781 506 860 531 non
885 493 1014 531 solum
1038 493 1216 531 homines
1242 492 1377 531 doctos
1403 492 1471 531 sed
1495 494 1618 532 etiam
1641 494 1834 544 populum
1859 494 1926 532 ob-

363 553 538 590 lectasse.
559 552 706 590 Parum
724 553 846 590 refert
865 564 1025 600 eques-ne
1045 565 1096 591 an
1116 563 1203 591 ecus
1216 552 1368 590 Ennius
1388 553 1430 590 in
1449 552 1520 591 illo
1537 565 1654 591 versu
1667 548 1790 606 (232)
1804 555 1924 603 scrip-

364 612 471 659 serit,
499 623 600 660 quae
626 611 844 661 disputatio
871 625 917 650 ex
942 611 1014 650 illa
1039 613 1244 650 occasione
1269 624 1406 650 ansam
1431 612 1561 661 petiit,
1586 612 1654 650 sed
1673 613 1833 663 gravius
1853 615 1925 661 est,

364 670 470 719 quod
495 669 646 709 Gellius
671 670 892 709 Antonium
917 671 1117 709 Iulianum
1142 671 1340 709 rhetorem
1365 671 1572 720 aequalem
1597 671 1695 709 dicit
1726 672 1926 720 exemplar

362 730 484 767 Ennii
509 742 685 768 summae
710 731 920 769 vetustatis
946 730 997 768 ad
1022 730 1284 768 dirimendam
1308 731 1428 769 istam
1454 731 1673 779 scripturae
1701 732 1925 769 controver-

361 790 461 827 siam
487 801 746 838 comparasse.
779 785 856 843 (Cf.
878 802 997 839 supra
1016 803 1053 839 p.
1075 785 1201 842 xxvi).
1229 789 1341 834 Quod
1365 802 1458 827 vero
1486 802 1586 839 quae
1612 789 1779 828 eundem
1803 789 1924 828 Iulia-

361 861 456 886 num
481 848 529 886 de
554 861 627 886 usu
653 861 699 886 ac
723 850 878 887 ratione
904 851 1040 897 equitis
1065 849 1320 888 disserentem
1351 849 1460 896 facit,
1492 861 1538 887 ea
1563 861 1604 887 se
1634 851 1772 898 postea
1803 850 1925 887 etiam

361 909 403 945 in
422 907 664 956 pervulyatis
689 910 973 947 commentariis
998 910 1146 958 scripta
1171 908 1379 946 offendisse
1398 907 1506 956 dicit,
1532 910 1637 946 certe
1655 908 1802 946 Iuliani
1821 920 1925 946 com-

361 968 575 1006 mentarios
600 967 675 1005 hac
700 967 855 1006 dicendi
879 969 1034 1006 ratione
1059 981 1137 1006 non
1162 967 1442 1018 intelligemus,
1467 967 1535 1005 sed
1559 968 1690 1006 sinon
1711 967 1925 1016 Ε1111131105,

361 1026 503 1064 saltem
534 1039 599 1064 eos
632 1026 773 1075 quibus
806 1028 927 1065 etiam
953 1027 1135 1065 Enniana
1166 1028 1443 1065 tractarentur.
1476 1027 1624 1065 Rursus
1654 1039 1754 1076 quae
1779 1038 1849 1065 xvi
1870 1028 1924 1065 10

361 1087 576 1124 narrantur
594 1087 714 1124 otium
733 1089 817 1124 erat
834 1087 1002 1134 quodam
1020 1087 1082 1125 die
1100 1087 1248 1125 Romae
1266 1088 1309 1124 in
1326 1087 1412 1135 foro
1426 1098 1452 1124 a
1469 1087 1629 1134 negotiis
1652 1088 1686 1124 et
1698 1086 1800 1124 laeta
1812 1098 1926 1134 quae-

361 1145 454 1183 dam
485 1145 682 1184 celebritas
718 1147 911 1194 feriarum
949 1146 1214 1194 leqcbaturque
1249 1147 1292 1183 in
1330 1156 1508 1184 consessu
1538 1146 1635 1192 forte
1668 1145 1925 1193 complurium

361 1204 489 1242 Ennii
508 1204 603 1242 liber
622 1216 667 1242 ex
685 1206 895 1243 annalibus
917 1203 975 1254 [VI
989 1201 1154 1256 fr.v111],
1175 1204 1315 1254 quibus
1330 1204 1547 1253 disputatio
1568 1203 1615 1242 de
1629 1205 1670 1242 vi
1690 1206 1729 1242 et
1748 1217 1820 1243 usu
1832 1215 1925 1252 pro-

361 1263 490 1302 letarii
514 1263 790 1312 introducitur,
810 1266 855 1302 ut
876 1265 973 1302 haec
991 1265 1108 1303 huius
1128 1264 1409 1313 disputationis
1429 1275 1548 1302 631153
1567 1263 1659 1301 ficta
1678 1265 1769 1312 sint,
1791 1266 1925 1302 tamen

359 1322 457 1373 fingi
488 1335 567 1360 non
597 1325 784 1372 poterant
814 1323 890 1362 nisi
921 1324 1018 1362 haec
1049 1325 1108 1362 ita
1138 1323 1225 1361 fieri
1250 1324 1370 1361 moris
1396 1323 1545 1361 fuisset.
1578 1322 1757 1360 Tertium
1783 1322 1925 1361 addam

361 1383 501 1429 simile,
527 1384 572 1419 ut
597 1382 816 1431 ostendam,
843 1382 984 1432 quibus
1010 1383 1125 1421 rebus
1151 1383 1214 1420 vel
1233 1382 1368 1420 usibus
1387 1384 1473 1420 tum
1491 1382 1681 1431 temporis
1701 1382 1822 1419 Ennii
1841 1394 1924 1420 car-

360 1442 469 1479 mina
494 1440 675 1479 adhiberi
700 1442 818 1480 solita
843 1443 933 1481 sint.
961 1455 1061 1480 xvm
1083 1443 1106 1479 2
1129 1441 1402 1480 Saturnalium
1427 1441 1563 1479 diebus
1583 1440 1750 1480 Athenis
1776 1441 1826 1479 ad
1858 1454 1925 1479 va-

362 1500 545 1538 riandam
570 1501 813 1539 sermonibus
841 1502 1031 1550 cenulam,
1057 1501 1108 1540 ad
1132 1514 1251 1551 quam
1270 1501 1490 1550 complures
1510 1502 1788 1549 convenerunt,
1813 1513 1925 1550 prae-

360 1560 441 1598 mia
460 1560 671 1598 solvendae
692 1562 934 1610 quaestionis
950 1562 1082 1610 posita
1095 1562 1204 1599 sunt:
1225 1573 1393 1610 quarum
1408 1560 1683 1609 quaestionum
1697 1561 1826 1609 prima
1841 1562 1926 1598 erat

361 1619 407 1656 de
422 1619 651 1658 enarrandis
666 1619 842 1658 versibus
857 1620 989 1669 Ennii,
1004 1621 1072 1670 qui
1086 1622 1215 1659 essent
1227 1621 1269 1657 in
1280 1620 1424 1658 saturis
1441 1617 1525 1668 [lib.
1540 1620 1614 1657 inc.
1626 1614 1690 1670 111]
1703 1620 1925 1667 frustrandi

361 1678 480 1716 verbo
513 1679 777 1717 multifariam
801 1680 931 1728 posito
956 1679 1170 1729 implicati:
1202 1678 1293 1716 dein
1319 1679 1446 1716 altera
1472 1679 1651 1727 quaestio
1680 1679 1777 1716 item
1802 1678 1924 1716 Enni—

362 1749 438 1775 ana
466 1750 566 1786 quae
592 1740 678 1776 erat
703 1738 866 1776 verbum
891 1751 1026 1777 verare
1051 1733 1160 1791 (ann.
1183 1733 1286 1790 380)
1314 1737 1496 1787 quisnam
1521 1739 1728 1786 poetarum
1747 1740 1926 1776 veterum

360 1798 568 1846 posuisset.
607 1797 698 1836 Non
730 1799 976 1836 occasionem
1006 1810 1159 1847 premo,
1191 1798 1301 1835 cuius
1332 1796 1448 1835 fidem
1475 1798 1562 1846 quis
1587 1796 1824 1846 praestabit,
1859 1796 1925 1835 sed

362 1856 467 1905 quod
491 1856 583 1894 huic
608 1856 741 1908 generi
768 1858 1018 1895 occasionum
1043 1857 1161 1896 semel
1187 1858 1410 1905 iterumque
1435 1856 1619 1894 Enniana
1643 1857 1772 1905 poesis
1803 1858 1926 1895 inser-

360 1916 445 1952 viit.
472 1915 575 1953 Hinc
601 1917 705 1954 enim
730 1916 971 1967 intelligitur
996 1916 1146 1955 Ennius
1172 1916 1242 1954 illo
1274 1917 1450 1965 tempore
1483 1915 1579 1964 quid
1609 1914 1791 1954 valuerit.
1825 1915 1926 1953 Sunt

360 1974 482 2012 etiam
514 1975 616 2013 aliae
648 1975 870 2014 occasiones
903 1975 1044 2025 quibus
1072 1975 1221 2014 Gellius
1253 1977 1391 2013 narrat
1422 1987 1618 2013 sermones
1649 1975 1854 2013 institutos
1887 1977 1926 2012 et

360 2034 482 2071 Ennii
513 2046 647 2073 versus
683 2035 895 2083 discussos,
936 2035 1046 2073 velut
1065 2047 1094 2072 11
1116 2036 1188 2083 26,
1227 2046 1315 2072 cum
1347 2033 1496 2072 Gellius
1531 2046 1572 2072 se
1607 2046 1695 2072 cum
1727 2033 1924 2072 Favorino

360 2093 595 2143 philosopho
622 2094 672 2132 ad
699 2094 938 2132 Frontonem
973 2094 1138 2143 pedibus
1175 2107 1348 2145 aegrum,
1383 2095 1454 2132 aut
1484 2105 1553 2130 XIX
1583 2094 1636 2131 10
1672 2092 1722 2131 ad
1757 2092 1924 2131 eundem

361 2152 601 2191 Frontonem
627 2165 715 2191 cum
742 2152 897 2192 Celsino
924 2154 1026 2192 Iulio
1053 2155 1206 2192 venisse
1231 2154 1290 2191 ait
1315 2155 1354 2191 et
1378 2151 1650 2202 praesentibus
1680 2151 1769 2190 aliis
1801 2152 1925 2190 doctis

361 2211 442 2249 sive
474 2211 522 2250 de
554 2212 730 2251 colorum
762 2213 985 2251 nominibus
1012 2214 1094 2252 sive
1121 2213 1168 2251 de
1193 2213 1324 2251 nescio
1350 2213 1460 2250 cuius
1485 2211 1669 2250 vocabuli
1693 2224 1766 2250 usu
1792 2210 1925 2260 dispu-

360 2273 491 2308 tatum
522 2274 561 2309 et
593 2271 642 2309 ab
674 2272 767 2320 illis,
799 2285 877 2310 non
904 2285 927 2310 a
954 2271 1094 2320 Gellio,
1127 2272 1248 2310 Ennii
1273 2284 1407 2310 versus
1439 2271 1481 2308 in
1507 2271 1834 2320 disceptationem
1858 2283 1925 2309 vo-

362 2332 470 2368 catos
496 2343 579 2369 esse
605 2325 766 2384 (quibus
793 2331 893 2370 adde
918 2344 944 2370 v
967 2327 1061 2385 11);
1087 2330 1192 2381 quod
1216 2330 1363 2369 idcirco
1395 2331 1515 2368 affero
1549 2331 1644 2379 quia
1674 2330 1747 2368 hoc
1778 2329 1925 2368 indicio

363 2392 421 2427 est
452 2402 531 2427 non
562 2391 691 2428 solum
717 2389 888 2429 Gellium
919 2390 987 2429 sed
1018 2391 1117 2429 alios
1147 2390 1281 2429 doctos
1306 2390 1484 2428 homines
1510 2389 1618 2427 illius
1643 2388 1831 2438 temporis
1860 2386 1926 2439 (de

361 2448 560 2487 Frontone
588 2461 708 2498 supra
732 2444 922 2502 vidimus)
949 2450 1154 2488 Ennianae
1184 2450 1313 2499 poesis
1344 2449 1493 2498 peritos
1524 2448 1645 2486 fuisse
1678 2460 1748 2486 nec
1779 2449 1925 2486 invitos

363 2520 403 2546 se
430 2521 475 2546 ea
502 2507 728 2547 oblectasse.
760 2509 1069 2559 Nonnumquam
1094 2509 1144 2548 ab
1170 2510 1259 2547 aliis
1286 2507 1554 2560 grammaticis
1581 2507 1628 2544 de
1654 2507 1774 2544 Ennii
1806 2506 1924 2545 versi-

361 2566 432 2605 bus
459 2566 662 2617 disputata
687 2569 730 2606 in
756 2581 845 2607 suas
865 2569 1159 2607 lucubrationes
1181 2569 1341 2617 recepit,
1366 2567 1476 2605 velut
1495 2578 1540 2603 m
1562 2567 1616 2603 14
1637 2578 1661 2603 a
1679 2565 1858 2604 Varrone
1878 2565 1925 2603 de

362 2626 524 2664 dimidio
551 2628 591 2664 et
615 2627 818 2665 dimidiato
839 2622 946 2680 (ann.
970 2623 1073 2681 536)
1095 2628 1202 2666 dicta
1221 2629 1291 2666 aut
1310 2639 1335 2663 x
1359 2628 1379 2664 1
1402 2626 1452 2664 ab
1472 2625 1608 2664 eodem
1626 2625 1668 2661 in
1688 2624 1789 2662 libro
1810 2625 1925 2663 disci-

363 2685 564 2734 plinarum
589 2686 637 2724 de
662 2689 799 2734 quarto
825 2689 864 2724 et
889 2690 1071 2734 quartum
1091 2682 1199 2739 (ann.
1222 2680 1338 2738 295),
1358 2697 1382 2722 a
1408 2697 1484 2734 quo
1511 2685 1632 2722 etiam
1657 2686 1815 2733 sumpta
1834 2686 1926 2722 sunt

363 2757 409 2782 ex
428 2745 555 2794 primo
576 2745 623 2782 de
642 2747 769 2794 poetis
791 2758 891 2795 quae
906 2758 990 2785 xvn
1006 2748 1072 2794 21,
1088 2747 1141 2784 43
1164 2746 1211 2784 116
1225 2746 1346 2783 Ε111111
1365 2745 1472 2782 vitae
1492 2744 1604 2781 annis
1619 2755 1926 2781 commemoran-

363 2805 438 2841 tur.
465 2803 567 2841 Item
591 2817 634 2843 Ν
656 2805 678 2842 7
706 2817 729 2842 3
754 2805 916 2843 Valerio
941 2805 1069 2843 Probo
1096 2818 1142 2843 ex
1167 2805 1337 2854 epistola
1362 2805 1445 2842 eius
1471 2803 1521 2841 ad
1539 2802 1769 2840 Marcellum
1794 2814 1924 2851 sump-

363 2863 416 2900 sit
448 2875 548 2911 quae
579 2864 612 2901 is
644 2863 692 2901 de
722 2865 1047 2913 pronuntiatione
1078 2863 1321 2902 Hannibalis
1351 2864 1450 2902 teste
1483 2862 1604 2899 Ennii
1633 2873 1749 2899 versu
1780 2861 1925 2900 docuit.

365 2921 560 2960 Similiter
577 2934 619 2961 V1
636 2924 658 2960 2
681 2935 704 2961 3
725 2921 909 2962 Caesellii
927 2923 1107 2961 Vindicis
1127 2923 1419 2961 commentariis
1440 2922 1694 2970 antiquarum
1712 2920 1925 2958 lectionum
