2004 3278
736 205 995 241 ANNALIUM
1019 206 1105 242 LIB.
1126 207 1143 241 Ι
1604 208 1730 244 CLVII

169 317 359 356 cinnitate
385 317 575 368 exigente,
601 317 756 368 colligit
782 318 832 356 ad
857 319 1203 357 Eratosthenicum
1228 333 1375 358 annum
1398 321 1509 359 1183
1535 322 1729 361 retulisse.

169 376 253 422 Quo
285 377 391 415 facto
423 387 579 414 necesse
611 378 671 414 est
695 376 870 414 Ennium
900 390 979 416 una
1011 391 1099 416 cum
1131 391 1200 417 suo
1234 381 1393 418 auctore
1425 393 1448 418 a
1481 380 1621 419 Troiae
1653 380 1729 420 fine

169 430 323 489 (1183)
350 435 401 474 ad
425 435 598 485 primum
624 447 771 473 annum
796 436 904 474 urbis
925 431 1050 490 (883)
1076 450 1217 476 novem
1241 438 1375 490 γενεάς
1393 439 1430 476 h.
1451 452 1481 477 e.
1502 452 1625 478 annos
1651 442 1729 478 tre-

168 497 301 533 centos
326 507 563 543 numerasse,
591 507 668 544 qua
687 495 769 532 fere
788 496 943 533 ratione
962 495 1222 534 Niebuhrium
1242 498 1412 536 vidimus
1436 511 1515 536 non
1533 500 1728 538 trecentos

167 554 236 594 sed
259 556 455 593 trecentos
474 556 554 592 tres
575 565 698 592 annos
718 554 823 591 inter
842 554 984 592 Troiae
1004 556 1152 592 exitum
1171 558 1210 593 et
1230 558 1422 607 originem
1442 557 1588 596 Romae
1607 559 1727 597 inter-

167 614 328 653 cessisse
354 614 521 663 opinari.
549 612 724 658 Quorum
749 613 849 651 mihi
873 614 1057 651 neutrum
1082 614 1240 652 videtur
1261 615 1422 664 probari
1440 628 1553 665 posse
1574 617 1622 655 ob
1642 631 1729 656 eam

167 685 328 712 causam
355 673 460 723 quod
486 674 603 711 certis
629 673 869 711 testimoniis
895 674 1050 711 constat
1076 674 1181 722 apud
1207 674 1380 712 Ennium
1405 675 1561 714 Aeneae
1582 689 1626 713 ex
1645 677 1729 715 filia

165 734 350 782 nepotem
369 733 582 771 Romulum
601 731 736 770 urbem
757 731 978 770 condidisse
999 726 1107 784 (vide
1125 746 1163 782 p.
1179 744 1277 770 cnm
1285 728 1372 786 sq.).
1398 734 1446 771 In
1466 747 1544 783 qua
1562 748 1603 772 re
1625 736 1729 784 quod

166 804 236 830 nos
263 792 365 830 nihil
390 792 470 830 nisi
493 792 698 829 licentiam
723 792 921 840 poeticam
947 803 1158 842 agnoscere
1184 792 1294 831 iubet
1319 793 1526 831 Trieberus
1559 795 1729 832 similem

165 851 228 889 illi
254 864 332 901 qua
356 851 559 902 Vergilius
585 863 679 889 usus
705 850 863 888 Aeneae
889 863 978 888 cum
1003 850 1158 888 Didone
1185 852 1461 890 commercium
1485 852 1654 901 finxerit,
1683 866 1730 892 ea

166 910 391 960 explicandi
415 911 520 949 ratio
546 923 685 949 vereor
709 911 755 948 ut
780 910 961 948 omnibus
989 911 1222 948 satisfaciat.

283 970 449 1008 Accedit
474 970 644 1008 alterum
670 971 710 1007 et
734 970 903 1008 fortasse
929 970 1108 1020 gravius:
1134 970 1176 1007 id
1202 970 1306 1019 quod
1332 982 1377 1008 ex
1402 971 1452 1008 iis
1472 973 1607 1020 repeto
1629 984 1728 1020 quae

167 1028 301 1068 Cicero
328 1029 466 1068 scribit
491 1029 538 1067 de
560 1042 601 1067 re
620 1028 781 1079 publica
802 1023 910 1081 (ann.
931 1041 973 1067 1v
992 1029 1039 1066 fr.
1059 1023 1138 1082 1v):
1166 1026 1223 1067 ‘id
1234 1032 1371 1077 postea
1388 1042 1436 1068 ne
1453 1033 1628 1068 nostrum
1647 1032 1730 1078 qui-

164 1088 250 1127 dem
274 1089 454 1127 Ennium
483 1090 602 1137 fuyit,
633 1090 700 1137 qui
730 1091 773 1126 ut
802 1089 936 1127 scribit
966 1099 1069 1127 anno
1102 1089 1415 1138 quinquagesimo
1445 1101 1510 1127 ccc
1537 1091 1616 1138 fere
1641 1093 1730 1137 post

164 1148 333 1187 Romam
364 1148 559 1187 conditam
585 1144 731 1186 “nonis
756 1148 873 1186 Iunis
903 1148 977 1186 soli
1007 1148 1105 1186 lima
1137 1148 1279 1186 obstitit
1309 1151 1343 1187 et
1365 1145 1491 1195 nooe’'‚·
1524 1152 1635 1197 atque
1659 1150 1730 1187 hac

163 1208 207 1246 in
231 1220 272 1247 re
297 1211 408 1246 tanta
431 1209 531 1246 isnest
553 1209 655 1246 ratio
681 1210 794 1256 atque
817 1207 989 1245 sollertia
1006 1209 1050 1244 ut
1068 1218 1113 1245 ex
1130 1208 1198 1246 hoc
1217 1208 1278 1246 die
1297 1219 1407 1256 quem
1426 1208 1533 1255 apud
1552 1208 1731 1246 Ennium

164 1269 199 1305 et
222 1268 266 1305 in
290 1268 473 1306 maximis
499 1267 710 1305 annalibus
741 1268 1008 1315 consiynatum
1032 1267 1218 1312 violemus,
1248 1268 1464 1315 superiores
1488 1268 1582 1305 solis
1610 1267 1730 1315 defee-

163 1327 284 1365 tiones
315 1329 516 1375 reputatae
539 1327 620 1364 sint
648 1337 768 1374 usque
799 1326 851 1364 ad
875 1326 986 1364 illam
1011 1338 1110 1374 quae
1133 1327 1247 1364 nonis
1274 1326 1530 1375 Quinctilibus
1548 1328 1626 1374 fuit
1648 1339 1730 1375 rey-

162 1389 281 1425 nante
304 1383 498 1424 Romulo.’
525 1385 564 1424 Is
591 1386 697 1423 enim
723 1398 840 1435 quem
865 1385 963 1423 dicit
988 1386 1083 1424 solis
1103 1385 1277 1424 defectus
1298 1385 1505 1423 Trieberus
1524 1386 1610 1435 ipse
1629 1387 1728 1423 fate-

163 1447 230 1483 tur
254 1458 301 1483 ex
325 1446 403 1484 isto
431 1445 687 1494 computandi
712 1445 828 1483 modo
860 1445 979 1494 plane
1010 1445 1204 1482 incertum
1237 1457 1318 1483 esse
1351 1458 1427 1494 quo
1461 1457 1563 1483 anno
1595 1446 1727 1482 fuerit.

164 1504 217 1542 Et
235 1506 370 1543 tamen
389 1505 508 1544 simul
528 1506 706 1554 apparet,
728 1504 921 1554 quidquid
941 1504 987 1542 de
1008 1505 1090 1543 eius
1106 1517 1209 1543 anno
1224 1505 1454 1542 defectionis
1469 1499 1729 1557 iudicatur*),

164 1562 393 1605 Ciceronem
418 1577 498 1602 non
522 1577 635 1614 posse
661 1577 740 1602 non
765 1578 888 1602 unum
914 1564 1157 1614 eundemque
1183 1577 1330 1602 annum
1349 1565 1392 1602 in
1411 1564 1532 1601 Ennii
1551 1563 1728 1602 versibus

164 1625 203 1661 et
221 1624 264 1661 in
284 1623 492 1662 annalibus
513 1624 695 1662 maximis
716 1625 993 1675 consignatum
1013 1624 1230 1662 offendisse.
1258 1623 1370 1668 Quod
1389 1624 1424 1661 si
1443 1624 1513 1671 est,
1533 1624 1729 1660 fateamur

164 1684 321 1732 oportet
346 1683 519 1721 Ennium
544 1684 587 1721 in
612 1682 833 1721 definienda
858 1683 966 1721 urbis
993 1684 1145 1734 origine
1171 1696 1250 1721 non
1276 1683 1326 1721 ad
1350 1682 1481 1721 nescio
1509 1695 1624 1732 quem
1650 1682 1728 1720 sin-

164 1742 343 1793 gularem
368 1755 515 1781 annum
541 1742 609 1781 sed
635 1742 686 1780 ad
710 1743 915 1793 vulgarem
942 1742 1116 1792 aliquem
1142 1744 1181 1780 et
1207 1755 1464 1790 communem,
1490 1742 1600 1780 velut
1626 1742 1730 1779 circa

164 1804 315 1840 sextam
340 1801 629 1851 septimamque
655 1802 935 1851 olympiadem,
960 1802 1118 1841 redisse.

281 1861 423 1911 Itaque
448 1863 494 1899 ut
518 1862 724 1899 mittamus
746 1861 941 1900 Troianae
967 1861 1208 1900 calamitatis
1234 1874 1414 1899 normam
1438 1873 1556 1910 quam
1577 1860 1728 1898 Ennius

164 1922 320 1959 secutus
345 1921 541 1969 videatur,
567 1921 614 1959 de
642 1934 720 1971 qua
744 1934 786 1959 re
812 1921 913 1959 nihil
940 1922 1084 1959 certius
1111 1920 1267 1958 definiri
1292 1932 1406 1970 posse
1432 1922 1542 1969 puto,
1575 1920 1621 1957 de
1645 1931 1729 1967 sep-

164 1980 343 2029 tingentis
374 1981 491 2019 annis
523 1993 620 2030 quos
653 1994 676 2018 a
707 1980 868 2019 Romuli
899 1981 1067 2031 augurio
1100 1980 1213 2018 duxit
1244 1980 1515 2028 quaestionem
1546 1991 1594 2016 ne
1626 1990 1728 2016 nunc

165 2039 324 2088 quidem
349 2040 522 2078 solutam
548 2052 631 2078 esse
656 2039 795 2078 fateor.
829 2038 957 2084 Quare
986 2039 1020 2077 si
1045 2039 1118 2076 hac
1145 2051 1223 2076 non
1248 2039 1451 2088 processit,
1484 2038 1564 2075 alia
1590 2049 1727 2088 aggre-

164 2098 320 2136 diamur
344 2100 421 2138 via.
447 2099 575 2137 Varro
603 2100 672 2148 qui
696 2099 767 2136 hos
794 2110 929 2136 versus
955 2098 1030 2136 hoc
1055 2098 1171 2136 modo
1198 2098 1336 2135 attulit
1361 2110 1433 2135 rer.
1459 2098 1555 2135 rust.
1576 2109 1621 2133 111
1644 2098 1679 2143 1,
1702 2097 1725 2133 2

165 2152 274 2209 (ann.
294 2158 361 2195 lib.
381 2159 456 2195 inc.
477 2153 651 2210 xxxvm)
678 2159 814 2196 etenim
838 2158 1138 2195 vetustissimum
1163 2157 1346 2204 oppidum
1369 2168 1455 2194 cum
1473 2157 1525 2194 sit
1542 2155 1728 2193 traditum

167 2215 361 2255 Graecum
386 2217 568 2255 Boeotiae
601 2217 765 2261 Thebae,
796 2216 897 2264 quod
926 2227 994 2254 rex
1022 2215 1168 2264 quyos
1200 2216 1428 2262 aedificarit,
1458 2216 1501 2252 in
1533 2225 1626 2263 ayro
1651 2214 1728 2251 Ro-

163 2287 280 2314 mano
299 2276 427 2314 Roma
451 2288 569 2324 quam
594 2276 785 2313 Romulus
810 2287 897 2313 reoe:
919 2287 1014 2313 nam
1038 2276 1081 2313 in
1105 2275 1173 2313 hoc
1196 2287 1301 2313 nume
1319 2275 1480 2322 denique
1500 2276 1564 2318 est,
1589 2276 1632 2312 ut
1650 2273 1728 2311 dici

157 2336 294 2383 possit,
318 2346 397 2373 non
422 2347 509 2373 cum
535 2335 694 2373 Ennius
717 2335 884 2382 scripsit,

376 2394 613 2443 Septinyenti
636 2397 728 2432 swnt
744 2394 869 2442 paulo
886 2394 982 2441 plus
1007 2396 1076 2431 aut
1099 2394 1230 2431 minus
1256 2394 1364 2438 anni,

377 2453 554 2503 Auyusto
579 2455 745 2502 auqurio
763 2455 971 2501 postquam
995 2453 1130 2491 inclita
1155 2453 1309 2491 condita
1333 2452 1461 2490 Roma
1486 2453 1551 2496 est,

166 2512 305 2562 Varro,
337 2514 513 2563 inquam,
545 2514 615 2562 qui
639 2525 772 2551 rerum
796 2512 1035 2550 rusticarum
1059 2511 1181 2550 libros
1209 2525 1242 2550 a.
1263 2525 1299 2549 u.
1324 2513 1405 2549 717
1436 2511 1607 2560 scripsit,
1639 2522 1726 2548 cum

166 2585 244 2610 non
263 2573 381 2611 nimis
402 2573 592 2623 grandem
611 2585 694 2611 esse
714 2571 822 2609 urbis
839 2572 1077 2610 vetustatem
1090 2571 1320 2619 declararet,
1341 2583 1441 2621 quae
1454 2582 1558 2608 nunc
1571 2570 1726 2607 demum

165 2631 256 2669 inde
282 2645 305 2670 a
331 2632 498 2670 Romulo
526 2632 728 2671 conditore
754 2644 823 2670 suo
849 2631 1119 2682 septingentos
1146 2643 1269 2669 annos
1290 2630 1536 2680 explevisset,
1561 2629 1602 2666 id
1622 2627 1726 2677 quod

166 2691 247 2729 suis
272 2691 402 2730 verbis
429 2691 557 2730 dicere
582 2692 740 2741 poterat
764 2691 908 2729 maluit
927 2690 1119 2728 Ennianis
1139 2690 1316 2729 versibus
1337 2690 1563 2739 exprimere,
1589 2688 1725 2735 utpote

284 2841 316 2886 *)
341 2839 397 2875 De
422 2851 495 2885 quo
522 2840 613 2875 satis
640 2841 718 2875 esto
745 2839 794 2874 ad
820 2837 1027 2874 Ginzelium
1056 2838 1242 2885 relegasse
1268 2838 1469 2884 (Spezieller
1494 2835 1633 2870 Kanon
1663 2833 1726 2868 der

167 2885 327 2922 Sonnen-
349 2888 428 2923 unol
442 2889 791 2932 Mondfinsternisse.
818 2887 949 2922 Berlin
969 2889 1074 2932 1899)
1095 2899 1129 2932 p.
1147 2891 1287 2930 1801111οἳ
1308 2885 1372 2930 qui
1390 2886 1467 2918 tam
1485 2881 1724 2926 chronologo-

167 2945 247 2967 rum
273 2946 385 2979 quam
411 2937 705 2970 astronomorum
730 2934 924 2980 opiniones
951 2933 1151 2979 diligenter
1175 2932 1369 2968 recensuit.

1776 2981 1780 2998 Ι
