2004 3278
318 184 373 226 10
887 181 1147 217 ANNALIUM
1172 182 1259 216 LIB.
1279 182 1296 217 I

1019 298 1158 334 XXXII

314 362 371 404 56
939 363 1102 403 «cetera
1133 374 1240 416 quos
1270 361 1476 416 peperisti

401 432 468 476 Ne
499 447 618 475 cures

1014 488 1169 523 XXXIII

311 552 368 593 58
936 554 983 592 ut
1010 549 1093 592 Ilia
1122 550 1287 592 reddita
1317 552 1499 605 nuptum

1013 642 1168 677 XXXIV

28 748 80 774 ΕΤ
95 707 293 775 ἓξξέῐᾶἷῃε
311 703 367 746 59
398 703 516 747 Haec
546 706 715 759 ecfatus,
747 704 892 760 ibique
922 704 1109 746 latrones
1142 704 1256 746 dieta
1285 704 1511 746 facessunt.

81 796 243 814 ,οων-ι
1020 796 1158 832 XXXV

312 858 368 899 (ΞΟ
866 857 1092 901 caenacula
1122 858 1309 900 maxima
1339 858 1446 900 caeli

1014 950 1168 986 XXXVI

312 1014 365 1055 61
925 1012 1217 1068 bipatentibus

310 1136 494 1171 advocant
507 1136 678 1179 Ennium,
694 1136 793 1180 quod
808 1135 945 1170 dixerit
962 1135 1018 1170 ita
1032 1135 1133 1171 «Ilia
1146 1134 1267 1169 dia...
1284 1145 1456 1169 erumnas
1471 1135 1653 1170 tetuli·³·'».'
1715 1134 1871 1179 Explan.

309 1189 348 1223 in
374 1189 506 1223 Donat.
528 1200 548 1224 e
574 1189 652 1224 cod.
681 1189 833 1223 Lavant.
863 1188 903 1223 G.
925 1188 963 1222 L.
985 1188 1027 1222 K.
1049 1201 1087 1222 1v
1105 1199 1140 1232 p.
1169 1191 1308 1230 563,14
1330 1187 1594 1233 (soloecismus)
1618 1188 1704 1232 ‘per
1723 1198 1871 1232 genera,

309 1240 406 1275 siout
415 1241 515 1286 apud
524 1241 685 1276 Ennium
697 1242 797 1277 «alia
808 1241 887 1276 dia.
900 1270 905 1275 .
917 1269 923 1275 .
934 1252 1104 1276 erumnas
1116 1241 1289 1276 tetulisti»
1300 1251 1367 1285 pro
1378 1240 1529 1285 neptis.’
1592 1240 1736 1275 Nonius
1746 1252 1781 1285 p.
1792 1244 1870 1283 215,

311 1298 329 1328 7
353 1295 481 1339 ‘nepos
495 1294 570 1329 dici
584 1296 622 1329 et
634 1294 774 1329 femina
786 1296 911 1339 potest
923 1294 1043 1329 Ennio
1058 1295 1218 1335 auctore,
1235 1304 1331 1338 quae
1345 1305 1443 1328 nuno
1462 1294 1586 1339 neptis
1606 1293 1759 1329 dicitur:
1781 1295 1873 1330 «ilia

309 1348 358 1382 da
378 1347 491 1392 (alia
510 1347 562 1382 de
580 1359 627 1381 m.
648 1359 702 1392 pr.
724 1347 842 1393 Harl.)
868 1358 982 1393 nepos
1003 1349 1182 1392 (neptos
1202 1347 1314 1382 Wolf.
1335 1348 1488 1392 neptis
1514 1347 1609 1383 Flor.
1623 1360 1670 1382 m.
1685 1359 1739 1392 pr.
1754 1347 1872 1393 Leid.)

308 1412 341 1444 q.
364 1411 534 1435 erumnas
559 1401 772 1436 netulisti».’
802 1400 853 1435 Cf.
868 1400 1011 1436 Nonius
1025 1413 1060 1446 p.
1081 1404 1157 1443 178,
1175 1405 1218 1435 16
1241 1400 1425 1435 ‘tetulit
1448 1401 1556 1435 tulit’
1579 1412 1663 1435 cum
1683 1400 1870 1446 exemplis.

308 1453 354 1487 M.
370 1453 541 1488 Hertzius
562 1454 610 1488 ad
630 1453 742 1489 Gellii
761 1467 798 1489 vl
819 1457 849 1496 9,
867 1458 920 1488 17.
1037 1455 1166 1489 Festus
1185 1454 1229 1499 p.
1243 1458 1322 1496 402,
1340 1457 1383 1489 15
1397 1454 1463 1488 Th.
1487 1454 1607 1489 ‘recto
1627 1454 1748 1489 fronte
1770 1482 1871 1488 .....

308 1507 485 1551 antiquae
504 1507 544 1541 id
565 1507 843 1542 consuetudinis
869 1507 951 1550 fuit,
971 1508 1015 1542 ut
1040 1519 1123 1542 cum
1143 1507 1198 1542 ait
1217 1507 1358 1542 Ennius
1379 1518 1527 1553 quoque
1547 1518 1592 1544 «a
1612 1507 1727 1552 stirpe
1746 1518 1872 1552 supre-

307 1571 389 1595 mo»
411 1562 506 1605 (178)
527 1562 566 1595 et
585 1561 718 1597 «iliadi
738 1571 904 1606 anepos»
932 1562 970 1596 et
989 1561 1122 1606 «lupus
1142 1560 1243 1597 feta»
1264 1562 1336 1607 (68)
1363 1562 1402 1596 et
1420 1561 1547 1597 «nulla
1565 1562 1709 1597 metus»
1731 1562 1812 1606 (549
1835 1562 1874 1595 et

307 1624 402 1648 scen.
424 1614 534 1659 407).’
569 1613 621 1650 Cf.
644 1614 773 1649 Festus
798 1627 834 1659 p.
857 1618 935 1657 510,
952 1617 995 1648 28
1016 1614 1082 1649 Th.
1113 1615 1264 1659 ‘specus
1290 1613 1470 1650 feminino
1495 1625 1631 1660 genere
1655 1613 1873 1659 pronuntia-

307 1667 399 1702 bant
424 1667 580 1712 antiqui,
595 1668 638 1702 ut
655 1668 776 1702 metus
797 1669 834 1702 et
852 1667 1017 1712 nepos.⁷

424 1719 561 1753 XXXII
575 1721 647 1765 (56)
697 1719 844 1755 Servius
858 1720 1042 1755 Danielin.
1057 1721 1097 1755 in
1110 1720 1200 1755 Aen.
1216 1734 1253 1754 1x
1269 1724 1336 1755 653
1355 1732 1390 1765 p.
1409 1723 1488 1763 368,
1502 1724 1546 1755 25
1562 1720 1657 1754 Thil.
1681 1721 1818 1755 ‘cetera
1832 1720 1871 1755 id

307 1774 362 1806 est
378 1772 417 1807 in
432 1774 613 1817 ceterum3
633 1774 690 1807 est
709 1775 834 1808 autem
854 1773 1083 1808 Ennianum:
1106 1775 1253 1810 «cetera
1274 1802 1280 1808 .
1298 1802 1303 1807 .
1324 1802 1329 1808 .
1351 1784 1397 1808 ne
1418 1774 1572 1809 oures».'

423 1826 579 1860 XXXIII
593 1828 664 1871 (58)
716 1825 862 1861 Servius
876 1827 1060 1862 Danielin.
1076 1827 1115 1862 in
1129 1827 1218 1862 Aen.
1235 1840 1276 1861 111
1297 1830 1364 1861 333
1384 1839 1419 1872 p.
1436 1830 1515 1869 401,
1532 1830 1575 1861 22
1590 1826 1685 1861 Thil.
1710 1827 1873 1862 ‘reddita

306 1890 406 1914 more
425 1879 541 1914 veteri
560 1891 628 1925 pro
648 1880 738 1914 data
758 1880 1018 1925 accipiendum
1039 1882 1111 1924 est3
1130 1891 1170 1915 re
1191 1891 1278 1925 ergo
1299 1880 1477 1914 abundat.
1511 1880 1653 1915 Ennius
1673 1880 1871 1915 annalibus

307 1933 380 1968 «ad
398 1933 466 1968 illa
483 1933 633 1968 reddita
651 1937 828 1978 nuptam»
850 1935 887 1968 et
910 1933 1002 1968 alibi
1023 1935 1118 1979 (141)
1146 1934 1274 1977 «isque
1301 1933 1380 1968 dies
1405 1935 1491 1978 post
1510 1934 1576 1968 aut
1593 1944 1739 1968 marcus
1759 1944 1871 1979 quam

307 1996 421 2031 regna
440 1986 604 2031 recepit»
624 1997 691 2031 pro
712 1986 882 2031 aocepit.'

418 2039 572 2074 XXXIV
592 2041 664 2085 (59)
708 2039 851 2074 Nonius
864 2052 899 2085 p.
916 2043 995 2083 306,
1011 2043 1055 2074 23
1078 2039 1274 2075 ‘facessere
1289 2042 1345 2074 est
1357 2039 1489 2075 facere.
1517 2039 1658 2074 Ennius
1673 2039 1870 2074 annalibus

306 2092 369 2126 lib.
391 2106 403 2126 1
424 2093 540 2128 «haec
559 2097 592 2128 et
609 2094 712 2136 fatus
730 2093 859 2137 ibique
878 2093 901 2128 l.
924 2094 957 2128 d.
979 2092 1218 2129 facessunt».’
1248 2092 1300 2128 Cf.
1321 2093 1459 2128 Paulus
1484 2093 1585 2128 Festi
1609 2105 1645 2137 p.
1668 2096 1722 2135 61,
1739 2095 1782 2126 29
1803 2092 1869 2127 Τ11.

309 2146 505 2181 ‘facessere
520 2146 708 2192 significat
726 2146 915 2181 interdum
927 2146 1061 2190 faeere,
1076 2148 1119 2181 ut
1139 2148 1196 2182 est
1216 2146 1340 2183 «iussa
1352 2146 1564 2182 facessunt»
1579 2146 1681 2191 (Aen.
1702 2159 1739 2181 1v
1760 2146 1867 2191 295).’

309 2198 344 2233 C.
367 2198 422 2233 Gl.
444 2199 482 2233 L.
503 2212 540 2234 w
562 2203 579 2233 1
600 2211 636 2244 p.
658 2203 737 2235 429.

425 2252 562 2287 XXXV
587 2254 660 2299 (60)
716 2252 968 2288 Tertullianus
995 2254 1076 2288 adv.
1092 2253 1238 2288 Valent.
1268 2257 1287 2287 7
1313 2266 1348 2298 p.
1377 2256 1443 2287 291
1471 2253 1503 2287 D
1528 2252 1668 2299 Rigalt.
1710 2252 1870 2297 ‘primus

309 2305 472 2340 omnium
491 2306 633 2340 Ennius
652 2307 766 2351 poeta
784 2306 974 2341 Romanus
995 2306 1221 2343 «caenacula
1239 2306 1402 2340 maxima
1423 2306 1540 2341 caeli»
1555 2305 1774 2351 simpliciter
1786 2316 1870 2350 pro-

307 2358 495 2394 nuntiavit
514 2359 560 2394 de
578 2358 648 2394 lati
668 2359 760 2394 situs
779 2359 929 2394 nomine
948 2360 1007 2395 vel
1026 2360 1116 2405 quia
1135 2360 1257 2395 Iovem
1277 2359 1355 2394 illic
1374 2359 1588 2404 epulantem
1607 2359 1752 2404 legerat
1770 2359 1870 2403 apud

308 2411 534 2446 Homerum.'
634 2411 753 2447 Schol.
770 2412 902 2447 Veron.
923 2413 963 2447 in
976 2412 1086 2459 Verg.
1101 2413 1192 2448 Aen.
1214 2426 1236 2447 x
1258 2416 1276 2446 1
1296 2425 1332 2457 p.
1356 2415 1423 2446 102
1442 2411 1537 2446 Keil.
1559 2425 1586 2446 11
1603 2424 1639 2457 p.
1662 2415 1706 2446 26
1726 2411 1866 2446 Herrm.

309 2465 500 2509 (panditur
524 2464 666 2500 interea
691 2466 821 2500 domus
847 2466 1113 2511 omnipotentis
1139 2465 1288 2510 Olympi
1314 2465 1586 2509 conciliumque
1610 2466 1720 2499 vocat
1743 2464 1869 2498 divum

307 2518 415 2562 pater
435 2518 547 2562 atque
566 2518 758 2553 hominum
775 2529 840 2554 rex
859 2519 1071 2554 sideream
1061 2531 1099 2554 in
1120 2520 1272 2554 sedem.
1313 2518 1533 2553 considunt
1544 2517 1653 2552 tectis
1666 2517 1868 2561 bipatenti-

307 2571 390 2616 bus)
413 2571 547 2616 ‘Long.
569 2571 692 2605 utrum
712 2572 765 2606 sic
790 2573 940 2607 domum
965 2572 1059 2607 dicit
1084 2572 1230 2617 aperiri,
1264 2547 1448 2638 quomodo
1474 2571 1512 2605 et
1535 2570 1716 2605 Homerus
1736 2571 1868 2633 χαλκο-

308 2623 416 2671 βατὲς
441 2626 493 2660 δῶ
514 2623 603 2668 (Il.1
621 2627 690 2658 426
711 2624 783 2670 al.‚)
804 2624 1011 2670 αὐτόμαται
1031 2625 1072 2661 δὲ
1091 2626 1218 2670 πύλα(ι
1237 2625 1355 2670 μύκον
1380 2624 1544 2667 οὐρανοῦ
1569 2622 1614 2663 ἃς
1640 2622 1739 2669 ὣχον
1758 2616 1869 2667 ,Ωραι

309 2677 362 2722 (Π
382 2690 406 2712 v
427 2678 507 2722 749)
528 2677 566 2711 et
584 2676 725 2711 Ennius
745 2689 819 2712 non
837 2679 985 2713 tantum
1005 2677 1155 2713 domum
1175 2678 1239 2713 sed
1259 2678 1373 2712 etiam
1393 2676 1633 2713 «cenaculum
1653 2675 1797 2710 caeli»)

425 2729 579 2764 XXXVI
599 2731 671 2776 (61)
721 2729 897 2765 Servius
887 2743 926 2766 m
945 2731 1035 2766 Aen.
1050 2744 1073 2765 x
1094 2735 1114 2766 5
1135 2731 1197 2777 (ad
1215 2744 1311 2766 xxxv
1331 2730 1462 2775 adscr.)
1484 2727 1755 2774 bipatentibus
1774 2728 1868 2773 phy-

429 2853 482 2892 58
515 2855 560 2890 ut
584 2853 655 2891 illa
687 2848 781 2905 (nia
810 2849 1086 2906 Oomsmelinus)
1112 2868 1142 2891 r.
1167 2856 1336 2904 nuptum
1361 2852 1524 2891 Daniel:
1551 2851 1601 2890 ad
1622 2852 1694 2889 illa
1718 2865 1747 2889 r.
1768 2865 1868 2902 nup-

309 2913 392 2949 tam
514 2913 567 2950 59
601 2913 750 2952 ecfatus
769 2912 957 2961 Scaliger:
983 2914 1023 2951 et
1046 2913 1153 2951 fatus
