2004 3278
690 170 951 206 ANNALIUM
976 171 1062 205 LIB.
1084 171 1100 205 I
1647 170 1673 210 3

871 289 922 323 VI

144 339 168 380 7
202 338 256 380 Ei
287 338 395 380 mihi
427 338 565 393 qualis
593 341 683 380 erat

859 412 927 447 VII

144 461 169 503 8
202 460 261 503 «O
293 462 429 516 pietas
461 462 592 504 animi

851 530 935 564 VIII

145 591 171 633 9
207 591 320 645 Quae
349 606 452 634 cava
483 605 646 646 corpore
676 591 868 633 caeruleo
899 591 1057 632 cortina
1088 593 1277 645 receptat

871 683 922 717 IX

118 744 172 785 10
203 743 295 786 Ova
324 745 463 799 parire
495 744 604 787 solet
632 759 767 802 genus
799 744 951 800 pennis
983 744 1309 786 condecoratum

200 814 301 857 Non
331 816 534 858 animam:
567 819 610 858 et
640 819 740 871 post
771 816 868 858 inde
900 815 1017 857 venit
1049 815 1253 857 divinitus
1286 814 1431 870 pullis

201 885 301 941 Ipsa
325 887 471 929 anima
879 943 911 978 X

116 1004 170 1046 13
1007 1008 1196 1059 terraque
1227 1019 1380 1059 corpus

202 1074 319 1126 Quae
351 1075 467 1117 dedit
498 1076 591 1131 ipsa
622 1075 737 1131 capit
767 1090 906 1131 neque
937 1075 1132 1130 dispendi
1164 1076 1268 1117 facit
1297 1074 1435 1116 hilum

234 1209 286 1244 VI
305 1210 354 1255 (7)
397 1209 543 1244 Servius
563 1209 602 1244 in
622 1210 712 1245 Aen.
728 1223 755 1244 11
775 1213 843 1244 274
866 1210 922 1245 ‘ei
941 1210 1034 1244 mihi
1049 1209 1184 1256 (qualis
1204 1210 1294 1252 erat,
1316 1210 1497 1254 quantum
1515 1209 1681 1243 mutatus

114 1263 161 1298 ab
181 1262 246 1298 illo
266 1262 455 1308 Hectore):
482 1263 594 1297 Ennii
620 1264 771 1298 versus.’
799 1263 858 1297 Ad
884 1275 995 1308 quem
1020 1265 1145 1298 tamen
1170 1264 1316 1308 partem
1341 1263 1487 1297 tantum
1509 1262 1681 1297 versiculi

114 1316 236 1351 redire
256 1317 422 1361 apparet.
455 1316 636 1351 Similiter
656 1316 801 1351 Servius
822 1316 931 1360 alibi;
952 1316 1036 1351 vide
1056 1316 1105 1351 ad
1124 1329 1154 1350 v.
1179 1319 1256 1350 199.
1273 1319 1340 1350 200
1362 1327 1456 1350 scen.
1473 1319 1528 1349 92.

231 1369 299 1404 VH
320 1371 367 1415 (8)
418 1368 545 1404 Cicero
565 1369 706 1404 Lucull.
723 1373 778 1412 27,
794 1373 838 1404 88
861 1369 948 1404 ‘nisi
967 1380 1052 1404 vero
1079 1369 1240 1403 Ennium
1265 1380 1338 1403 non
1363 1370 1538 1414 putamus
1557 1368 1612 1403 ita
1625 1370 1680 1403 to-

112 1424 193 1457 tum
218 1422 313 1457 illud
340 1423 526 1457 audivisse
546 1433 590 1458 «o
610 1423 732 1467 pietas
753 1423 902 1465 animi»,
929 1423 960 1457 si
985 1423 1095 1457 modo
1121 1423 1160 1457 id
1181 1422 1388 1463 somniavit,
1409 1423 1452 1456 ut
1471 1422 1502 1456 si
1521 1422 1681 1467 vigilans

114 1475 286 1510 audiret.’
375 1476 542 1510 Donatus
555 1476 595 1510 in
609 1475 688 1510 Ter.
705 1487 786 1510 eun.
802 1489 843 1510 111
864 1479 894 1518 5,
912 1480 954 1510 12
978 1477 1018 1510 ‘o
1038 1476 1154 1510 festus
1169 1476 1247 1510 dies
1262 1476 1465 1521 (hominis):
1485 1487 1552 1520 pro
1572 1475 1681 1510 homo

113 1528 201 1563 festi
221 1529 306 1563 diei.
329 1529 398 1574 [sic
418 1529 555 1563 dicitur
575 1529 689 1563 etiam
709 1529 827 1563 scelus
846 1529 982 1575 homo].
1010 1529 1151 1563 Ennius
1172 1540 1216 1564 «o
1235 1529 1357 1573 pietas
1378 1529 1543 1564 animi».’

232 1581 319 1616 VIII
339 1583 388 1627 (9)
437 1581 554 1617 Varro
575 1582 620 1616 de
640 1581 662 1616 1.
678 1582 715 1616 L.
731 1595 782 1617 v11
802 1585 846 1616 48
870 1583 991 1627 ‘apud
1011 1582 1172 1616 Ennium
1193 1593 1306 1627 «qugq
1316 1596 1329 1625 ;
1348 1583 1389 1616 in
1408 1592 1554 1625 corpore
1569 1592 1683 1616 causa

115 1634 260 1670 ceruleo
280 1636 352 1680 sylo
372 1638 453 1670 orta
472 1646 562 1670 mure
586 1639 737 1680 eeptat».
759 1646 850 1670 cava
876 1636 1020 1670 cortina
1046 1635 1157 1675 dicta,
1179 1636 1279 1680 quod
1299 1636 1355 1670 est
1374 1635 1471 1670 inter
1489 1636 1626 1669 temam
1646 1636 1683 1669 et

114 1688 258 1723 caelum
285 1688 333 1722 ad
359 1687 644 1722 similitudinem
671 1689 836 1723 cortinae
856 1688 1059 1733 Apollinis3
1085 1699 1130 1723 ea
1150 1699 1172 1723 a
1191 1689 1311 1730 corde,
1339 1688 1439 1733 quod
1458 1688 1546 1722 inde
1567 1689 1682 1723 sortes

113 1741 257 1787 primae
277 1741 538 1776 existimatae.’

231 1794 281 1828 IX
301 1796 373 1839 (10)
417 1794 534 1829 Varro
554 1795 600 1829 de
620 1794 642 1828 l.
659 1795 696 1829 L.
713 1808 734 1829 v
749 1798 792 1829 57
816 1795 1023 1840 ‘principes
1044 1795 1105 1830 dei
1125 1795 1277 1830 Caelum
1296 1796 1334 1829 et
1347 1794 1480 1829 Terra.
1499 1823 1503 1828 .
1522 1823 1528 1828 .
1546 1794 1578 1814 ⁵9
1590 1795 1682 1829 haec

115 1848 187 1883 duo
217 1847 361 1882 caelum
387 1848 426 1882 et
449 1849 558 1890 terra,
589 1849 689 1893 quod
715 1849 841 1883 anima
866 1849 904 1883 et
929 1860 1070 1893 corpus.
1104 1849 1298 1883 humidum
1319 1850 1356 1882 et
1374 1847 1554 1893 frigidum
1572 1850 1681 1889 terra,

115 1901 191 1935 sive
220 1911 312 1937 «ova
335 1912 466 1945 parere
489 1902 577 1937 solet
602 1914 636 1946 g.
660 1903 795 1946 pennis
821 1913 849 1936 c.
876 1914 910 1936 n.
939 1902 1136 1943 animam»,
1167 1903 1209 1936 ut
1238 1902 1292 1936 ait
1320 1901 1472 1942 Ennius,
1510 1902 1572 1937 «et
1599 1902 1684 1946 post

113 1954 202 1989 inde
276 1954 424 1990 anima»
445 1954 531 1997 sive,
552 1956 595 1989 ut
608 1955 731 1990 Zenon
746 1954 896 1997 Citieus,
919 1955 1137 1989 animalium
1155 1966 1279 1989 semen
1292 1954 1391 1999 ignis
1410 1954 1442 1988 is
1462 1954 1526 1998 qui
1541 1954 1683 1999 (isque

115 2007 390 2053 Lachmannus)
411 2008 537 2042 anima
557 2018 600 2042 ac
620 2009 749 2042 mens.’
867 2008 1066 2043 Diomedes
1086 2021 1098 2042 1
1117 2020 1152 2052 p.
1169 2011 1248 2049 383,
1265 2011 1285 2041 5
1305 2007 1347 2041 K.
1372 2007 1514 2052 ‘pai-io:
1536 2018 1620 2041 cum
1639 2018 1684 2041 ex

114 2061 184 2096 hoc
211 2061 378 2095 dicamus
403 2061 629 2095 infinitivum
653 2072 784 2105 parere
810 2061 921 2096 tertio
947 2061 1087 2102 ordine,
1115 2061 1215 2105 apud
1236 2062 1376 2094 veteres
1396 2060 1520 2104 parire
1541 2060 1683 2094 dictum

114 2114 328 2159 reperimus,
349 2115 392 2148 ut
412 2114 512 2158 apud
532 2114 694 2148 Ennium
714 2125 807 2150 «ova
821 2115 949 2158 parire
967 2114 1130 2149 solent»f
1235 2113 1447 2147 Priscianus
1467 2126 1533 2147 v111
1551 2125 1586 2158 p.
1602 2116 1681 2155 401,

117 2170 137 2201 3
152 2166 195 2200 H.
220 2166 345 2211 ‘pario
362 2194 367 2200 .
386 2195 391 2200 .
409 2194 415 2200 .
431 2167 532 2211 apud
551 2166 820 2201 vetustissimos
841 2168 996 2211 quartae
1017 2166 1292 2212 coniugationis
1314 2165 1604 2200 declinationem
1616 2166 1682 2200 ha-

115 2220 239 2254 bebat.
268 2219 410 2254 Ennius
439 2230 531 2255 «ova
552 2220 679 2264 parire
704 2220 791 2254 solet
816 2231 849 2264 g.
870 2220 998 2263 pinnis
1018 2219 1192 2264 (pennis
1213 2219 1300 2262 aliq.
1323 2219 1442 2264 codd.)
1463 2219 1683 2254 condecora-

116 2273 246 2309 tum».’
281 2272 422 2307 Eadem
447 2272 523 2307 fero
543 2273 644 2307 idem
664 2286 686 2306 x
705 2285 739 2317 p.
757 2275 835 2313 500,
852 2276 896 2306 20
917 2274 954 2307 et
974 2276 1052 2314 540,
1071 2276 1088 2306 7
1110 2272 1153 2306 Η.
1184 2272 1236 2307 Of.
1258 2272 1451 2307 Lucretius
1472 2286 1483 2305 1
1506 2276 1572 2307 116
1593 2273 1641 2307 ad
1661 2285 1683 2308 v

118 2326 234 2361 adscr.

229 2379 262 2413 X
282 2380 354 2424 (13)
394 2378 510 2414 Varro
530 2380 576 2413 de
597 2379 618 2412 l.
636 2379 672 2412 L.
690 2392 711 2413 v
733 2382 777 2413 60
800 2379 919 2413 ‘recte
939 2379 1055 2423 igitur
1068 2379 1227 2413 Pacuius
1248 2379 1346 2423 quod
1369 2379 1423 2413 ait
1436 2380 1494 2424 (93
1509 2379 1566 2423 R.)
1581 2379 1682 2414 «ani-

241 2551 264 2588 9
295 2550 470 2589 Correxit
487 2552 767 2598 praeeuntibus
790 2551 967 2588 Turnebo
994 2553 1027 2588 ct
1044 2550 1238 2599 Scaliqero
1261 2550 1302 2588 O.
1323 2551 1551 2594 Muellerus,
1579 2553 1612 2587 et
1635 2550 1682 2588 de

121 2621 216 2647 cava
243 2610 395 2647 cortina
422 2610 548 2648 Varro
572 2611 655 2658 ipse
679 2621 758 2648 non
782 2611 876 2647 sinit
900 2610 1098 2656 dubitare‚·
1131 2622 1248 2648 causa
1272 2621 1349 2658 pro
1376 2621 1472 2647 caua
1497 2611 1683 2656 scriptum

122 2671 176 2706 est
195 2670 309 2707 etiam
327 2681 361 2707 v.
377 2678 489 2716 440,·
509 2669 660 2717 reliqua
679 2669 938 2717 dittoyraphia
958 2670 1178 2716 emplicabit:
1199 2669 1369 2718 queq3in
1382 2669 1416 2706 72.
1433 2680 1461 2706 e.
1477 2680 1681 2716 quequem,

119 2730 163 2765 ut
188 2740 304 2777 quem
322 2739 398 2775 pro
426 2741 500 2777 que
526 2729 584 2766 bis
609 2729 746 2776 leyitur
765 2740 822 2765 vn
845 2726 867 2763 8
894 2729 1043 2766 tectum
1064 2741 1180 2777 quem
1198 2740 1274 2776 pro
1300 2729 1549 2774 tescumque;
1575 2738 1682 2763 ceru-

122 2786 183 2824 leo
202 2787 281 2836 selo
309 2789 437 2824 autem
460 2799 539 2825 ozon
565 2788 676 2825 aliter
700 2789 837 2824 natum
862 2799 979 2834 quam
1002 2799 1043 2825 VI
1071 2797 1112 2822 11
1138 2799 1214 2835 pro
1241 2787 1339 2824 caeli
1364 2787 1406 2823 in
1431 2786 1540 2823 libris
1564 2786 1683 2832 scrip-

121 2847 201 2883 tum
224 2848 277 2883 est
296 2846 394 2883 caeli
414 2846 485 2884 celi
511 2847 570 2884 vel
596 2846 667 2883 celi
688 2846 787 2883 caeli
886 2847 936 2883 11
973 2848 1013 2883 et
1031 2848 1122 2895 post
1146 2846 1277 2883 Eomio
1304 2845 1540 2883 continuavit
1557 2843 1683 2881 Lach-

124 2915 293 2942 mcmnus
319 2905 371 2942 ad
395 2904 514 2942 Lacr.
541 2918 555 2941 1
587 2915 600 2940 1
617 2913 663 2952 17
799 2906 851 2942 13
890 2906 1074 2954 terraque
1114 2917 1253 2953 corpus
1284 2904 1478 2951 Berykius

1426 2967 1470 3001 1*
