2054 3282
335 200 392 241 64
884 191 1143 228 ANNALIUM
1168 191 1254 226 Lm.
1276 191 1326 225 XI

1083 310 1134 344 ΠΙ

1096 370 1303 424 Peryama

335 439 419 482 358
453 439 567 489 Quae
599 453 735 493 neque
766 437 992 478 Dardaniis
1024 435 1185 490 campis
1210 438 1388 490 potuere
1419 436 1557 490 perire

449 509 539 552 Nec
570 523 666 550 cum
699 510 822 562 capta
854 507 947 561 capi
978 521 1056 548 nec
1087 520 1183 548 cum
1215 507 1439 549 combusta
1470 507 1646 548 cremari

1077 611 1129 645 IV

331 675 417 716 360
761 673 896 714 «malo
930 685 1074 714 cruce»
1106 672 1222 713 fatur
1253 672 1341 713 «uti
1371 672 1456 728 des,

446 744 651 799 Iuppiter,
1092 805 1126 840 V

330 870 414 912 362
446 868 640 911 Pendent
665 867 1007 923 peniculamenta
1030 882 1165 908 unum
1191 867 1243 909 ad
1272 857 1482 923 quemque
1507 868 1663 923 pedum

1083 971 1135 1006 VI

329 1035 414 1077 363
447 1034 555 1076 Tum
588 1033 713 1088 clipei
744 1035 949 1075 resonunt
981 1036 1023 1075 et
1053 1033 1155 1075 ferri
1187 1033 1330 1075 stridit
1362 1048 1549 1077 acumen.

325 1163 423 1207 quod
438 1163 528 1197 duos
542 1173 620 1196 esse
634 1172 757 1196 versus
768 1161 957 1196 Ennianos
971 1161 1207 1206 intelligitur,
1221 1162 1367 1198 iunctos
1381 1162 1538 1198 fortasse
1551 1163 1622 1199 hoc
1634 1164 1762 1199 modo:
1778 1175 1886 1200 «con-

323 1217 482 1250 tendunt
501 1215 659 1250 Graecos
681 1243 687 1250 .
705 1243 710 1249 .
729 1243 734 1249 .
752 1215 897 1260 (eadem
915 1225 1001 1249 usos
1024 1214 1169 1260 li)ngua
1188 1216 1319 1262 longos
1338 1228 1405 1262 per
1425 1217 1615 1262 (temporis
1634 1218 1830 1263 tractus)»;
1850 1219 1888 1252 et

326 1269 520 1314 ‘temporis
540 1269 701 1303 tractus'
723 1268 800 1303 iam
819 1267 984 1302 Ursinus.
1006 1269 1138 1303 tertius
1159 1269 1306 1304 videtur
1324 1269 1389 1304 ille
1409 1270 1560 1314 quidem
1579 1270 1679 1304 idem
1705 1281 1783 1305 esse
1803 1282 1887 1305 cum

323 1333 364 1357 eo
385 1333 494 1366 quem
514 1321 701 1356 Charisius
720 1321 874 1366 plenum
894 1321 1025 1356 citavit
1047 1321 1234 1367 ‘Hispane
1260 1334 1334 1358 non
1360 1323 1526 1358 Romane
1550 1324 1762 1358 memoretis
1781 1323 1885 1368 loqui

321 1376 399 1410 me’
423 1375 503 1420 (lib.
525 1375 595 1410 inc.
618 1376 757 1420 xxxm),
782 1375 847 1409 sed
873 1385 959 1410 eum
981 1375 1020 1410 in
1046 1375 1116 1410 hoc
1142 1386 1239 1410 nexu
1263 1376 1386 1411 locum
1412 1376 1587 1411 habuisse
1613 1377 1723 1411 nimis
1750 1378 1806 1411 est
1830 1377 1886 1411 in-

322 1430 470 1464 certum.

438 1482 489 1516 111
509 1483 604 1528 (358)
642 1482 854 1517 Macrobius
876 1482 950 1517 Sat.
972 1495 1009 1517 v1
1030 1486 1060 1525 1,
1076 1486 1120 1517 60
1143 1483 1253 1517 ‘num
1280 1483 1381 1528 capti
1405 1484 1560 1528 potuere
1586 1483 1695 1528 capi?
1720 1495 1809 1517 num
1830 1483 1886 1517 in-

322 1546 430 1570 censa
450 1535 627 1570 cremavit
646 1535 757 1570 Troia
782 1536 903 1570 viros?
925 1535 1027 1581 (Aen.
1048 1549 1100 1571 vn
1120 1538 1212 1582 295).
1234 1536 1375 1571 Ennius
1402 1537 1442 1571 in
1467 1536 1665 1571 undecimo
1691 1537 1884 1582 (decimo

320 1589 427 1636 Angl.
442 1602 465 1623 x
484 1589 523 1623 in
543 1600 612 1624 ras.
627 1589 723 1635 Par.)
745 1600 830 1623 cum
855 1589 901 1624 de
927 1589 1118 1634 Pergamis
1143 1589 1358 1634 loqueretur
1378 1600 1497 1634 «quae
1519 1619 1524 1624 .
1543 1619 1548 1624 .
1567 1618 1574 1625 .
1595 1590 1750 1625 cremari
1772 1592 1885 1636 (cre-

319 1653 438 1677 mare
457 1642 639 1688 Neap.)».’

436 1695 486 1730 IV
506 1697 601 1742 (360)
644 1695 788 1730 Nonius
813 1708 848 1740 p.
873 1698 949 1738 195,
967 1699 1010 1730 12
1033 1695 1143 1730 ‘crux
1169 1696 1315 1741 generis
1341 1695 1512 1730 feminini
1539 1707 1659 1741 saepe.
1686 1697 1885 1731 masculini

320 1749 459 1784 Ennius
486 1749 614 1784 annali
639 1749 702 1783 lib.
724 1762 762 1783 XI
782 1748 909 1785 «malo
931 1778 937 1783 .
961 1778 966 1783 .
990 1777 996 1783 .
1016 1749 1240 1794 Iuppiter».'
1365 1748 1416 1784 Cf.
1439 1750 1569 1783 Festus
1590 1760 1634 1783 ex
1654 1761 1779 1795 apogr.
1795 1750 1818 1784 l.
1834 1746 1886 1784 x'11

318 1815 353 1848 p.
371 1806 448 1846 138,
464 1806 508 1837 24
523 1802 589 1837 Th.
607 1802 744 1839 ‘«malo
769 1813 898 1838 cruce»
918 1802 1123 1837 masculino
1145 1813 1279 1848 genere
1299 1814 1383 1837 cum
1403 1802 1498 1837 dixit
1524 1802 1710 1838 Gracchus
1732 1832 1738 1837 .
1756 1831 1761 1837 .
1780 1832 1785 1837 .
1807 1804 1885 1838 tam

318 1856 612 1901 repraesentavit
638 1855 833 1900 antiquam
860 1855 1166 1890 consuetudinem
1192 1867 1304 1900 quam
1329 1856 1428 1891 hunc
1457 1855 1617 1891 frontem
1646 1858 1759 1901 atque
1786 1856 1885 1891 hunc

319 1910 471 1954 stirpem
490 1909 590 1943 idem
611 1909 759 1956 antiqui
779 1909 953 1943 dixerunt
972 1910 1010 1943 et
1028 1920 1152 1943 rursus
1172 1909 1269 1944 hanc
1287 1909 1429 1955 lupum,
1443 1909 1540 1944 hanc
1557 1911 1698 1944 metum
1712 1909 1770 1955 (cf.
1787 1910 1835 1944 ad
1847 1923 1885 1945 v1

318 1962 360 1996 fr.
381 1964 440 2007 1v).
462 1962 553 1997 item
578 1973 663 1997 cum
687 1962 787 1997 idem
809 1990 814 1996 .
833 1990 838 1996 .
856 1990 862 1996 .
885 1962 939 1997 ait
959 1972 1025 1998 «eo
1050 1962 1218 2008 exemplo
1246 1963 1421 1997 instituto
1448 1962 1583 2008 dignus
1609 1962 1682 1997 fuit
1702 1963 1767 2007 qui
1785 1963 1884 1998 malo

319 2026 424 2050 cruce
443 2016 632 2060 periret».'

435 2069 469 2103 V
488 2070 583 2114 (362)
621 2069 764 2103 Nonius
789 2081 824 2114 p.
848 2072 926 2113 149,
942 2073 983 2103 31
1013 2069 1377 2114 ‘peniculamentum
1403 2081 1425 2104 a
1451 2069 1636 2104 veteribus
1661 2080 1748 2114 pars
1772 2069 1883 2105 vestis

319 2122 463 2157 dicitur.
484 2122 626 2157 Ennius
646 2122 710 2157 lib.
726 2135 764 2157 x1
785 2124 867 2168 (XII
886 2135 933 2157 m.
949 2135 1002 2167 pr.
1018 2123 1134 2168 Leid.)
1156 2123 1303 2157 annalis
1318 2123 1526 2168 «pendent.
1544 2151 1550 2157 .
1568 2151 1574 2157 .
1589 2123 1761 2168 pedum».
1777 2122 1883 2158 Luci-

318 2175 389 2209 lius
409 2175 472 2210 lib.
493 2188 597 2211 xvnn
617 2177 700 2221 (493
719 2176 773 2221 L.)
795 2176 1082 2221 «penulamento
1102 2187 1185 2211 vere
1204 2176 1474 2221 reprehendere
1494 2176 1621 2212 noli».'
1874 2206 1876 2208 .

435 2229 486 2263 VI
500 2231 595 2275 (363)
627 2229 839 2264 Priscianus
855 2243 921 2265 v111
940 2242 975 2275 p.
991 2233 1070 2273 445,
1088 2233 1106 2264 7
1121 2230 1164 2264 Η.
1183 2230 1293 2264 ‘sono
1317 2240 1425 2264 sonas
1446 2230 1483 2264 et
1503 2229 1611 2264 sonis.
1626 2229 1768 2263 Ennius
1788 2228 1827 2263 in
1846 2242 1883 2263 XI

319 2282 509 2317 annalium
523 2287 623 2318 «tum
636 2283 748 2328 clipei
768 2282 940 2328 (clepei
958 2283 1083 2328 pauci)
1097 2287 1269 2319 resonant
1287 2294 1347 2319 aes
1367 2284 1605 2328 (resonunt
1624 2293 1696 2317 aes
1718 2281 1882 2327 Carolir.)

438 2454 521 2491 360
541 2454 638 2492 Fuit
650 2454 729 2503 des,
742 2454 934 2504 Iuppiter⁷
948 2455 1153 2492 interitum
1172 2455 1252 2492 sive
1272 2454 1435 2492 exitium
1450 2448 1517 2506 (cf.
1531 2465 1628 2492 scen.
1643 2462 1663 2488 2
1673 2461 1692 2501 7
1703 2447 1745 2505 2)
1755 2467 1769 2499 ,·
1787 2465 1882 2491 nam

319 2513 536 2550 structurae
561 2525 684 2561 „oenus
705 2513 872 2552 Gracchi
892 2514 1104 2561 ememplu‘m
1123 2525 1246 2561 supra
1272 2514 1434 2551 allatum
1446 2513 1579 2560 prodit
1590 2526 1603 2558 ,·
1624 2515 1657 2550 et
1676 2515 1759 2550 erat
1775 2513 1881 2560 haee,

317 2573 361 2608 ut
379 2571 525 2618 opinor,
548 2574 753 2610 exsecratio
779 2574 853 2617 sui,
873 2575 916 2610 ut
939 2574 983 2610 irc
1007 2573 1158 2620 foedere
1176 2573 1348 2620 feriendo
1369 2566 1454 2624 (des
1475 2571 1654 2620 Iuppiter
1673 2571 1882 2609 interitum

319 2630 352 2668 si
371 2624 500 2682 fallo),
515 2632 651 2669 similis
670 2633 739 2676 illi,
759 2643 838 2669 reon
857 2643 1025 2679 compar,
1040 2644 1157 2679 quam
1171 2632 1322 2669 Paulus
1334 2630 1443 2668 Festi
1448 2643 1490 2678 p.
1504 2628 1571 2678 82,
1587 2640 1611 2677 9
1629 2630 1697 2667 Th.
1714 2631 1832 2677 affert
1849 2630 1881 2667 si

319 2689 443 2727 sciens
457 2688 565 2737 fallo,
578 2691 663 2727 tum
676 2703 738 2728 me
752 2690 930 2740 Dispiter
945 2721 951 2727 .
968 2721 974 2727 .
989 2691 1103 2728 bonis
1119 2691 1251 2728 eiiciat
1264 2691 1309 2727 ut
1323 2702 1394 2740 ego
1409 2689 1512 2726 hunc
1524 2689 1697 2738 lapidem
1705 2702 1719 2735 ,·
1739 2688 1881 2726 Livius

318 2760 359 2785 1x
377 2756 413 2796 5,
430 2757 477 2794 3,·
496 2760 510 2785 1
534 2757 598 2795 24,
615 2746 661 2794 8,·
685 2749 759 2787 Cic.
782 2750 834 2787 ad
851 2750 944 2797 fam.
961 2762 1017 2787 vn
1038 2759 1070 2798 1,
1088 2758 1135 2795 2,·
1153 2749 1263 2797 δορὴ.
1283 2749 1385 2787 Phil.
1409 2757 1511 2795 1341
1677 2748 1760 2785 362
1782 2747 1881 2795 Sup-

311 2808 416 2854 pleri
427 2809 582 2855 poterat
596 2808 740 2857 pedum
760 2820 862 2846 nunc
870 2819 884 2855 ,·
905 2811 1067 2846 ceterum
1086 2811 1182 2846 recte
1200 2821 1322 2845 unum
1338 2820 1528 2857 quemque
1544 2806 1700 2856 pedum,
1714 2809 1757 2843 ut
1776 2808 1880 2855 quis-

318 2879 393 2914 que
422 2866 572 2904 dierum
592 2867 784 2905 Horatius
803 2869 872 2905 sat.
894 2879 925 2904 11
946 2876 983 2913 3,
1005 2876 1107 2913 124,·
1138 2868 1326 2905 sententia
1356 2869 1484 2905 autem
1495 2867 1643 2914 plana:
1677 2865 1725 2902 ad
1757 2878 1880 2902 unum

319 2937 511 2974 quemque
531 2925 675 2975 pedum
695 2926 786 2964 dicit
797 2937 873 2974 pro
893 2928 962 2963 uni
982 2927 1121 2975 cuique
1141 2926 1191 2964 ad
1210 2926 1349 2975 pedem
1368 2939 1404 2975 p.
1421 2938 1457 2974 p.
