2054 3282
730 154 965 193 HECTORIS
991 155 1155 191 LYTRA
1638 155 1721 198 145

915 275 965 310 III

164 338 248 380 160
279 336 370 381 Nos
397 337 611 392 quiescere
636 351 819 393 aequum
845 337 940 379 est?
971 351 1124 379 nomus
1151 336 1276 378 ambo
1301 335 1473 378 Ulixem

917 441 969 476 IV

824 508 1066 534 EURYPYLUS

165 557 245 598 161
281 556 315 598 Ο
341 556 590 611 Patricoles,
615 556 669 598 ad
694 570 770 599 vos
796 556 1024 598 adveniens
1050 555 1257 598 auxilium
1283 557 1325 597 et
1350 558 1511 597 vestras
1537 571 1687 597 manus

280 628 386 670 Peto
399 628 648 683 priusquam
660 630 817 684 oppeto
828 626 984 668 malam
995 629 1159 682 pestem
1170 626 1413 668 mandatam
1424 626 1573 669 hostili
1583 642 1724 682 manu,

280 698 431 753 Neque
457 699 630 755 sanguis
656 698 745 740 ullo
772 698 887 753 potis
920 701 984 739 est
1015 700 1141 753 pacto
1167 698 1383 752 profluens
1410 698 1653 752 consistere,

282 769 328 812 Si
355 770 428 825 qui
454 770 664 825 sapientia
688 770 825 825 magis
852 771 992 811 vestra
1017 783 1132 811 mors
1160 769 1339 811 devitari
1364 772 1524 824 potest:

280 840 477 896 Namque
503 839 733 895 Aesculapi
758 839 990 883 liberorum
1019 840 1153 882 saucii
1179 841 1357 895 opplent
1382 841 1590 895 porticus:

168 912 250 953 166
283 911 384 954 Non
409 914 551 966 potest
577 911 730 954 accedi.

820 993 1069 1019 PATRICOLES

410 1045 523 1084 certe
549 1041 798 1098 Eurypylus
823 1041 893 1084 hic
920 1041 1092 1097 quidem
1119 1044 1200 1084 est:
1232 1041 1450 1084 hominem
1477 1041 1727 1083 exercitum!

281 1212 332 1246 III
345 1213 440 1258 (160)
473 1212 670 1248 Diomedes
690 1225 703 1246 1
722 1224 757 1258 p.
774 1215 854 1258 387,
869 1216 914 1247 30
927 1212 970 1247 K.
989 1213 1110 1258 ‘apud
1124 1213 1265 1248 veteres
1284 1212 1483 1257 pluraliter
1501 1212 1611 1247 huius
1626 1212 1729 1247 verbi

164 1265 276 1311 (novi)
295 1265 439 1300 instans
466 1265 666 1311 colligitur,
693 1277 777 1300 cum
801 1277 932 1300 nomus
959 1266 1089 1301 dicunt
1118 1277 1187 1311 pro
1213 1277 1255 1300 eo
1276 1265 1375 1310 quod
1399 1266 1456 1300 est
1480 1265 1647 1299 novimus
1668 1264 1727 1311 (cf.

164 1319 422 1354 Lachmannus
437 1319 485 1354 ad
499 1320 603 1354 Lucr.
615 1332 638 1354 v
650 1321 743 1365 396),
754 1319 810 1354 ita
822 1321 865 1354 ut
877 1319 1018 1354 Ennius
1032 1319 1072 1354 in
1084 1319 1211 1354 lustris
1227 1330 1316 1355 «nos
1329 1347 1334 1353 .
1350 1347 1355 1353 .
1370 1347 1376 1353 .
1389 1318 1585 1354 Ulixem».⁷
1603 1318 1699 1353 amb
1708 1329 1728 1353 o

164 1372 355 1408 Menelaus
381 1374 419 1407 et
443 1373 539 1408 Aiax
565 1373 640 1407 dici
667 1373 790 1418 (aliter
807 1372 1038 1408 Ribbeckius
1058 1374 1152 1419 trag.
1173 1373 1277 1407 Rom.
1295 1384 1331 1417 p.
1349 1373 1429 1417 119)
1451 1373 1489 1407 et
1507 1372 1600 1407 haec
1620 1372 1668 1407 ad
1687 1372 1727 1406 Il.

165 1439 203 1460 XI
223 1429 291 1461 463
307 1438 385 1470 sqq.
400 1426 530 1461 referri
549 1426 732 1461 videntur.

282 1479 333 1514 IV
347 1481 442 1524 (161)
472 1479 597 1514 Cicero
618 1479 723 1514 Tusc.
740 1479 833 1524 disp.
849 1493 876 1513 11
892 1483 947 1522 16,
962 1482 1006 1514 38
1023 1480 1034 1496 ‘
1044 1479 1135 1523 quin
1149 1479 1263 1515 etiam
1276 1479 1442 1513 videmus
1458 1490 1501 1514 ex
1516 1479 1595 1514 acie
1609 1478 1732 1514 efferri

165 1543 276 1577 saepe
303 1533 447 1567 saucios
468 1533 505 1567 et
525 1532 676 1577 quidem
701 1533 831 1567 rudem
857 1533 963 1567 illum
989 1534 1027 1568 et
1051 1533 1337 1568 inexercitatum
1363 1533 1530 1578 quamvis
1556 1533 1628 1568 levi
1653 1533 1731 1569 ictu

165 1586 333 1631 ploratus
352 1586 586 1631 turpissimos
607 1586 732 1621 ederet
754 1588 794 1621 at
813 1597 896 1620 vero
917 1586 981 1621 ille
1002 1586 1225 1621 exercitatus
1246 1588 1283 1621 et
1299 1587 1403 1620 vetus
1424 1586 1470 1620 ob
1485 1596 1641 1630 eamque
1655 1597 1732 1620 rem

165 1639 296 1674 fortior
314 1639 500 1674 medicum
519 1639 629 1674 modo
649 1639 840 1684 requirens
856 1650 878 1674 a
895 1650 967 1684 quo
980 1639 1167 1685 obligetur
1187 1651 1231 1676 «o
1245 1639 1448 1674 Patricoles
1470 1641 1589 1685 (161)»
1609 1639 1733 1684 inquit

166 1693 237 1729 «ad
248 1721 253 1726 .
265 1721 271 1727 .
283 1721 289 1726 .
298 1692 513 1737 Aesculapii
525 1693 620 1738 (165)
631 1721 637 1726 .
648 1721 654 1727 .
667 1721 672 1727 .
683 1693 885 1728 exercitum
893 1694 925 1738 (1
932 1694 1023 1738 66)».
1033 1693 1070 1718 ¹¹¹2
1082 1692 1115 1712 ³⁹
1124 1692 1190 1727 ubi
1201 1694 1348 1727 tantum
1357 1693 1480 1727 luctus
1495 1692 1734 1727 continuatur

166 1745 356 1791 (luctum
376 1745 671 1780 continuatus
693 1746 810 1789 codd,
825 1746 914 1781 olim
929 1748 1046 1792 corr.),
1065 1746 1150 1781 vide
1164 1757 1277 1791 quam
1295 1757 1370 1781 non
1389 1745 1564 1780 flebiliter
1582 1757 1735 1791 respon-

166 1799 263 1842 deat,
283 1800 466 1834 rationem
487 1799 601 1834 etiam
621 1799 778 1843 adferat,
799 1811 863 1834 cur
881 1810 999 1844 aequo
1020 1799 1144 1835 animo
1165 1799 1237 1834 sibi
1250 1799 1445 1834 ferendum
1459 1799 1517 1834 sit.
1535 1799 1622 1844 «qui
1637 1801 1732 1845 (167)

167 1852 293 1888 ...sibi
302 1857 478 1897 paratam
493 1881 499 1887 .
514 1881 519 1887 .
535 1863 663 1898 parem
672 1855 802 1899 (168)».
816 1853 978 1888 abducet
987 1853 1190 1888 Patricoles
1206 1853 1314 1888 credo
1328 1854 1371 1887 ut
1385 1852 1553 1887 conlocet
1565 1853 1604 1887 in
1619 1852 1733 1887 cubili

167 1905 408 1952 (cubiculi,
429 1905 517 1941 olim
538 1908 654 1952 corin),
675 1908 718 1940 ut
739 1906 870 1941 vulnus
891 1906 1042 1952 obliget.
1065 1907 1096 1941 si
1118 1907 1269 1951 quidem
1287 1906 1398 1942 homo
1419 1907 1525 1949 esset,
1548 1907 1611 1941 sed
1638 1906 1733 1940 nihil

167 2059 316 2118 castra)
337 2065 523 2115 conferre,
542 2066 700 2104 conlata
725 2078 839 2114 saepe
857 2066 999 2104 Livius
1020 2061 1141 2118 (xxm
1163 2063 1229 2115 28,
1245 2076 1292 2114 9;
1313 2078 1426 2104 xxv11
1449 2073 1516 2113 27,
1536 2060 1575 2118 1)
1592 2066 1734 2114 aliique

268 2125 348 2161 iam
367 2125 472 2162 ultro
499 2125 674 2163 conferre
694 2126 784 2163 olim
803 2125 1044 2169 Ribbeckius,
1065 2126 1131 2172 qai
1150 2137 1254 2163 mone
1275 2125 1437 2163 Troiani
1455 2125 1599 2162 inferre
1622 2138 1732 2163 occu-

167 2185 266 2233 pant
279 2195 365 2221 eum
378 2184 423 2220 H
422 2186 529 2222 aveto
550 2184 667 2223 edidit
780 2184 864 2222 160
877 2184 1154 2232 Interroyamti
1166 2186 1319 2232 stonum
1333 2184 1486 2222 addidit
1492 2184 1733 2229 Ribbeckius,

166 2244 268 2281 idem
288 2254 373 2280 cum
386 2243 617 2281 Buechelero
634 2245 669 2281 et
679 2243 928 2281 Fleckeiseno
941 2243 1136 2288 Ulixeum,
1150 2244 1350 2282 senarium
1369 2243 1579 2288 dimensus,
1597 2244 1643 2282 de
1662 2255 1735 2291 quo

168 2303 298 2340 dubito
422 2302 503 2340 165
529 2301 587 2350 Cf.
602 2303 738 2341 Il.xv1
762 2299 813 2338 28
834 2301 927 2348 τοὺς
947 2300 1019 2353 μέν
1038 2298 1071 2340 τ’
1092 2300 1219 2355 ἰητροὶ
1236 2301 1543 2354 πολυφάρμακοι
1562 2300 1734 2353 ἀμφιπέ-

168 2375 319 2411 νονται,
339 2356 436 2399 ἕλκε’
459 2359 680 2412 ἀκειόμενοι
816 2362 896 2400 166
917 2363 1022 2411 potis
1043 2361 1208 2400 Bothias
1330 2363 1389 2400 est
1414 2363 1485 2400 del.
1509 2362 1735 2408 Tischeras‚·

169 2421 215 2468 cf.
225 2421 357 2458 Plaat.
366 2419 558 2468 Amphitr.
576 2430 589 2456 1
598 2429 651 2468 07
659 2430 681 2469 5
694 2421 933 2470 Amphitruo
947 2421 1010 2458 hic
1025 2421 1183 2470 quidem
1193 2416 1288 2475 (est)
1302 2433 1389 2459 erus
1403 2433 1512 2459 meus
1521 2435 1535 2467 ;
1548 2422 1626 2459 mil.
1639 2423 1733 2470 ylor.

176 2477 280 2525 1283
296 2480 502 2518 nauclerus
521 2480 585 2518 hic
602 2480 760 2529 quidem
780 2482 861 2526 est‚·
879 2482 984 2518 most.
1002 2478 1108 2526 1063
1214 2481 1427 2519 exercitum
1447 2482 1471 2518 φ’.
1488 2492 1516 2519 e.
1530 2483 1737 2519 vexatum:

171 2540 217 2586 cf.
232 2539 383 2577 Paulus
395 2538 504 2577 Festi
516 2551 558 2587 p.
577 2547 643 2587 57,
659 2549 684 2586 4
702 2540 770 2577 Th.
791 2540 982 2577 exercitus
1003 2541 1043 2577 et
1060 2539 1233 2578 militum
1254 2541 1367 2590 copia
1393 2540 1538 2578 dicitur
1558 2542 1598 2578 et
1616 2541 1732 2578 homo

170 2598 304 2636 multis
322 2597 489 2648 negotiis
509 2599 699 2636 exercitus
708 2612 723 2645 ,·
738 2598 868 2636 Cicero
880 2610 957 2646 pro
970 2599 1101 2637 Plane.
1120 2608 1186 2648 32,
1198 2597 1250 2647 78
1267 2611 1353 2637 sum
1371 2611 1450 2637 non
1470 2599 1599 2637 dicam
1617 2601 1728 2637 miser

171 2652 282 2710 (nam
295 2657 368 2695 1100
383 2657 541 2707 quidem
555 2657 738 2695 abhorret
752 2670 776 2695 a
788 2659 937 2696 virtute
951 2653 1132 2712 verbum)
1148 2658 1215 2696 sed
1230 2660 1332 2697 certe
1347 2660 1537 2696 exercitus
1548 2652 1734 2711 (qeplayt)

288 2716 380 2754 Post
402 2717 506 2766 haec,
531 2729 630 2765 qaae
648 2717 817 2755 Patrocli
842 2720 943 2761 sunt,
963 2718 1087 2765 ptura
1105 2719 1370 2766 praetermisit
1392 2717 1533 2766 Cicero,
1560 2718 1613 2756 ad
1638 2729 1737 2764 quae

173 2778 300 2813 tamen
318 2777 473 2823 respicit
490 2788 576 2814 eum
595 2777 727 2814 scribit
751 2776 819 2814 ubi
844 2778 1001 2814 tantum
1026 2777 1155 2815 luctus
1182 2778 1436 2815 continuatur
1456 2771 1645 2829 (πένθεος
1671 2774 1734 2814 ὅσ-

171 2845 241 2873 σον
262 2832 381 2887 ὄρωρε
401 2834 498 2873 κατὰ
518 2834 680 2887 στρατόν
693 2835 723 2873 I
725 2836 746 2873 l.
762 2847 804 2872 XI
825 2830 930 2888 658)
945 2848 970 2874 a
983 2836 1159 2875 Patroclo
1178 2837 1330 2881 seilicet,
1345 2835 1594 2883 Eurypylum
1614 2838 1647 2872 et
1659 2834 1737 2872 Ar-

169 2895 278 2942 yivos
307 2894 540 2942 deplorante,
571 2896 890 2942 quemadmodum
916 2896 968 2932 Il.
994 2908 1034 2932 x1
1060 2893 1082 2931 8
1094 2905 1143 2942 14
1167 2908 1243 2943 sqq.
1260 2896 1443 2942 deplorat,
1472 2893 1541 2932 τὸν
1571 2891 1612 2932 δὲ
1641 2892 1736 2933 ἰδὼν

243 2972 394 2997 ENNIUS
417 2973 461 2997 ed.
481 2973 604 2997 Vahlen.
1412 2963 1453 2993 10
