2004 3278
705 178 962 213 ANNALIUM
989 179 1076 214 LIB.
1096 178 1180 214 VIII
1532 179 1723 215 CLXXXV

275 291 488 329 Difficilius
520 291 698 329 iudicatu
730 293 789 330 est
813 304 884 330 xvl
915 292 1108 331 deducwnt
1136 293 1282 331 habiles
1310 293 1463 341 gladios
1496 293 1563 340 filo
1595 294 1722 341 graei-

160 352 270 396 Zento,
294 351 336 388 in
360 363 437 400 quo
462 350 544 388 iam
568 350 670 388 illud
697 351 926 402 ambiguum
952 353 1011 389 est
1036 352 1220 390 deducere
1242 352 1394 401 gladios
1421 352 1603 390 dicantur
1624 366 1723 403 pug-

157 412 296 448 nantes
326 422 377 447 an
401 410 534 459 potius
561 409 799 448 fabricantes
825 410 990 460 gladios,
1017 412 1051 448 si
1077 411 1236 460 quidem
1261 412 1303 448 in
1329 412 1547 450 deducendo
1575 413 1722 450 utrum-

158 482 234 518 que
259 469 362 506 inest
389 463 486 522 (vid.
513 464 631 523 adn.)
667 468 801 507 Gladii
833 471 965 507 autem
997 470 1065 519 qui
1097 470 1370 508 describuntur
1402 469 1609 509 Gallorum
1640 483 1723 510 esse

157 528 282 579 gladii
306 528 503 577 videntur,
535 528 604 578 qui
631 529 767 578 quales
793 529 941 567 fuerint
970 542 1056 566 cum
1083 529 1288 567 Plutarchi
1319 529 1449 568 verbis
1482 531 1528 568 de
1555 529 1722 569 Camillo

160 589 227 636 41,
250 589 273 625 5
300 589 387 626 tum
412 589 461 626 iis
489 600 589 637 quae
616 587 752 626 Livius
776 600 861 625 xxn
883 589 950 635 46,
972 588 995 625 5
1025 588 1072 626 de
1099 587 1261 626 Gallicis
1285 588 1553 638 Hispanisque
1580 590 1723 640 gladiis

159 647 297 685 scribit
324 647 523 685 declarare
550 647 700 685 studui:
728 647 869 695 quibus
896 647 988 685 addi
1013 649 1198 696 poterant
1224 660 1324 697 quae
1348 648 1535 697 Polybius
1563 649 1609 686 de
1631 648 1722 688 Gal-

159 707 287 744 lorum
318 706 463 757 gladiis
498 706 610 744 affert
643 700 691 758 (11
714 707 781 754 30,
803 707 845 756 83
874 707 940 755 33,
963 707 998 744 3.
1023 707 1058 744 5.
1082 708 1125 755 63
1151 719 1196 744 111
1219 708 1314 755 114,
1336 709 1372 745 2.
1396 704 1452 757 3).
1496 708 1636 757 Itaque
1668 710 1723 747 sic

160 767 351 815 statuunt,
384 779 540 804 versum
566 765 686 803 Ennii
717 778 796 803 una
829 778 916 803 cum
941 766 990 804 iis
1018 766 1194 804 versibus
1221 779 1318 815 quos
1345 779 1463 816 supra
1488 767 1529 804 in
1555 768 1656 805 libro
1683 781 1724 807 1v

156 825 312 874 reposui
334 819 395 877 (v)
422 826 463 862 in
490 838 536 862 ea
561 826 674 874 parte
701 824 793 862 libri
819 825 977 874 septimi
1002 826 1133 863 locum
1158 825 1341 864 habuisse
1368 839 1446 875 qua
1465 827 1570 864 bella
1591 826 1723 865 Gallo-

158 898 245 922 rum
278 886 412 922 exacto
439 884 588 922 Punico
621 884 788 922 oriunda
814 886 999 922 enarrata
1024 885 1190 934 fuerint,
1223 886 1262 923 et
1288 886 1383 934 quia
1408 885 1538 935 Illyrii
1563 888 1657 924 sunt
1681 888 1723 924 111

156 956 271 982 versu
296 943 363 981 lib.
390 945 464 981 inc.
486 956 537 981 XL
563 944 702 992 Illyrii
733 946 880 982 restant
909 945 1000 982 sicis
1026 945 1247 993 sybmisque
1274 945 1462 993 sedante&
1494 945 1722 995 Illyriorum

156 1016 312 1053 quoque
332 1016 392 1041 res
412 1005 589 1052 tempore
610 1016 698 1041 cum
719 1002 882 1041 Gallicis
902 1004 1045 1042 mixtas
1065 1003 1107 1041 in
1127 1004 1262 1042 eadem
1282 1006 1394 1053 parte
1414 1004 1570 1043 habitas
1590 1006 1722 1044 fuisse.

155 1062 190 1100 A
217 1063 361 1112 quibus
387 1075 466 1101 non
491 1074 651 1112 possum
677 1064 773 1111 quin
798 1063 956 1113 longius
978 1063 1185 1101 discedam.
1212 1063 1345 1112 Atque
1364 1063 1523 1113 Illyrios
1544 1066 1589 1102 ut
1609 1066 1723 1102 omit-

153 1124 248 1171 tam,
275 1123 343 1171 qui
369 1123 489 1160 etiam
515 1123 612 1160 alibi
638 1123 767 1160 locum
793 1123 967 1161 nancisci
986 1124 1172 1172 poterant
1192 1117 1295 1176 (Liv.
1316 1135 1414 1160 XXXI
1435 1124 1500 1161 34.
1525 1118 1612 1177 35),
1638 1137 1722 1162 ver-

155 1194 218 1220 sus
245 1183 314 1231 qui
334 1181 538 1220 Gallorum
563 1194 705 1220 nomen
725 1182 871 1220 habent
892 1176 952 1233 (IV
971 1182 1016 1219 fr.
1038 1177 1082 1235 ν)
1105 1183 1197 1219 hinc
1216 1184 1365 1221 removi
1385 1195 1461 1221 non
1483 1183 1609 1221 solum
1630 1184 1724 1232 quia

153 1243 197 1279 in
223 1241 283 1279 his
309 1241 423 1280 bellis
449 1254 528 1279 11011
552 1242 709 1290 repperi
735 1241 841 1290 quod
868 1254 957 1279 cum
985 1243 1034 1279 iis
1067 1243 1305 1290 conveniret,
1336 1255 1473 1280 verum
1499 1243 1594 1291 quia
1625 1243 1721 1292 ipsis

153 1300 282 1339 verbis
315 1301 533 1338 tumultum
560 1300 755 1339 Gallicum
781 1314 814 1338 a.
837 1301 921 1339 364
949 1302 989 1339 et
1020 1302 1258 1350 temptatam
1284 1302 1581 1351 occupationem
1609 1301 1721 1351 Capi-

154 1361 244 1398 tolii
270 1360 485 1410 significari
510 1360 711 1409 putabam.
743 1360 801 1397 De
828 1360 972 1410 gladiis
999 1362 1131 1398 autem
1158 1360 1362 1398 Gallorum
1393 1361 1722 1399 reminiscendum

154 1421 213 1458 est
243 1421 602 1457 mercennariorum
634 1420 767 1469 copias
795 1418 1181 1470 Carthaginiensium
1213 1420 1349 1458 multis
1384 1422 1423 1458 et
1447 1420 1569 1459 variis
1595 1420 1722 1471 genti-

154 1479 226 1517 bus
251 1479 396 1517 mixtas
425 1478 629 1517 Gallorum
656 1491 811 1528 quoque
836 1479 979 1517 bonam
1004 1481 1159 1529 partem
1184 1479 1368 1518 habuisse
1389 1475 1543 1532 (Polyb.
1566 1493 1579 1517 1
1603 1481 1668 1529 17,
1684 1482 1721 1518 4.

156 1539 222 1587 67,
247 1540 282 1587 7,
304 1533 386 1590 aL),
419 1551 517 1588 quos
544 1537 729 1576 credibile
756 1540 815 1577 est
848 1551 940 1577 suae
972 1539 1101 1589 gentis
1129 1551 1238 1576 arma
1264 1539 1472 1577 retinuisse
1499 1534 1655 1591 (Polyb.
1676 1553 1723 1577 111

158 1599 252 1646 114,
275 1599 310 1634 2.
335 1594 391 1650 3).
417 1598 549 1647 Atque
572 1599 731 1636 omnino
752 1598 890 1636 dubito
911 1611 1030 1647 quam
1049 1600 1154 1636 recte
1173 1600 1292 1648 poeta
1311 1599 1417 1636 ultra
1435 1598 1583 1636 bellum
1602 1598 1722 1636 Puni-

154 1670 242 1695 cum
262 1656 368 1706 quod
387 1657 503 1695 huius
524 1657 617 1694 libri
637 1659 913 1708 argumentum
933 1670 1015 1696 esse
1034 1658 1162 1696 voluit
1182 1659 1221 1696 et
1239 1657 1433 1695 indicavit
1447 1670 1623 1708 egressus
1640 1671 1721 1697 esse

156 1717 413 1765 existimetur,
440 1718 509 1766 qui
528 1716 672 1766 Pyrrhi
690 1717 839 1756 bellum
858 1730 936 1755 uno
957 1717 1059 1755 libro
1080 1718 1303 1766 complexus
1325 1718 1384 1755 est
1404 1718 1443 1755 et
1462 1717 1609 1755 bellum
1628 1717 1720 1755 Phi-

152 1776 254 1825 lippi
272 1776 387 1814 rebus
409 1776 566 1815 Punicis
587 1789 665 1814 non
685 1777 901 1815 immiscuit
920 1777 989 1815 sed
1008 1790 1031 1815 a
1050 1789 1151 1816 novo
1172 1776 1274 1815 libro
1295 1789 1456 1815 exorsus
1477 1778 1536 1815 est
1558 1771 1604 1829 (X
1615 1778 1661 1814 fr.
1676 1772 1720 1830 1).

272 1836 331 1873 De
364 1835 502 1874 ceteris
535 1836 651 1874 huius
684 1836 777 1874 libri
808 1837 985 1875 versibus
1018 1837 1119 1874 nihil
1155 1836 1281 1874 habeo
1321 1836 1426 1885 quod
1462 1836 1722 1885 probabiliter

155 1895 349 1944 disputari
374 1907 487 1944 posse
513 1895 704 1934 videatur.

272 1953 504 1992 Octavum
531 1955 748 1993 annalem
766 1955 882 1993 rebus
901 1955 1190 1993 Hannibalis
1211 1955 1387 1993 dicatum
1407 1966 1489 1993 esse
1510 1955 1615 1992 certo
1636 1968 1720 1993 ver-

157 2026 270 2051 suum
297 2014 544 2063 quorundam
564 2027 610 2052 ex
628 2015 714 2064 ipso
734 2014 834 2052 libro
855 2014 1067 2053 citatorum
1086 2015 1314 2052 testimonio
1335 2014 1501 2052 constat.
1528 2013 1632 2051 Nam
1651 2027 1718 2052 vn.

152 2085 236 2112 vni.
257 2086 336 2110 XIX.
358 2086 411 2110 XX
439 2073 535 2122 quid
561 2073 636 2111 sibi
661 2074 809 2112 vellent
834 2087 904 2112 nec
930 2074 1008 2111 fuit
1033 2086 1222 2122 umquam
1248 2073 1456 2111 obscurum
1487 2085 1557 2111 nec
1587 2074 1720 2122 potuit

155 2143 255 2180 esse3
282 2132 424 2181 quibus
451 2133 521 2170 alii
547 2132 736 2170 accedunt
756 2145 801 2170 ex
821 2133 982 2170 incertis
1002 2133 1114 2170 libris
1133 2133 1251 2181 petiti
1270 2132 1337 2170 sed
1357 2131 1569 2170 earundem
1587 2145 1719 2170 rerum

153 2192 285 2239 testes,
311 2192 357 2229 ut
384 2191 429 2228 de
456 2203 608 2229 summa
634 2192 858 2242 argumenti
883 2192 999 2229 huius
1025 2192 1119 2229 libri
1144 2191 1340 2230 dubitatio
1368 2203 1449 2229 esse
1475 2204 1554 2229 non
1581 2191 1717 2241 possit.

152 2250 284 2299 Atque
310 2250 350 2287 in
376 2250 511 2288 limine
536 2251 652 2288 huius
672 2251 766 2288 libri
790 2263 926 2289 versus
946 2252 1061 2300 posui
1081 2263 1144 2289 eos
1166 2251 1306 2300 quibus
1327 2252 1445 2300 poeta
1465 2250 1717 2289 detestabiles

153 2310 248 2348 belli
274 2310 521 2348 calamitates
548 2322 625 2348 non
652 2311 735 2348 sine
761 2311 896 2360 vigore
923 2310 1102 2359 depinxit
1128 2304 1290 2363 (11.111):
1323 2322 1490 2359 quorum
1521 2311 1717 2360 fragmen-

150 2370 283 2407 torum
308 2382 396 2407 cum
420 2369 521 2407 illud
546 2371 688 2407 incerti
713 2370 882 2408 nominis
909 2371 971 2418 sit,
998 2371 1215 2408 sententiae
1243 2370 1487 2408 concinnitas
1508 2371 1643 2418 suasit,
1669 2372 1715 2408 ut

154 2429 270 2467 alteri
288 2429 330 2466 in
350 2430 465 2467 unius
484 2430 681 2467 enuntiati
695 2429 1003 2478 complexionem
1017 2429 1309 2479 praefigeretur.
1332 2428 1408 2467 Sed
1422 2429 1464 2466 hi
1477 2441 1612 2467 versus
1628 2442 1716 2467 cum

152 2488 329 2538 Vergilio
350 2488 547 2527 obversati
566 2488 786 2537 videantur,
808 2488 912 2538 apud
933 2501 1049 2537 quem
1069 2483 1183 2541 (Aen.
1199 2501 1224 2525 X
1248 2482 1321 2541 11)
1342 2488 1523 2538 Iuppiter
1542 2489 1719 2527 adveniet

152 2547 284 2596 inquit
308 2549 452 2585 iustum
470 2560 642 2597 puynae,
667 2560 714 2586 ne
735 2549 923 2592 arcessite,
949 2550 1108 2595 tempus,
1134 2560 1220 2586 eum
1245 2550 1332 2596 fera
1361 2547 1552 2596 Carthayo
1572 2548 1715 2586 Roma-

152 2608 214 2645 ms
240 2607 395 2645 arcibus
421 2607 512 2646 olim
538 2609 695 2646 exitium
726 2619 911 2655 maynum
943 2610 1055 2655 atque
1079 2606 1200 2655 Alpes
1230 2609 1394 2645 inmittet
1424 2610 1590 2654 apertas.
1623 2610 1716 2645 tum

154 2669 334 2704 certare
353 2665 496 2715 odiis,
517 2669 613 2704 tum
631 2679 704 2705 res
723 2668 944 2714 rapuisse
963 2667 1140 2711 licebit,
1165 2666 1256 2705 inde
1276 2666 1532 2705 coniiciebam
1553 2678 1617 2703 eos
1637 2664 1715 2714 ipsi

152 2724 388 2763 Hannibalis
408 2726 450 2762 in
463 2725 623 2763 Italiam
643 2727 839 2776 ingressui
857 2726 1093 2774 praemissos
1115 2725 1244 2764 fuisse.
1266 2724 1343 2763 Sed
1358 2726 1485 2775 primo
1500 2725 1585 2762 loco
1598 2725 1712 2773 posui

152 2784 272 2822 Poem'
296 2785 490 2832 stipendia
509 2786 688 2832 pendunt
713 2779 777 2837 (1),
804 2785 913 2823 0111115
939 2786 1124 2823 versiculi
1149 2797 1237 2823 cum
1262 2785 1408 2834 triplex
1434 2785 1486 2821 sit
1505 2784 1713 2831 sententia,

154 2844 300 2893 cogites
322 2845 426 2881 enim
445 2846 515 2882 aut
534 2844 581 2882 de
602 2846 752 2882 statuto
774 2843 970 2893 stipendio
991 2844 1095 2893 quod
1112 2843 1349 2894 Carthagine
1371 2842 1527 2880 condita
1548 2841 1712 2879 Cartha-

154 2902 347 2952 ginienses
372 2916 444 2952 pro
471 2904 553 2942 solo
579 2903 686 2942 urbis
711 2904 856 2942 multos
890 2915 1011 2943 annos
1037 2902 1145 2942 Afris
1177 2902 1401 2954 pendebant
1433 2896 1589 2955 (Iustin.
1610 2913 1711 2941 xvns
