2054 3282
325 194 381 234 28
643 223 645 225 ,
875 188 1133 224 ANNALIUM
1158 188 1245 223 Lm.
1268 187 1319 222 m

1084 305 1118 340 X

96 369 269 438 {¹³33}ss
326 370 406 413 157
440 370 499 412 Et
529 369 602 424 qui
634 370 776 411 sextus
807 370 896 409 erat
926 366 1087 409 Romae
1117 380 1294 423 regnare
1325 366 1555 421 quadratae

139 459 218 478 xxx
1075 470 1126 505 XI

326 534 408 578 158
439 533 543 577 Inde
575 533 656 576 sibi
688 535 897 575 memorat
927 547 1060 574 unum
1091 546 1219 588 super
1249 547 1340 575 esse
1371 532 1574 576 laborem.

325 699 407 742 159
441 698 614 742 Caelum
645 698 835 754 suspexit
865 697 1001 740 stellis
1033 636 1300 754 fuIIIgIentibus
1332 701 1492 754 aptum.

827 903 1144 948 ANNALIUM
1174 905 1279 948 LIB.
1306 905 1370 949 IV

1090 1010 1107 1045 I

322 1074 406 1116 160
437 1073 590 1116 «Nobis
622 1072 733 1114 unde
764 1073 906 1115 forent
937 1071 1102 1115 fructus
1133 1072 1331 1128 vitaeque
1363 1088 1629 1130 propagmen

435 1225 466 1259 X
487 1227 581 1270 (157)
620 1225 750 1260 Festus
766 1237 800 1270 p.
818 1228 896 1267 346,
910 1228 930 1259 9
945 1225 1010 1259 Τ11.
1035 1225 1241 1269 ‘quadrata
1253 1225 1423 1260 Romaiu
1436 1225 1583 1261 Palatio
1598 1227 1684 1261 ante
1698 1226 1878 1272 templum

317 1278 500 1324 Apollinis
527 1278 673 1321 dieitur,
694 1278 760 1313 ubi
779 1278 944 1324 reposita
963 1280 1050 1313 sunt
1069 1289 1165 1324 quae
1185 1279 1306 1314 solent
1323 1279 1412 1313 boni
1433 1279 1566 1314 ominis
1586 1279 1711 1325 gratia
1728 1279 1767 1314 in
1787 1280 1879 1315 urbe

317 1332 511 1367 condenda
539 1331 720 1375 adhiberi,
747 1332 837 1376 quia
865 1343 953 1367 saxo
982 1332 1147 1367 munitus
1177 1334 1233 1367 est
1258 1332 1365 1367 initio
1391 1333 1431 1367 in
1457 1332 1618 1378 speciem
1643 1333 1876 1378 quadratam.

317 1385 394 1420 eius
413 1385 485 1420 loci
505 1385 646 1420 Ennius
665 1398 712 1420 m.
729 1386 776 1431 (h.
792 1397 821 1420 e,
836 1385 1059 1428 meminit)
1080 1397 1163 1420 cum
1184 1386 1238 1420 ait
1257 1390 1313 1422 «et
1331 1387 1414 1431 quis
1431 1390 1483 1422 est
1501 1387 1582 1422 erat
1600 1387 1641 1421 R.
1663 1399 1690 1421 r.
1712 1387 1798 1432 q.».’

433 1438 482 1473 XI
502 1440 597 1483 (158)
636 1438 776 1474 Gellius
796 1453 809 1474 1
830 1443 885 1482 22,
902 1443 946 1474 14
974 1439 1042 1474 ‘an
1068 1450 1258 1484 superesse
1288 1439 1450 1475 dixerint
1474 1441 1615 1475 veteres
1642 1451 1709 1485 pro
1738 1441 1879 1476 restare

315 1493 353 1526 et
370 1491 623 1537 perficiendae
642 1493 696 1528 rei
717 1493 854 1535 deesse,
876 1492 1155 1538 quaerebamus
1177 1493 1207 1513 ¹⁵
1224 1504 1311 1528 nam
1331 1493 1528 1528 Sallustius
1547 1493 1587 1528 in
1607 1493 1878 1539 significatione

315 1546 388 1580 ista
412 1556 486 1580 non
512 1557 704 1591 superesse
730 1547 795 1581 sed
821 1557 996 1591 superare
1022 1546 1115 1581 dicit
1215 1546 1245 1567 ¹⁶
1264 1547 1329 1582 sed
1354 1547 1561 1582 invenimus
1586 1546 1625 1581 in
1651 1547 1761 1582 tertio
1781 1547 1878 1582 Enni

315 1599 505 1634 annalium
530 1599 570 1634 in
594 1599 664 1635 hoe
689 1611 795 1635 versu
816 1600 927 1636 «inde
948 1628 954 1634 .
972 1628 977 1634 .
995 1628 1001 1634 .
1021 1599 1211 1635 laborem»
1232 1599 1271 1634 id
1292 1602 1348 1635 est
1366 1600 1551 1645 reliquum
1570 1611 1650 1636 esse
1670 1602 1708 1635 et
1725 1602 1876 1643 restare,

315 1653 423 1696 quod,
445 1653 535 1697 quia
553 1653 592 1688 id
613 1654 679 1696 est,
700 1653 818 1688 divise
836 1653 1155 1698 pronuntiandum
1174 1654 1240 1696 est,
1261 1654 1304 1688 ut
1323 1665 1396 1688 non
1415 1664 1491 1689 una
1503 1665 1590 1699 pars
1604 1654 1783 1689 orationis
1797 1665 1878 1689 esse

314 1706 484 1741 videatur
504 1707 569 1741 sed
590 1707 713 1742 duae.’
1862 1742 1866 1747 .

432 1759 498 1794 XII
518 1761 614 1806 (159)
651 1759 862 1795 Macrobius
884 1759 957 1795 Sat.
972 1773 1010 1795 w
1031 1764 1061 1803 1,
1077 1763 1097 1794 9
1120 1760 1247 1795 ‘axem
1266 1760 1418 1795 humero
1438 1761 1588 1804 torquet
1607 1760 1725 1795 stellis
1746 1761 1877 1796 arden-

314 1813 413 1847 tibus
440 1815 569 1859 aptum
590 1813 692 1859 (Aen.
713 1826 750 1848 1v
769 1816 848 1848 482.
869 1827 907 1848 VI
927 1814 1018 1857 797).
1046 1813 1187 1848 Ennius
1212 1813 1252 1848 in
1271 1827 1284 1848 1
1305 1814 1424 1860 [xxm]
1452 1815 1490 1848 et
1517 1814 1556 1848 in
1585 1813 1695 1849 tertio
1717 1814 1781 1859 (in
1806 1828 1875 1857 111,

315 1877 383 1900 om.
405 1867 464 1908 et,
487 1866 634 1912 Salisb.)
655 1866 823 1903 «eaelum
838 1868 1028 1912 prospeoeit
1048 1895 1053 1901 .
1071 1895 1076 1901 .
1095 1895 1100 1901 .
1117 1868 1268 1912 aptum»
1290 1868 1347 1912 (et
1366 1867 1411 1902 in
1432 1895 1438 1901 .
1456 1895 1461 1901 .
1480 1895 1485 1901 .
1509 1868 1662 1912 aptum
1682 1878 1751 1902 om.
1767 1867 1875 1914 Par),

315 1919 352 1953 in
372 1933 395 1954 x
416 1921 506 1966 (vm)
527 1920 637 1956 «hinc
655 1920 738 1955 Nox
756 1920 985 1965 processit
1003 1919 1121 1955 stellis
1142 1920 1359 1955 ardentibus
1380 1921 1519 1965 apta».’

432 1991 519 2026 LIB.
540 1991 591 2026 IV
638 1991 655 2026 I
674 1993 770 2037 (160)
807 1991 950 2027 Nonius
969 2004 1004 2037 p.
1022 1995 1076 2035 64,
1092 1995 1134 2026 31
1159 1992 1363 2037 ‘propages
1383 1992 1440 2026 est
1459 1991 1570 2027 series
1591 1993 1629 2027 et
1642 1992 1777 2027 adfixio
1792 2003 1877 2028 con-

314 2043 420 2079 tinua
438 2044 496 2079 vel
520 2044 631 2090 longe
651 2045 774 2081 ducta.
794 2055 911 2091 pages
932 2045 1030 2081 enim
1050 2045 1245 2090 conpactio
1264 2045 1364 2080 unde
1384 2055 1587 2091 eonpages3
1611 2046 1649 2080 et
1666 2056 1876 2091 propagare

435 2217 515 2254 157
543 2217 598 2255 Et
623 2218 691 2267 qui
710 2219 842 2256 sextus
863 2219 948 2256 erat
966 2217 1167 2255 Herteius:
1194 2219 1233 2255 et
1260 2218 1346 2266 quis
1373 2218 1432 2256 est
1458 2219 1542 2255 erat
1662 2217 1715 2254 Et
1741 2217 1810 2266 qui
1835 2228 1875 2256 se

315 2277 447 2324 sperat
471 2275 691 2315 Salmasius
818 2277 942 2315 Tenui
967 2288 1066 2324 quae
1089 2288 1194 2314 nume
1218 2277 1330 2324 val-qo
1354 2278 1551 2324 spernitur
1575 2276 1727 2315 Hertzii
1752 2288 1874 2314 emen-

315 2335 440 2372 datio:
466 2337 588 2374 oratio
614 2347 687 2384 quo
713 2339 839 2374 tenore
862 2337 996 2374 haberi
1014 2337 1186 2384 potuerit
1207 2335 1424 2383 Dionysius
1442 2336 1572 2374 Halie.
1592 2336 1787 2374 ostendere
1803 2346 1875 2383 po-

316 2395 394 2437 test,
421 2395 486 2441 qui
504 2406 550 2432 111
571 2393 640 2444 65,
659 2393 684 2431 6
705 2395 883 2434 Servium
905 2395 1078 2434 Tullium
1101 2396 1370 2442 imperatorem
1392 2406 1475 2434 rem
1497 2397 1688 2442 yerentem
1712 2396 1755 2432 in
1781 2395 1874 2432 bello

318 2451 524 2500 Tarquinii
549 2465 635 2492 eam
658 2454 815 2493 Sabinis
839 2455 896 2492 ita
927 2455 1103 2503 designat
1127 2451 1256 2500 ἔταξεν
1281 2450 1408 2504 ἄνδρα
1432 2456 1616 2504 γενναῖον
1638 2483 1645 2491 .
1666 2483 1674 2490 .
1696 2483 1703 2490 .
1731 2444 1761 2506 ᾧ
1785 2449 1874 2492 Ῥω-

316 2513 425 2562 μαῖοι
444 2510 536 2562 μετὰ
556 2511 627 2563 τὴν
646 2513 823 2552 Λευκίου
845 2512 1068 2565 Ταρκυνίου
1096 2510 1275 2562 τελευτὴν
1295 2511 1513 2563 βασιλεύειν
1531 2517 1601 2562 τῆς
1618 2510 1767 2558 πόλεως
1787 2509 1873 2550 ἔπε’-

315 2577 463 2622 τρεψαν
633 2572 714 2610 159
748 2573 924 2622 suspexit
947 2573 1107 2620 scripsi:
1131 2573 1358 2622 prospexit,·
1383 2571 1483 2619 quod
1503 2571 1669 2618 fortasse
1692 2572 1735 2609 in
1759 2582 1875 2609 versu

309 2630 487 2677 proximo
507 2631 607 2678 quod
625 2633 797 2678 sequitur
814 2632 1007 2681 processit
1027 2642 1154 2669 errore
1173 2632 1324 2669 creavit.
1360 2629 1419 2678 Of.
1443 2629 1573 2669 Cicero
1601 2631 1648 2668 de
1665 2632 1744 2668 nat.
1771 2630 1872 2668 deor.

314 2701 345 2726 11
371 2686 434 2737 18,
448 2698 502 2737 49
529 2688 622 2727 dum
645 2690 782 2739 palato
809 2690 902 2739 quid
928 2692 980 2728 sit
1005 2691 1199 2739 optimum
1222 2689 1383 2738 iudicat,
1409 2689 1507 2728 caeli
1530 2689 1720 2738 palatum,
1747 2690 1792 2726 ut
1817 2689 1875 2726 ait

316 2748 466 2786 Ennius
487 2742 579 2801 (iric.
598 2744 700 2802 XVI),
718 2761 797 2786 non
823 2750 1019 2798 suspexit‚·
1039 2750 1140 2788 idem
1158 2750 1249 2788 ibid
1269 2762 1299 2786 11
1322 2757 1357 2798 2,
1374 2758 1399 2795 4
1420 2761 1507 2786 eum
1527 2747 1679 2786 caelum
1699 2748 1873 2796 suspexi-

315 2819 401 2845 mus
411 2821 424 2853 ‚·
437 2819 483 2845 111
502 2817 540 2856 4,
561 2816 611 2844 10
625 2820 713 2846 cum
733 2808 884 2846 caelum
904 2809 1210 2857 suspexissemus
1219 2822 1234 2854 ‚·
1252 2806 1350 2846 Aen.
1365 2820 1423 2845 ΧΠ
1444 2804 1521 2855 196
1545 2806 1768 2856 Suspiciens
1788 2819 1873 2845 eae-

315 2866 397 2903 lum
416 2866 622 2915 tenditque
642 2867 692 2905 ad
711 2867 840 2905 sidera
859 2866 1036 2905 dextram
1126 2867 1207 2905 160
1227 2866 1350 2905 Nobis
1370 2867 1532 2904 Iunius:
1551 2866 1663 2904 novis
1684 2866 1741 2904 vel
1759 2866 1873 2904 bonis

421 2938 684 2976 propag-men:
705 2927 752 2974 ef.
773 2926 1053 2965 Laehmanrms
1073 2927 1125 2965 ad
1143 2926 1262 2965 Luer.
1276 2938 1318 2966 v1
1338 2923 1387 2962 61
1399 2934 1421 2972 3
1537 2925 1623 2963 Hoc
1646 2936 1873 2973 responsum
