2004 3278
782 171 1058 209 MACROBIUS
1572 178 1700 214 CXVII

145 281 400 331 quorundam.
422 281 632 320 verborum
661 284 860 334 elegantia
885 297 963 323 non
990 298 1012 324 a
1037 285 1214 337 Vergilio
1239 288 1402 327 inventa
1427 289 1494 328 sed
1520 290 1570 328 ad
1594 292 1699 340 prio-

143 355 231 379 rum
249 341 458 390 poetarum
477 342 698 390 exemplum
717 343 972 382 conformata.
999 344 1140 394 Itaque
1160 346 1310 386 Ennius
1330 349 1502 397 praeivit
1520 348 1698 401 Vergilio

144 400 249 450 quod
279 394 506 453 scribitg(3)
540 401 657 438 vomit
686 402 835 440 undam
865 403 907 440 in
937 416 1053 442 versu
1079 399 1228 456 (georg.
1248 418 1278 443 11
1299 401 1402 459 462)
1437 404 1564 447 ‘mane
1593 410 1698 447 salu-

142 462 292 498 tantum
317 461 402 497 totis
427 460 545 497 vomit
569 460 729 498 aedibus
753 458 930 506 undam',
954 474 1048 500 nam
1067 463 1224 502 Ennius
1244 466 1300 502 ait
1319 462 1368 503 ‘et
1390 467 1536 505 Tiberis
1555 468 1699 514 flumen

142 520 259 557 vomit
281 519 325 557 in
355 530 463 557 mare
492 515 668 557 salsum'.
701 518 844 558 Versui
869 520 1001 569 Ennii,
1034 534 1149 570 quem
1179 523 1221 560 in
1253 524 1420 563 secundo
1452 523 1537 574 [xx]
1572 528 1697 576 posui,

141 577 375 626 Macrobius,
403 578 471 627 qui
496 578 601 617 solus
628 578 754 626 affert,
779 591 868 617 raro
895 580 1071 628 exemplo
1098 594 1303 619 numerum
1327 583 1420 620 libri
1445 596 1522 622 non
1542 585 1697 633 adiecit,

143 649 258 686 quem
283 639 416 676 tamen
442 650 545 676 nunc
570 650 649 675 non
675 637 835 676 difficile
861 640 946 676 erat
972 651 1191 690 agnoscere.
1218 634 1283 692 (4)
1305 653 1440 689 aymen
1457 654 1533 690 pro
1559 647 1645 682 actu
1666 648 1699 683 et

140 697 258 735 ductu
290 696 395 745 quod
425 696 545 735 habet
568 696 770 747 Vergilius
803 698 845 734 in
869 710 985 736 versu
1011 692 1127 750 (Aen.
1147 711 1177 736 11
1200 693 1302 751 782)
1335 701 1412 738 leni
1436 702 1522 747 fluit
1547 705 1698 750 agmine

144 756 312 805 Thybris
343 756 453 805 prius
478 755 629 794 Ennius
661 757 703 793 in
736 757 875 805 quinto
902 753 1013 808 [vm]
1047 757 1147 795 dixit
1178 759 1278 806 quod
1302 770 1376 806 per
1409 771 1609 799 amoenam
1634 774 1697 799 ur-

140 816 222 853 bem
248 827 326 864 eqs.
359 808 424 867 (6)
450 815 571 853 hastis
596 816 724 853 horret
748 827 839 864 ayer
866 810 980 868 (Aen.
1002 828 1044 853 XI
1066 810 1187 869 601),
1219 818 1328 856 6111115
1360 831 1451 857 115115
1477 819 1696 858 Macrobius

139 875 218 912 tria
244 874 365 912 Ennii
397 874 512 912 affert
543 875 722 923 exempla
748 876 787 912 et
813 887 858 912 ea
885 875 1060 924 quidem,
1086 876 1131 913 ut
1157 876 1317 924 assolet,
1344 878 1465 916 solus:
1493 879 1537 916 in
1562 882 1696 926 quarto

139 934 282 972 decimo
310 929 404 984 [vn]
434 929 632 972 ‘horrescit
656 934 739 972 telis
771 931 969 973 exercitus’
998 947 1064 984 eqs
1097 937 1130 973 et
1160 936 1203 973 in
1228 936 1435 974 Erechtheo
1465 932 1540 987 [1v]
1570 934 1697 976 ‘arma

138 994 335 1041 arriyunt,
366 993 590 1031 horrescunt
620 989 708 1031 tela’
743 995 777 1031 et
806 994 849 1031 in
880 992 1058 1041 Scipione
1088 990 1196 1045 [vm]
1231 991 1394 1043 ‘sparsis
1426 996 1545 1034 hastis
1574 997 1696 1045 lonyis

138 1063 298 1100 campus
322 1052 494 1100 splendet
518 1054 552 1090 et
575 1048 736 1090 horret.·'
766 1064 858 1090 nam
883 1053 999 1091 huius
1027 1065 1181 1102 quoque
1207 1066 1340 1092 versus
1362 1055 1500 1092 auctor
1519 1057 1578 1093 est
1596 1068 1695 1094 unus

137 1110 372 1159 Macrobius,
399 1110 558 1150 Servius
584 1112 689 1149 enim
716 1111 766 1149 ad
784 1112 809 1149 1.
831 1125 860 1150 c.
887 1112 981 1150 licet
1000 1112 1165 1150 eundem
1185 1112 1292 1150 dicat
1310 1113 1429 1151 verba
1449 1125 1526 1151 non
1546 1115 1695 1153 citavit.

138 1164 204 1223 (7)
234 1167 455 1209 ‘tremulum
474 1166 618 1209 lumen'
640 1164 756 1223 (Aen.
776 1183 834 1210 v11
857 1165 900 1224 9)
924 1172 970 1209 de
988 1172 1157 1225 imagine
1176 1173 1233 1210 rei
1251 1173 1376 1220 ipsius
1396 1184 1615 1220 expressum
1633 1177 1697 1218 est,

137 1231 182 1267 ut
214 1230 271 1268 ait
301 1229 543 1278 Macrobius,
581 1230 648 1268 sed
672 1231 788 1278 prior
820 1230 978 1269 Ennius
1009 1232 1052 1268 in
1082 1231 1309 1278 Melanippe
1337 1227 1417 1282 [111]
1453 1228 1611 1271 ‘lumine
1641 1234 1697 1271 sic

136 1284 311 1327 tremulo'
339 1301 416 1338 eqs.
443 1288 564 1327 Porro
588 1283 681 1342 (17)
702 1289 902 1341 Vergilius
929 1290 968 1328 et
994 1288 1144 1328 Graeca
1163 1290 1282 1328 verba
1302 1291 1411 1340 operi
1430 1303 1499 1329 suo
1518 1291 1695 1340 inseruit,

135 1348 202 1387 sed
225 1359 304 1387 non
321 1349 479 1397 primus
498 1348 566 1387 hoc
585 1360 717 1394 ausus,
742 1362 879 1388 verum
899 1351 1099 1387 auctorum
1118 1352 1284 1388 veterum
1304 1350 1512 1388 audaciam
1529 1353 1694 1389 secutus:

137 1401 232 1460 (18)
265 1408 393 1456 lychni
419 1402 534 1460 (Aen.
554 1421 569 1445 1
592 1402 713 1460 726),
743 1409 843 1447 sicut
867 1409 1026 1446 Ennius
1056 1410 1099 1446 in
1128 1419 1228 1446 nono
1255 1404 1343 1459 [xv]
1375 1405 1613 1458 ‘lychnorum
1637 1410 1694 1447 lu-

135 1468 245 1505 mina
277 1467 334 1506 bis
364 1464 461 1514 sex’,·
494 1461 588 1520 (19)
622 1468 756 1506 aethra
788 1461 902 1520 (Aen.
923 1480 969 1504 111
991 1462 1112 1520 585):
1144 1468 1303 1506 Ennius
1334 1469 1377 1506 in
1413 1470 1514 1506 sexto
1553 1469 1694 1507 decimo

137 1522 270 1577 [xx1v]
304 1522 466 1565 ‘interea
496 1528 566 1574 fax
597 1523 746 1565 occidit’
775 1539 853 1576 eqs.
893 1526 1000 1572 Quae
1032 1527 1077 1564 ut
1107 1526 1330 1565 Macrobius
1361 1528 1547 1575 testatur,
1582 1540 1694 1566 nemo

135 1586 350 1634 praeterea,
375 1586 435 1623 ita
459 1585 565 1623 idem
585 1580 679 1639 (20)
708 1598 796 1624 cum
822 1586 1030 1625 daedalum
1051 1585 1188 1625 Circen
1212 1580 1326 1638 (Aen.
1346 1598 1403 1625 v11
1425 1581 1528 1638 282)
1549 1588 1588 1624 et
1607 1587 1694 1625 dae-

134 1645 268 1683 dalam
287 1645 460 1683 tellurem
478 1643 654 1684 Lucretii
674 1639 707 1697 (1
727 1646 762 1684 7.
785 1639 890 1698 228)
910 1646 1176 1693 memorasset,
1195 1645 1367 1683 Ennium
1387 1646 1560 1696 neglexit
1579 1658 1694 1694 quem

133 1704 341 1743 daedalam
372 1705 599 1743 Minervam
630 1704 773 1743 dixisse
804 1705 1032 1743 testimonio
1065 1705 1220 1743 constat
1247 1699 1338 1757 (1116.
1361 1698 1447 1757 46).
1482 1704 1595 1749 Quod
1626 1717 1693 1743 au-

134 1764 214 1801 tem
241 1757 335 1816 (22)
368 1764 550 1802 universe
581 1765 732 1803 veteres
764 1764 837 1802 hac
868 1764 1030 1802 licentia
1062 1764 1211 1814 largius
1249 1776 1339 1802 usos
1377 1765 1416 1801 et
1445 1775 1618 1811 pausam
1656 1765 1695 1802 et

132 1823 379 1861 machaeram
404 1824 443 1861 61
469 1824 634 1862 asotiam
659 1825 698 1861 et
722 1824 899 1862 malacen
919 1823 1060 1861 dixisse
1081 1822 1265 1871 affirmat,
1283 1834 1457 1871 pausam
1478 1816 1586 1874 (ann.
1609 1823 1690 1860 586

132 1894 214 1919 var.
239 1876 311 1934 10)
333 1883 372 1920 61
390 1883 638 1921 machaeram
657 1876 777 1935 (scen.
795 1883 877 1920 178
900 1895 988 1920 ann.
1005 1883 1089 1920 400
1110 1883 1150 1919 et
1171 1876 1273 1933 597)
1295 1882 1450 1931 saepius
1470 1881 1634 1930 Ennius,
1654 1884 1693 1920 et

133 1941 167 1979 si
197 1941 372 1980 malaccn
403 1942 518 1980 hodie
544 1954 623 1980 non
648 1942 813 1993 legitur,
845 1943 948 1979 certe
973 1942 1117 1980 malaci
1142 1953 1220 1978 non
1246 1940 1445 1978 dubitavit
1476 1953 1619 1989 ponere
1651 1942 1692 1978 in

131 2012 246 2038 versu
273 1994 374 2053 (var.
397 1995 483 2053 25).
510 2000 558 2038 In
583 2002 713 2050 capite
736 2001 759 2038 5
780 1998 1003 2039 Macrobius
1028 2000 1203 2049 epitheta
1222 2000 1349 2037 multa
1368 2012 1449 2038 esse
1471 1999 1576 2047 apud
1594 1999 1691 2037 Ver-

135 2059 276 2110 gilium
301 2072 380 2097 non
407 2059 455 2097 ab
480 2061 567 2108 ipso
593 2059 685 2098 ficta
711 2059 779 2098 sed
802 2061 932 2097 tracta
958 2072 981 2097 a
1005 2058 1202 2097 veteribus
1234 2058 1386 2107 probat.
1426 2057 1538 2103 Quod
1568 2070 1690 2107 genus

133 2112 197 2171 (5)
225 2119 345 2157 tristis
370 2131 442 2168 pro
469 2131 616 2166 amaro,
643 2118 747 2166 quod
772 2119 831 2156 est
857 2118 962 2167 apud
981 2117 1202 2168 Vergilium
1222 2111 1372 2168 (georg.
1393 2129 1407 2153 1
1429 2110 1514 2169 75),
1541 2116 1690 2155 Ennius

130 2179 173 2215 in
197 2178 294 2215 libro
313 2178 530 2215 satirarum
549 2179 685 2224 quarto
704 2177 838 2225 posuit
859 2173 992 2224 ‘neque
1012 2178 1117 2214 triste
1137 2172 1341 2223 quaeritat’
1363 2187 1442 2224 eqs,
1469 2187 1585 2224 quem
1604 2188 1690 2214 ver-

131 2249 217 2274 sum
249 2236 300 2274 ad
331 2235 496 2273 eundem
527 2236 658 2273 locum
684 2235 841 2274 Servius
875 2247 1029 2284 quoque
1055 2235 1123 2273 sed
1147 2234 1398 2272 dimidiatum
1425 2235 1464 2272 et
1489 2235 1571 2272 sine
1597 2234 1690 2272 libri

130 2296 226 2333 nota
252 2295 480 2344 adscripsit3
513 2288 609 2347 (10)
636 2295 839 2333 velivolum
865 2307 888 2332 a
913 2294 1091 2344 Vergilio
1118 2288 1232 2346 (Aen.
1253 2306 1267 2330 1
1289 2287 1393 2345 224)
1424 2294 1598 2342 positum
1627 2292 1688 2331 bis

131 2354 281 2393 Ennius
309 2354 505 2392 adhibuit:
531 2355 574 2392 in
599 2357 735 2402 quarto
755 2354 897 2392 decimo
919 2349 1001 2404 [111]
1024 2349 1126 2391 ‘cum
1137 2352 1278 2400 procul
1297 2353 1535 2400 aspiciunt..
1553 2382 1558 2388 .
1579 2354 1689 2390 navi-

131 2414 200 2452 bus
225 2410 429 2460 velivolis',·
453 2414 555 2451 idem
579 2414 622 2451 in
641 2412 911 2451 Andromache
937 2408 987 2463 [1]
1017 2409 1138 2460 ‘rapit
1168 2423 1212 2450 cac
1237 2412 1312 2449 alto
1337 2422 1454 2450 naves
1479 2408 1688 2455 velivolas',

130 2474 170 2510 et
193 2473 268 2511 1106
294 2473 461 2511 alterum
487 2473 708 2522 exemplum
734 2472 801 2510 sed
826 2473 908 2510 sine
934 2472 1052 2509 titulo
1081 2470 1238 2509 Servius
1265 2470 1316 2508 ad
1340 2470 1508 2521 Vergilii
1533 2482 1688 2509 versum

132 2531 350 2570 adnotavit.
391 2530 531 2581 Capite
565 2532 588 2569 6
618 2531 775 2570 Servius
806 2530 1082 2569 Macrobianus
1119 2529 1264 2581 figuras
1302 2530 1550 2579 persequitur
1591 2542 1686 2578 quas

130 2590 330 2642 Vergilius
357 2603 380 2629 a
405 2591 603 2630 veteribus
630 2591 840 2640 acceperit:
872 2591 914 2627 in
941 2589 1081 2638 quibus
1108 2590 1182 2627 etsi
1208 2590 1300 2627 sunt
1330 2601 1429 2638 quae
1461 2588 1604 2626 referre
1637 2587 1687 2625 ad

130 2649 302 2688 Ennium
327 2650 483 2699 licebat,
509 2650 619 2689 velut
645 2649 749 2699 quod
769 2643 834 2701 (7)
855 2650 1004 2697 ferreus
1029 2649 1150 2687 imber
1174 2649 1278 2686 inter
1304 2648 1384 2685 alia
1410 2660 1432 2685 a
1457 2647 1574 2696 poeta
1598 2646 1684 2694 pul-

131 2709 220 2746 chre
245 2710 408 2748 inventa
432 2710 606 2759 ponitur,
638 2708 743 2758 quod
767 2708 871 2746 idem
897 2720 938 2747 vl
960 2709 997 2756 1,
1018 2708 1071 2745 52
1100 2707 1148 2746 ab
1174 2707 1303 2745 Ennio
1329 2706 1564 2745 translatum
1590 2704 1684 2742 dici-

130 2769 212 2815 tur,
247 2770 316 2806 aut
348 2781 448 2817 quae
474 2763 570 2821 (11)
603 2768 649 2805 de
682 2768 872 2806 orationis
906 2767 1033 2805 forma
1058 2767 1270 2805 Iuturnam
1301 2767 1440 2804 misero
1463 2774 1684 2802 succurrere

128 2827 247 2873 fratri
270 2829 380 2866 suasi
404 2840 475 2876 pro
495 2827 688 2865 Iuturnae
712 2827 833 2870 suasi,
860 2827 929 2864 aut
953 2820 1048 2878 (16)
1075 2826 1122 2864 de
1140 2826 1295 2875 poetica
1318 2823 1588 2873 indignatione
1606 2832 1682 2868 pro

129 2885 307 2934 Iuppiter
333 2886 560 2935 afferuntur,
586 2888 719 2924 tamen
744 2885 844 2923 nihil
870 2887 929 2924 est
953 2886 994 2923 in
1019 2885 1092 2923 hoc
1118 2885 1246 2934 capite
1266 2882 1369 2932 quod
1388 2881 1578 2919 Ennianis
1598 2892 1681 2917 ver-
