2054 3282
122 574 288 600 BELLUM

117 615 294 640 PHILIPPI

346 174 402 216 58
906 166 1166 202 ANNALIUM
1189 165 1277 201 Lm.
1298 165 1331 200 x

858 390 1174 435 ANNALIUM
1205 390 1311 434 LIB.
1337 391 1378 433 X

1109 508 1127 542 I

342 575 427 617 326
458 573 602 616 Insece
633 572 756 614 Musa
786 585 915 613 manu
945 570 1238 612 Romanorum
1268 569 1544 624 induperator

460 643 582 694 Quod
614 642 793 698 quisque
819 642 864 683 in
894 640 1007 682 bello
1040 641 1174 697 gessit
1204 655 1301 683 cum
1326 655 1427 697 rege
1456 640 1672 696 Philippo.

1102 744 1136 779 11

341 810 425 852 328
457 809 682 851 Leucatam
713 809 933 862 campsant

1094 881 1145 916 111

270 956 281 974 1
344 945 428 987 329
462 944 635 987 Graecia
667 943 856 998 Sulpicio
889 943 993 985 sorti
1020 943 1130 995 data,
1156 941 1294 985 Gallia
1321 942 1471 985 Cottae

456 1073 541 1107 LIB.
563 1073 594 1106 X
642 1072 659 1106 I
678 1073 773 1116 (326)
812 1071 953 1106 Gellius
972 1084 1063 1106 xvm
1082 1075 1115 1116 9,
1129 1076 1149 1106 3
1172 1072 1460 1118 ‘gramaticus
1475 1101 1482 1106 .
1499 1100 1505 1106 .
1522 1071 1777 1116 ,insequenda
1799 1072 1898 1108 enim

339 1126 449 1162 scribi
469 1126 590 1170 inquit
610 1125 785 1170 oportuit,
805 1136 880 1159 non
899 1125 1110 1169 insecenda,
1131 1125 1308 1170 quoniam
1330 1125 1530 1171 insequens
1550 1125 1740 1172 significat
1754 1154 1761 1160 .
1779 1155 1784 1160 .
1802 1127 1899 1161 .tra-

339 1180 530 1224 ditumque
548 1180 634 1226 {esse
660 1178 814 1222 inseque
840 1178 948 1223 quasi
973 1189 1087 1225 perge
1114 1179 1237 1214 dicere
1263 1181 1301 1214 et
1325 1179 1520 1223 insequere
1545 1178 1676 1223 itaque
1705 1178 1752 1214 ab
1778 1179 1898 1214 Ennio

338 1233 515 1277 scriptum
541 1232 579 1266 in
600 1232 658 1266 his
678 1231 844 1266 versibus
864 1233 1053 1276 «inseque.
1071 1261 1077 1266 .
1095 1261 1101 1266 .
1116 1232 1325 1278 Philippo».
1340 1233 1352 1252 ⁴
1372 1232 1488 1267 alter.
1506 1261 1512 1267 .
1530 1261 1536 1266 .
1551 1232 1814 1278 perseverabat
1826 1232 1898 1268 Ve-

337 1286 387 1321 lio
411 1286 547 1331 Longo,
568 1296 641 1320 non
663 1285 805 1319 homini
825 1285 987 1327 indocte,
1007 1285 1119 1320 fidem
1139 1296 1219 1320 esse
1240 1286 1464 1329 habendam,
1488 1286 1553 1331 qui
1571 1285 1611 1320 in
1634 1286 1898 1321 commentario

337 1339 436 1383 quod
454 1339 603 1373 fecisset
623 1338 668 1373 de
688 1350 757 1373 usu
777 1339 955 1383 antiquae
974 1338 1145 1374 lectionis
1165 1339 1356 1384 scripserit
1368 1351 1443 1374 non
1456 1340 1609 1384 inseque
1623 1340 1724 1385 apud
1737 1339 1899 1374 Ennium

336 1393 534 1438 legendum
548 1392 612 1426 sed
628 1393 741 1427 insece
756 1421 761 1426 .
779 1420 785 1426 .
803 1421 809 1426 .
828 1393 842 1412 ⁵
855 1403 924 1437 ego
946 1391 1105 1426 arbitror
1118 1394 1155 1427 et
1168 1404 1190 1427 a
1205 1393 1252 1427 M.
1269 1392 1408 1428 Catone
1421 1393 1622 1428 insecenda
1635 1394 1673 1427 et
1686 1404 1708 1428 a
1722 1393 1762 1435 Q.
1777 1392 1898 1428 Ennio

335 1447 448 1481 insece
474 1445 652 1490 scriptum
678 1446 756 1480 sine
776 1457 800 1479 u
819 1445 956 1481 littera.
985 1444 1125 1480 offendi
1144 1446 1243 1481 enim
1265 1446 1305 1480 in
1323 1446 1553 1481 bibliotheca
1572 1446 1742 1481 Patrensi
1760 1445 1898 1481 librum

335 1510 441 1534 verae
466 1499 663 1534 vetustatis
689 1499 785 1533 Livii
804 1499 1018 1542 Andronici,
1046 1499 1110 1543 qui
1135 1499 1336 1545 inscriptus
1363 1501 1419 1534 est
1434 1498 1639 1543 Ὀδύσσεια,
1664 1499 1704 1534 in
1724 1511 1797 1545 quo
1817 1502 1898 1535 erat

335 1563 458 1587 versus
477 1552 618 1597 primus
639 1564 722 1587 cum
740 1552 811 1587 hoc
830 1552 941 1587 verbo
961 1552 1040 1587 sine
1058 1564 1083 1586 u
1101 1552 1228 1587 littera
1246 1553 1388 1589 «virum
1399 1553 1494 1588 mihi
1508 1552 1670 1588 Camena
1682 1553 1806 1588 insece
1820 1564 1898 1588 ver-

336 1607 480 1641 sutum»
501 1605 622 1640 factus
643 1616 687 1640 ex
706 1605 772 1640 illo
791 1605 943 1640 Homeri
961 1616 1068 1640 versu
1088 1606 1224 1652 (ἄνδρα
1243 1620 1307 1652 μοι
1327 1607 1457 1643 ἔννεπε
1475 1610 1613 1642 Μοῦσα
1632 1607 1895 1651 πολύτροπον)’

336 1670 409 1703 eqs.
431 1659 564 1694 Totum
583 1659 706 1694 locum
726 1670 770 1693 ex
787 1670 862 1694 uno
882 1658 1102 1694 Buslidiano
1126 1659 1263 1702 codice,
1285 1659 1349 1704 qui
1370 1660 1486 1694 codex
1510 1659 1623 1694 hodie
1643 1660 1804 1702 evanuit,
1824 1661 1897 1694 ret-

334 1712 423 1747 tulit
442 1712 482 1747 G.
499 1712 677 1747 Cantems
696 1723 777 1747 nov.
798 1712 882 1747 lect.
897 1726 925 1747 n
945 1716 976 1747 6.
1062 1712 1200 1747 Paulus
1220 1713 1321 1748 Festi
1340 1725 1375 1758 p.
1393 1716 1447 1757 79,
1463 1717 1507 1748 29
1528 1713 1594 1747 Th.
1612 1713 1777 1758 ‘in-seque
1796 1714 1897 1758 apud

335 1766 494 1800 Ennium
514 1766 593 1809 dic;
614 1766 751 1801 insexit
770 1766 933 1801 dixerit?

452 1819 485 1853 H
512 1821 608 1865 (328)
657 1819 869 1854 Priscianus
892 1833 915 1854 x
934 1831 969 1865 p.
986 1824 1065 1863 541,
1082 1823 1125 1854 15
1145 1820 1189 1854 H.
1219 1819 1385 1854 ‘cambio
1411 1818 1550 1866 ἀμείβω
1576 1819 1683 1864 ponit
1709 1819 1897 1855 Charisius

335 1874 372 1906 et
398 1872 476 1907 eius
502 1872 747 1917 praeteritum
779 1873 937 1918 campsi,
964 1873 1064 1917 quod
1090 1873 1164 1908 ἀπὸ
1190 1879 1256 1908 τοῦ
1281 1872 1434 1918 κάμπτω
1462 1873 1612 1918 ἔκαμψα
1644 1873 1784 1908 Graeco
1816 1884 1896 1908 esse

335 1926 488 1961 videtur.
502 1927 602 1961 unde
615 1928 653 1961 et
666 1937 816 1971 campso
831 1937 1001 1972 campsas
1018 1927 1186 1971 (camso
1207 1937 1379 1961 camsas
1398 1926 1524 1971 pauci)
1542 1925 1713 1961 solebant
1726 1926 1897 1962 vetustis-

335 1985 417 2019 simi
437 1986 571 2020 dicere.
591 1985 734 2020 Ennius
753 1985 793 2020 in
811 1999 835 2020 x
854 1977 1069 2022 «Leucatcin
1088 1986 1155 2032 (sic
1179 1986 1270 2031 Reg.
1291 1986 1400 2021 Halb.
1424 1986 1641 2021 leucatan
1666 1986 1772 2020 Bern.
1793 1985 1896 2021 leo-

335 2049 353 2073 c
365 2050 386 2073 a
397 2041 412 2074 t
424 2049 442 2073 e
453 2051 478 2073 n
498 2038 608 2084 Sang.
623 2039 740 2085 Lugd.
757 2039 908 2074 Oarolir.
923 2040 937 2074 l
948 2051 967 2075 e
979 2052 1003 2074 u
1016 2051 1035 2075 c
1046 2051 1068 2075 a
1077 2042 1094 2076 t
1105 2051 1124 2074 e
1134 2052 1172 2074 m
1192 2040 1335 2085 Bamb.)
1350 2041 1545 2084 campsant
1561 2043 1699 2084 (cams
1708 2040 1786 2073 ant
1803 2050 1896 2084 pau-

335 2092 431 2136 ci)».’
530 2091 582 2127 Cf.
599 2092 635 2127 C.
651 2092 706 2128 Gl.
722 2093 760 2127 L.
775 2106 812 2128 VI
831 2097 849 2127 1
870 2105 905 2138 p.
923 2097 989 2128 172
1007 2094 1197 2138 ‘campsat
1215 2093 1359 2128 flectit.’
1376 2092 1492 2128 Gloss.
1508 2092 1624 2137 antiq.
1639 2092 1681 2127 A.
1696 2092 1774 2127 Mai
1788 2092 1894 2127 class.

335 2148 429 2180 auct.
451 2159 501 2180 v11
519 2158 554 2190 p.
578 2149 646 2180 554
668 2147 855 2181 ‘camsare
874 2146 1022 2182 flectere
1042 2147 1139 2182 iter.'

451 2199 500 2233 Π]
519 2201 616 2245 (329)
659 2199 822 2234 Isidorus
842 2200 932 2246 orig.
948 2213 960 2234 1
981 2204 1036 2244 35,
1052 2204 1072 2235 3
1096 2201 1271 2246 ‘zeugma
1294 2201 1351 2234 est
1374 2199 1542 2234 clausula
1565 2200 1654 2234 dum
1666 2199 1791 2245 plures
1815 2210 1896 2234 sen-

335 2263 395 2285 sus
414 2263 487 2286 uno
507 2252 617 2287 verbo
644 2253 877 2296 clauduntur,
899 2264 995 2298 quae
1014 2254 1056 2289 fit
1074 2253 1194 2289 tribus
1220 2253 1351 2288 modis.
1372 2264 1460 2288 nam
1486 2254 1552 2288 aut
1571 2253 1610 2288 in
1628 2253 1750 2298 primo
1771 2254 1837 2288 aut
1856 2253 1895 2288 in

460 2424 542 2461 326
568 2424 630 2462 De
655 2437 774 2462 manu
800 2426 1044 2464 abwndanter
1069 2427 1213 2464 adiecto
1240 2427 1273 2463 et
1297 2425 1343 2463 de
1369 2426 1451 2463 eius
1476 2425 1718 2463 collocatione
1742 2425 1829 2463 dixi
1853 2426 1896 2463 in

327 2493 496 2529 prooem.
518 2480 625 2519 1886
629 2480 651 2534 s
655 2482 705 2531 87
727 2497 769 2532 p.
792 2482 840 2520 18
982 2486 1066 2523 328
1093 2484 1307 2522 Leucatam
1325 2485 1464 2532 scripsi
1471 2497 1485 2530 ,·
1504 2484 1719 2522 Leucatam
1739 2484 1895 2522 flectere

337 2539 466 2579 Cicero
487 2542 539 2579 ad
556 2539 634 2579 Act.
650 2555 676 2580 v
697 2553 734 2590 9,
751 2553 783 2591 1,
803 2545 987 2594 superato
1007 2544 1181 2583 Leucata
1199 2543 1342 2582 Livius
1359 2538 1475 2596 (xxv1
1498 2542 1563 2591 26,
1579 2553 1592 2578 1
1620 2546 1655 2581 et
1672 2555 1766 2581 xmv
1787 2553 1820 2591 1,
1836 2538 1894 2596 4),

334 2600 402 2638 sed
419 2600 567 2638 fervere
586 2597 786 2640 Leucaten
802 2603 994 2651 Verqilius
1013 2601 1111 2641 Aen.
1132 2615 1205 2641 vm
1225 2601 1307 2650 677
1431 2603 1636 2652 campsant
1658 2601 1896 2640 Graecorum

334 2670 440 2698 more
457 2660 559 2697 velut
576 2659 738 2710 κάμψας
763 2659 804 2700 τὸ
831 2659 1074 2714 ἀκρωτήριον
1100 2657 1264 2715 (Herod.
1285 2674 1327 2700 1v
1355 2655 1453 2714 43),·
1477 2661 1640 2712 κάμψας
1665 2659 1734 2699 τὸν
1760 2660 1896 2712 Πάχυ-

334 2732 422 2768 νον,
440 2717 594 2769 κάμψαι
614 2717 686 2768 τὴν
705 2716 831 2771 ἄκραν
851 2726 921 2760 τοῦ
941 2721 1132 2773 Παχύνου
1154 2716 1301 2774 (Polyb.
1322 2733 1337 2758 1
1359 2729 1426 2768 54,
1440 2730 1470 2757 1.
1488 2715 1532 2773 6)
1542 2734 1556 2766 ,·
1575 2719 1802 2770 κάμψαντες
1827 2718 1895 2758 τὸν

334 2776 523 2828 Πάχυνον
544 2771 721 2830 (Ἢὶοᾱον.
739 2790 813 2816 exo.
828 2791 925 2818 xxxv
945 2790 977 2825 1,
994 2775 1039 2833 9)
1165 2781 1249 2818 329
1271 2780 1412 2818 Livius
1431 2791 1529 2816 xxx1
1549 2777 1615 2827 6,-1
1636 2791 1688 2827 sq.
1707 2779 1748 2816 P.
1764 2778 1895 2829 Sulpi—

335 2837 394 2874 cio
413 2837 617 2886 provincia
635 2837 867 2875 Macedonia
891 2841 1012 2877 sorti
1033 2834 1095 2891 (ut
1111 2851 1226 2888 saepe
1244 2833 1404 2889 Livius)
1424 2839 1555 2877 evenit
1575 2869 1581 2874 .
1604 2869 1610 2874 .
1634 2868 1642 2875 .
1664 2838 1779 2876 alteri
1805 2850 1893 2876 con-

335 2895 464 2933 sulum
483 2895 645 2935 Aurelio
663 2896 785 2935 Italia
804 2891 868 2950 (cf.
891 2907 905 2932 1
921 2907 952 2946 1,
969 2893 1007 2951 Ι)
1028 2900 1232 2948 provincia
1252 2898 1406 2949 obtigit.
1430 2897 1488 2945 C'f.
1509 2898 1599 2936 ibid.
1623 2906 1660 2945 5,
1681 2907 1693 2932 1
