2004 3278
743 176 1003 212 ANNALIUM
1027 176 1114 212 LIB.
1135 176 1168 211 X
1595 175 1737 212 CXCIII

173 291 257 328 tam
281 289 355 327 1100
379 288 527 327 bellum
553 288 601 326 ab
627 290 723 338 ipsis
749 289 954 339 principiis
977 301 1156 327 exorsum
1176 301 1268 338 esse,
1295 289 1402 338 quod
1421 288 1556 327 Livius
1576 288 1735 338 quidem

173 361 271 386 xxm
292 349 330 396 5,
352 349 373 385 1
408 359 512 386 ansno
543 349 841 396 quinqentesimo
872 350 1187 397 quinquayesimo
1211 350 1344 396 primo
1370 347 1508 396 (immo
1531 344 1633 400 554)
1660 349 1734 386 ini-

172 410 258 445 tum
284 419 365 445 esse
391 407 539 455 scribit,
571 407 638 445 sed
662 407 767 445 idem
786 420 884 444 xxm
906 410 943 456 1,
964 409 988 445 8
1015 410 1187 455 coeptum
1212 408 1351 446 bellum
1376 408 1563 446 adversus
1586 408 1734 456 Philip—

166 479 267 515 pum
286 467 411 505 decem
428 467 548 514 ferme
573 469 661 504 ante
686 468 803 504 annis
828 468 993 505 triennio
1011 469 1130 514 prius
1152 467 1366 514 depositum
1385 469 1478 512 erat,
1504 479 1590 505 cum
1608 466 1736 505 Aetoli

174 529 208 564 et
226 526 314 564 belli
339 529 373 564 et
389 527 504 573 pacis
528 527 695 574 fuissent
719 538 839 564 causa
865 526 902 563 h.
924 539 954 564 e.
976 525 1024 563 ab
1046 539 1079 563 a.
1102 526 1185 564 543
1214 538 1237 563 a
1263 526 1479 564 defectione
1504 526 1736 564 Aetolorum

174 598 197 623 a
222 585 408 634 Philippo
429 580 546 638 (xxv1
567 586 634 634 25,
657 579 699 637 1)
722 585 839 622 ducit.
868 584 987 623 Cuius
1012 585 1224 636 fragmenti
1250 585 1357 633 fides,
1383 587 1417 623 si
1443 586 1505 623 cui
1531 586 1631 624 forte
1657 598 1736 624 non

174 646 269 683 satis
296 646 402 682 certa
427 644 620 693 videatur,
646 645 800 694 egregie
826 644 1027 682 stabilitur
1046 645 1174 682 verbis
1195 645 1408 694 fragmenti
1428 657 1469 683 VI
1488 646 1583 682 item
1604 658 1648 683 ex
1671 645 1735 683 de-

174 704 274 742 cimo
295 703 418 742 allati.
445 703 552 748 Quae
579 703 682 741 euim
706 703 842 742 Livius
868 703 1049 752 perhibet
1074 716 1187 741 xxxn
1209 705 1245 751 9,
1269 705 1289 740 1
1318 705 1510 742 consulem
1534 705 1574 741 T.
1597 704 1735 752 Quinc-

173 765 270 801 tium
294 764 350 801 ita
374 763 502 801 habito
528 763 678 807 dilectu,
703 766 747 800 ut
771 774 831 801 eos
855 764 936 810 fere
961 764 1096 811 leyeret
1119 765 1186 811 qui
1210 765 1253 801 in
1277 763 1480 810 Hispania
1506 766 1574 801 aut
1594 762 1737 810 Africa

173 823 400 860 meruissent
429 824 666 870 spectatae
690 823 886 860 virtutis
910 823 1084 860 milites
1110 825 1149 860 et
1173 822 1266 859 ibid.
1290 823 1312 859 6
1345 823 1385 861 Τ.
1407 822 1608 870 Quinctius
1641 823 1738 861 alter

174 882 307 920 consul
326 911 333 918 .
356 911 363 918 .
385 911 392 918 .
420 893 445 919 a
465 881 683 919 Brundisio
709 893 796 920 cum
821 883 1108 926 transmisisset,
1138 881 1346 930 Corcyram
1372 884 1493 920 tenuit
1517 894 1615 919 cum
1640 884 1736 920 octo

173 941 366 979 milibus
378 941 610 989 peditum,
631 942 820 988 equitibus
838 942 1060 990 octinqentis
1081 941 1176 979 adeo
1197 942 1378 979 accurate
1399 941 1636 979 conveniunt
1654 943 1738 979 tam

174 1001 216 1037 in
236 1012 397 1037 numero
423 1000 596 1037 militum
621 1012 742 1049 quam
768 1000 809 1037 in
834 1012 968 1038 eorum
994 1002 1172 1049 spectata
1196 1000 1345 1038 virtute
1371 1013 1459 1038 cum
1478 1000 1597 1037 Ennii
1617 1001 1737 1038 versi-

173 1059 245 1097 bus
264 1061 452 1108 insiynita
476 1060 556 1106 fere
581 1062 661 1097 tum
686 1060 798 1097 milia
822 1060 990 1098 militum
1014 1063 1092 1098 octo
1112 1060 1224 1098 duoeit
1242 1060 1399 1098 delectos
1419 1060 1559 1098 bellum
1577 1060 1739 1098 tolerare

167 1121 351 1166 potentes,
382 1120 427 1155 ut
459 1120 735 1169 argumentum
763 1119 880 1156 huius
906 1119 998 1156 libri
1024 1119 1187 1156 dubium
1213 1131 1294 1157 esse
1320 1131 1398 1157 non
1429 1119 1555 1168 possit
1581 1121 1620 1156 et
1648 1118 1738 1155 huic

174 1179 278 1216 recte
297 1179 544 1227 prooemium
562 1177 662 1215 illud
682 1178 941 1227 praemissum
961 1178 1024 1216 sit.
1043 1178 1183 1228 Itaque
1202 1180 1284 1216 iam
1303 1179 1396 1216 licet
1415 1178 1620 1228 disponere
1638 1190 1738 1227 quae

176 1250 221 1274 ex
246 1237 405 1275 incertis
431 1237 523 1275 huic
549 1240 782 1287 argumento
809 1238 1163 1276 accommodantur.
1189 1237 1248 1276 Ac
1272 1239 1444 1287 primum
1469 1250 1583 1275 suum
1608 1238 1738 1276 locum

175 1296 327 1334 obtinet
351 1309 397 1333 111
426 1296 593 1335 Graecia
617 1296 789 1344 Sulpicio
814 1299 910 1335 sorti
938 1297 1043 1342 data,
1078 1297 1214 1336 Gallia
1241 1296 1370 1336 Cottae
1395 1297 1525 1334 Ennio
1550 1296 1593 1334 L.
1614 1297 1738 1334 Muel-

174 1356 247 1393 leri
272 1356 433 1394 invento
459 1355 715 1393 vindicatum.
745 1356 845 1394 Sunt
869 1357 910 1393 hi
936 1357 1112 1395 consules
1133 1358 1226 1394 anni
1248 1357 1344 1404 554,
1371 1356 1417 1393 de
1438 1356 1580 1405 quibus
1599 1355 1738 1394 Livius

176 1415 312 1453 scribit
336 1427 434 1452 xxm
456 1416 493 1463 5,
517 1417 537 1452 1
566 1415 610 1452 P.
629 1415 802 1463 Sulpicio
830 1415 960 1454 Galba
987 1415 1028 1454 Ο.
1047 1415 1210 1454 Aurelio
1236 1415 1455 1454 consulibus
1482 1415 1621 1453 bellum
1652 1427 1739 1454 cum

174 1486 260 1522 reye
284 1475 464 1522 Philippo
488 1476 629 1512 initum
655 1477 709 1512 est
726 1476 868 1522 paucis
886 1475 1081 1513 mensibus
1092 1478 1184 1523 post
1193 1486 1333 1523 pacem
1355 1474 1739 1523 Carthaqiniensibus

176 1534 321 1578 datam,
346 1533 382 1570 h.
403 1546 434 1570 e.
455 1546 489 1570 a.
512 1534 608 1581 554,
635 1546 712 1571 non
740 1547 856 1583 quem
881 1533 1017 1572 Livius
1043 1534 1140 1572 dicit
1161 1535 1256 1572 551.
1283 1534 1341 1571 De
1367 1534 1507 1572 iisdem
1530 1534 1636 1571 idem
1657 1534 1694 1581 6,
1715 1535 1735 1571 1

175 1593 219 1630 P.
233 1592 404 1640 Sulpicio
420 1594 627 1640 provincia
641 1593 878 1631 Macedonia
902 1595 997 1631 sorti
1016 1595 1159 1632 evenit.
1176 1624 1182 1630 .
1200 1623 1207 1631 .
1227 1594 1339 1631 alteri
1358 1594 1559 1631 consulum
1577 1592 1739 1631 Aurelio

177 1652 300 1690 Italia
317 1653 527 1699 provincia
553 1652 693 1700 obtiyit.
726 1652 784 1689 Ex
810 1665 889 1701 quo
915 1665 1030 1690 versu
1055 1653 1128 1690 hoc
1154 1665 1309 1702 quoque
1336 1652 1538 1702 colligitur
1569 1654 1738 1701 poetam,

177 1712 246 1760 qui
277 1711 382 1760 quod
412 1712 571 1759 quisque
602 1712 812 1759 imperator
837 1712 1106 1750 Romanorum
1137 1713 1302 1762 gesserit
1332 1713 1374 1749 in
1405 1711 1508 1749 bello
1535 1724 1623 1749 cum
1648 1724 1739 1761 rege

176 1770 362 1819 Philippo
389 1782 428 1808 se
454 1772 708 1808 narraturum
732 1771 932 1820 professus
960 1772 1030 1819 est,
1056 1772 1260 1809 consulum
1285 1771 1420 1809 ordine
1445 1783 1507 1809 res
1528 1772 1656 1821 gestas
1677 1783 1739 1808 ex-

177 1831 353 1867 secutum
379 1842 471 1867 esse.
504 1829 559 1868 Ut
583 1830 788 1868 mittamus
814 1843 856 1869 1v
880 1830 1114 1876 Acanthum,
1148 1843 1388 1880 quamquam
1414 1830 1464 1868 ad
1488 1831 1562 1868 1100
1593 1830 1740 1868 bellum

176 1890 373 1938 pertinere
405 1889 597 1937 existimo,
628 1890 670 1927 in
702 1902 847 1927 annum
876 1891 957 1928 556
986 1892 1104 1928 creati
1129 1890 1300 1929 consules
1324 1889 1409 1928 Sex.
1435 1888 1573 1928 Aelius
1597 1890 1740 1928 Paetus

178 1951 211 1986 et
239 1949 281 1986 T.
308 1948 509 1996 Quinctius
534 1949 788 1987 Flamininus
821 1943 923 2001 (Liv.
944 1962 1058 1987 xxxn
1081 1951 1117 1998 7,
1140 1945 1226 2002 12),
1259 1961 1427 1998 quorum
1459 1961 1504 1986 ex
1536 1949 1740 1986 sortitione

177 2007 469 2056 provinciarum
487 2006 599 2046 Aelio
618 2008 752 2053 Italia,
780 2008 955 2056 Quinctio
974 2009 1211 2047 Macedonia
1230 2010 1353 2046 evcnit
1372 2003 1474 2060 (Liv.
1494 2019 1609 2044 xxxn
1629 2008 1666 2056 8,
1682 2002 1738 2059 4).

178 2066 317 2116 Itaque
344 2066 439 2115 quid
462 2067 630 2115 impedit
655 2069 864 2116 quominus
892 2067 977 2105 Sex.
1004 2067 1140 2105 Aelius
1173 2080 1262 2105 cum
1288 2067 1330 2104 T.
1351 2067 1573 2104 Flaminino
1605 2066 1740 2104 consul

179 2127 331 2163 creatus
357 2126 428 2163 illa
453 2126 568 2163 laude
593 2126 806 2176 insignitus
826 2126 947 2164 fuerit
966 2139 1086 2175 quam
1104 2126 1224 2164 habet
1242 2140 1268 2164 v
1288 2120 1354 2178 (cf.
1375 2137 1417 2162 1x
1436 2126 1482 2162 fr.
1503 2120 1576 2177 lv),
1603 2138 1739 2174 quam-

179 2197 298 2234 quam
324 2185 406 2222 eius
431 2196 493 2222 res
519 2197 597 2222 non
623 2186 708 2222 erat
734 2185 837 2234 quod
863 2186 980 2234 poeta
1004 2185 1184 2234 pluribus
1204 2186 1515 2234 persequeretur.
1544 2184 1620 2222 Sed
1639 2187 1740 2222 cete-

178 2256 245 2281 rae
276 2243 467 2292 reliquiae
499 2243 546 2281 de
578 2243 719 2292 quibus
751 2244 940 2282 coniicere
972 2244 1124 2293 aliquid
1155 2245 1268 2282 licuit
1292 2244 1504 2292 pleraeque
1530 2256 1663 2281 omnes
1690 2244 1739 2281 ad

180 2303 223 2340 T.
250 2302 466 2347 Quinctii
490 2302 755 2341 Flaminini
786 2303 922 2341 laudes
954 2304 1153 2353 pertinent
1185 2305 1254 2341 aut
1277 2304 1443 2352 possunt
1468 2315 1513 2340 eo
1539 2303 1740 2341 commode

179 2363 327 2400 referri.
353 2362 412 2399 De
439 2361 547 2400 cuius
575 2362 719 2400 dilectu
744 2362 880 2400 habito
908 2375 1009 2411 quae
1035 2364 1127 2401 sunt
1150 2363 1192 2400 in
1218 2375 1260 2401 VI
1286 2375 1404 2412 supra
1431 2362 1522 2399 dixi.
1550 2361 1627 2406 Qui
1652 2374 1740 2400 cum

179 2422 372 2459 militibus
398 2434 421 2459 a
440 2421 651 2459 Brundisio
677 2434 766 2459 cum
797 2421 1080 2459 transmisisset
1107 2420 1315 2471 Corcyram
1347 2421 1486 2459 tenuit.
1513 2421 1550 2458 A
1571 2420 1741 2470 Corcyra

182 2482 315 2518 autem
340 2481 382 2517 in
406 2481 586 2529 proxima
606 2481 720 2531 Epiri
744 2481 901 2519 traiecit
927 2482 966 2518 et
989 2482 1032 2518 in
1058 2482 1188 2519 castra
1207 2481 1386 2518 Romana
1410 2480 1564 2531 magnis
1589 2481 1739 2518 itineri-

179 2539 251 2577 bus
278 2539 497 2578 contendit:
522 2536 578 2577 ibi
605 2552 693 2578 cum
718 2540 760 2578 P.
781 2540 947 2577 Villium
973 2541 1183 2589 superioris
1216 2539 1310 2578 anni
1341 2540 1540 2579 consulem
1571 2540 1740 2577 dimisis-

181 2601 256 2646 set,
293 2599 422 2648 ipsam
452 2599 723 2637 Macedoniam
754 2602 859 2637 recto
893 2600 1034 2637 itinere
1065 2612 1135 2649 per
1166 2601 1296 2638 castra
1326 2599 1500 2638 hostium
1535 2600 1739 2647 penetrare

180 2658 342 2706 placuit.
375 2657 487 2702 Quod
519 2671 596 2707 quo
627 2658 743 2696 modo
775 2658 885 2696 fieret
911 2671 999 2696 cum
1023 2671 1163 2707 parum
1189 2658 1428 2708 expedirent,
1460 2658 1540 2696 dies
1573 2657 1738 2706 quadra-

182 2718 293 2767 ginta
324 2718 407 2755 sine
437 2717 519 2754 ullo
550 2720 693 2755 conatu
725 2718 901 2756 sedentes
931 2719 973 2755 in
1005 2720 1214 2767 conspeetu
1239 2718 1413 2756 hostium
1439 2717 1740 2764 absumpserunt

182 2770 338 2828 (Livius
358 2788 472 2813 xxxn
493 2777 529 2824 9,
553 2772 700 2829 7sqq.).
734 2776 832 2814 Cum
858 2776 978 2814 etiam
1003 2789 1090 2826 spes
1116 2777 1322 2826 colloquiis
1348 2775 1602 2825 temptandae
1629 2773 1738 2823 pacis

181 2834 295 2872 irrita
332 2835 551 2884 cecidisset,
590 2838 681 2873 ante
714 2837 903 2874 stationes
935 2836 1193 2875 Macedonum
1223 2836 1359 2874 multis
1390 2834 1549 2883 proeliis
1587 2832 1738 2871 levibus

182 2894 379 2944 utrimque
405 2895 552 2933 frustra
576 2896 797 2946 pugnatum
822 2896 884 2933 est
903 2890 1059 2947 (Livius
1079 2896 1103 2932 l.
1125 2896 1149 2933 1.
1173 2890 1257 2947 10).
1286 2895 1385 2932 Τ11111
1407 2893 1607 2942 Charopus
1633 2893 1739 2941 prin-

253 2965 404 2992 Eumne
423 2967 468 2993 ed.
487 2968 615 2994 Vahlen.
1502 2969 1527 2991 n
