2054 3282
352 171 435 214 130
1020 160 1221 197 scnch

917 279 1329 325 ANDROMACHA

777 376 1104 411 ΑΝΛΡΟΜΑΧΗ
1126 374 1471 409 ΑΙΧΜΑΛΩΤΟΣ

1117 469 1134 503 Ι

349 536 402 577 79
434 535 563 590 Rapit
589 534 639 576 011
665 534 752 574 3110
778 545 906 574 naves
931 530 1135 573 velivolas

1106 635 1140 669 Π

346 701 402 742 80
714 712 847 740 annos
873 696 1032 739 multos
1057 695 1293 753 longinque
1318 696 1371 739 ab
1398 696 1525 738 domo

432 770 599 812 Bellum
625 772 820 826 gerentes
846 782 1062 810 summum
1087 782 1255 810 summa
1279 767 1489 810 industria

1097 872 1149 907 III

344 937 400 978 82
432 935 630 978 Hectoris
655 938 805 978 natum
831 935 882 976 de
908 933 1093 977 Troiano
1119 949 1241 976 muro
1268 934 1418 976 iactari

458 1063 798 1100 ANDROMACHA
817 1062 1157 1099 AECHMALOTIS
1208 1062 1333 1098 Cicero
1360 1063 1407 1098 de
1426 1063 1498 1098 div.
1516 1076 1529 1098 1
1550 1066 1605 1107 13,
1621 1066 1665 1098 23
1684 1063 1766 1097 ‘sus
1784 1063 1903 1097 rostro

342 1119 373 1154 si
385 1119 488 1153 humi
503 1130 524 1153 a
539 1120 574 1164 (a
587 1129 656 1153 om.
672 1117 776 1152 Voss.
791 1117 821 1151 B
834 1129 881 1151 m.
897 1118 966 1163 pr.)
979 1116 1147 1152 litteram
1161 1116 1389 1162 inpresserit,
1403 1129 1493 1152 num
1504 1117 1704 1162 propterea
1723 1115 1904 1161 suspicari

339 1172 478 1217 poteris
497 1170 796 1205 Andromacham
816 1170 913 1204 Enni
933 1170 981 1205 ab
1001 1181 1046 1205 ea
1064 1181 1174 1216 posse
1194 1170 1354 1205 describi
1362 1171 1392 1205 ’θ’
1503 1169 1617 1205 Νο1111
1637 1170 1797 1204 editores
1817 1168 1903 1203 An-

341 1225 578 1259 dromache
598 1223 885 1259 aechmaloto
905 1223 963 1258 vel
983 1223 1322 1259 aechmalotide
1341 1223 1381 1258 in
1395 1223 1621 1269 quibusdam
1639 1223 1718 1259 eius
1737 1222 1903 1257 testimo-

340 1278 411 1312 niis
426 1278 636 1323 depravatis
649 1277 795 1322 pridem
808 1277 1067 1322 restituerunt3
1082 1277 1229 1312 videtur
1242 1279 1367 1312 autem
1379 1277 1511 1312 fabula
1523 1276 1666 1312 Graeca
1674 1275 1903 1323 Ἀνδρομάχη

340 1331 567 1378 αἰχμάλωτος
586 1331 661 1365 sive
688 1329 910 1377 αἰχμαλωτίς
934 1330 1115 1376 inscripta
1140 1330 1265 1366 fuisse.
1289 1330 1551 1366 Andromacha
1576 1341 1687 1376 saepe
1709 1330 1750 1364 in
1769 1340 1903 1375 cogno-

338 1385 429 1419 mini
449 1384 578 1419 fabula
597 1383 787 1429 Euripidis
808 1383 1039 1432 αἰχμάλωτος
1057 1383 1115 1419 vel
1135 1383 1357 1432 αἰχμαλωτίς
1375 1395 1450 1420 11011
1469 1384 1549 1419 sine
1567 1384 1732 1430 pondere
1750 1383 1902 1418 dicitur:

340 1441 417 1472 583.
433 1441 512 1472 871.
529 1441 607 1472 908.
623 1441 701 1472 932.
718 1441 796 1473 962.
814 1441 917 1472 1059.
934 1441 1036 1473 1243.

455 1491 471 1526 Ι
491 1493 562 1537 (79)
594 1491 805 1526 Macrobius
827 1491 902 1526 Sat.
918 1505 955 1526 VI
975 1495 1006 1534 5,
1023 1495 1067 1526 10
1084 1491 1313 1537 ‘despiciens
1332 1503 1435 1527 mare
1455 1491 1651 1527 velivolum
1671 1492 1773 1536 (Aen.
1788 1504 1802 1526 1
1822 1491 1903 1536 224)

340 1573 346 1579 .
364 1573 370 1578 .
387 1573 393 1579 .
414 1544 556 1579 Ennius
581 1545 621 1579 in
645 1558 726 1579 111111
747 1545 830 1592 [111].
852 1545 953 1580 idem
977 1545 1017 1580 in
1036 1545 1295 1581 Andromache
1322 1545 1637 1591 (dromachera
1658 1545 1755 1590 Par.)
1776 1543 1905 1589 «rapit

339 1600 351 1643 (
361 1609 379 1632 0
389 1609 441 1643 ap
450 1598 486 1632 it
498 1598 595 1644 Par.)
611 1626 618 1632 .
635 1627 641 1632 .
659 1627 665 1632 .
680 1598 907 1634 velivolas».’
1007 1598 1153 1634 Servius
1166 1599 1207 1633 in
1219 1599 1310 1633 Aen.
1325 1612 1339 1633 1
1353 1602 1421 1633 224
1435 1599 1484 1634 ad
1498 1610 1582 1634 ann.
1596 1598 1620 1633 1.
1636 1610 1665 1634 0.
1681 1598 1901 1643 adscriptus.

457 1651 490 1685 Π
504 1653 576 1697 (80)
602 1651 746 1686 Nonius
760 1663 795 1697 p.
811 1654 892 1695 402,
908 1655 928 1686 2
945 1652 1150 1687 ‘summum
1163 1651 1366 1698 gloriosum
1378 1652 1571 1687 laudabile
1586 1681 1592 1687 .
1610 1681 1615 1687 .
1634 1680 1640 1686 .
1657 1680 1663 1686 .
1679 1651 1820 1686 Ennius
1837 1662 1903 1686 an-

339 1704 509 1740 dromaca
533 1705 620 1740 haee
644 1706 739 1741 malo
760 1715 899 1741 «annos
918 1717 966 1740 m.
985 1706 1153 1752 lonyique
1173 1705 1218 1741 ab
1238 1705 1347 1740 domo
1371 1734 1377 1740 .
1395 1735 1401 1740 .
1418 1734 1424 1740 .
1445 1705 1681 1741 industria»)
1800 1704 1904 1739 Idem

337 1770 372 1803 p.
389 1762 467 1802 515,
485 1762 527 1793 13
544 1758 767 1804 ‘longinque
787 1760 825 1793 et
843 1758 1006 1805 longiter
1023 1770 1090 1804 pro
1110 1759 1231 1805 longe.
1250 1760 1386 1795 Accius
1404 1758 1645 1795 andromache
1658 1758 1787 1794 eimalo
1807 1753 1904 1803 (311-

339 1812 608 1847 dromachae
631 1811 797 1847 01111313
816 1811 960 1858 Bamb.)
975 1823 1121 1849 «annos
1140 1825 1187 1848 m.
1207 1814 1403 1860 longinque
1422 1825 1446 1848 a
1465 1812 1574 1848 domo
1593 1841 1599 1847 .
1617 1841 1623 1847 .
1641 1841 1647 1847 .
1665 1811 1901 1847 industria»)

456 1865 622 1911 Utroque
647 1865 730 1901 loco
754 1866 1072 1902 Andromacha
1097 1866 1168 1912 (vel
1187 1866 1519 1912 Andromache)
1547 1865 1833 1901 aechmaloto
1859 1876 1905 1900 ex

337 1919 504 1964 vestigiis
524 1919 730 1966 scripturae
751 1919 887 1965 prodit.

455 1972 506 2007 m
526 1974 598 2018 (82)
623 1972 741 2008 Varro
762 1972 809 2008 de
828 1972 851 2007 1.
866 1973 905 2007 L.
920 1986 943 2008 x
962 1976 1006 2008 70
1022 1973 1226 2020 ‘degenere
1244 1974 1355 2009 multi
1373 1975 1529 2009 utuntur
1548 1984 1622 2009 non
1640 1973 1750 2009 modo
1769 1974 1904 2020 poetae

339 2026 403 2060 sed
428 2026 542 2061 etiam
566 2026 736 2072 plerique
761 2037 888 2061 omnes
915 2026 979 2071 qui
1005 2026 1128 2062 soluta
1152 2027 1321 2062 oratione
1345 2027 1558 2073 loquuntur.
1579 2027 1672 2063 haec
1696 2026 1816 2073 primo
1843 2025 1901 2072 (cf.

338 2078 486 2114 Lachm.
503 2080 551 2115 ad
571 2080 675 2115 Lucr.
691 2093 705 2115 1
724 2082 793 2115 805
812 2092 847 2125 p.
865 2081 923 2125 56)
943 2079 1121 2116 dicebant
1138 2081 1182 2116 ut
1201 2082 1436 2126 quaestorem
1460 2082 1671 2127 praetorem
1696 2080 1750 2115 sic
1767 2079 1903 2115 Hecto-

338 2142 415 2168 rem
434 2132 647 2169 Nestorem.
662 2133 792 2181 itaque
811 2133 953 2169 Ennius
974 2133 1029 2169 ait
1048 2133 1242 2171 «Hectoris
1258 2163 1263 2170 .
1282 2164 1287 2170 .
1306 2164 1311 2169 .
1327 2134 1510 2170 iactari».’
1604 2133 1656 2169 Cf.
1675 2136 1752 2169 101.

462 2307 513 2344 79
540 2305 603 2344 De
627 2308 814 2346 sementia
839 2308 886 2355 cf.
906 2307 1050 2356 Earip.
1071 2307 1198 2356 Iphiy.
1224 2307 1344 2346 Taur.
1371 2315 1480 2356 1379
1507 2305 1636 2354 δεινὸς
1655 2305 1728 2360 γὰρ
1747 2305 1903 2346 κλύδων

340 2360 471 2403 ὤκειλε
495 2370 598 2404 ναῦν
624 2365 721 2416 πρὸς
744 2371 843 2418 γῆν,·
868 2375 977 2415 1394
1003 2365 1132 2413 δεινὸς
1159 2365 1233 2418 γὰρ
1257 2364 1388 2406 ἐλθὼν
1418 2364 1564 2418 ἄνεμος
1587 2364 1781 2417 ἐξαίφνης
1804 2363 1902 2413 νεὼς

339 2419 445 2462 ὠθεῖ
458 2424 816 2476 παλιμπρυμνηδόν
837 2428 871 2464 et
883 2437 981 2474 quae
992 2426 1179 2464 Minerva
1191 2427 1366 2465 ‘minatur
1378 2427 1487 2464 ini-tio
1503 2426 1702 2465 Troadum
1714 2438 1748 2464 v.
1760 2434 1780 2473 7
1788 2434 1810 2472 5
1823 2437 1900 2474 sqq.

341 2481 538 2533 δύστηνον
552 2482 685 2530 αὐτοῖς
699 2483 840 2524 νόστον
853 2482 1036 2537 ἐμβαλεῖν
1052 2482 1171 2536 θέλω,
1185 2483 1279 2524 ὅταν
1298 2483 1397 2537 πρὸς
1415 2484 1549 2532 οἴκους
1568 2480 1806 2524 ναυστολῶσ’
1830 2478 1899 2522 ἀπ’

336 2535 454 2581 Ἰλίου
563 2542 619 2581 80
642 2543 700 2591 Of.
718 2544 859 2583 Troad.
881 2553 930 2593 19
946 2542 1109 2595 μένουσι
1126 2541 1167 2583 δὲ
1186 2544 1425 2596 πρύμνηθεν
1446 2537 1583 2596 οὖρον,
1602 2541 1656 2591 ὡς
1674 2541 1902 2598 δεκασπόρῳ

339 2599 468 2655 χρόνῳ
493 2599 657 2653 ἀλόχους
681 2617 720 2642 τε
745 2602 812 2642 καὶ
839 2599 942 2642 τέκν’
967 2603 1165 2643 εἰσίδωσιν
1190 2601 1367 2655 ἅσμενοι,
1392 2604 1433 2643 οἳ
1455 2598 1567 2654 τήνδ’
1596 2601 1901 2654 ἐπεστράτευσαν

338 2657 461 2712 Ἕλλη
467 2674 529 2708 νες
540 2659 655 2700 πόλιν
663 2675 678 2708 ,·
689 2663 780 2701 ibid.
796 2673 810 2699 1
821 2661 902 2710 263
918 2675 972 2712 sq.
1071 2663 1125 2702 82
1141 2663 1206 2702 de:
1220 2676 1241 2702 e
1253 2663 1535 2702 Lachmamnus
1620 2662 1764 2702 Versus
1773 2663 1902 2710 forma

340 2721 462 2759 dubia
468 2734 483 2767 ,·
501 2722 624 2759 oratio
636 2722 799 2769 requirit
810 2722 947 2761 iubent
967 2723 1025 2761 vel
1037 2722 1223 2773 flagitant
1236 2724 1426 2762 adiectum
1433 2735 1447 2769 ‚·
1459 2721 1631 2770 Scaliger
1642 2723 1699 2760 ita
1711 2724 1902 2760 mutatum

339 2791 495 2819 verswm
509 2779 558 2818 H.
572 2793 610 2818 n.
623 2779 671 2819 de
689 2792 822 2819 moero
841 2782 1026 2820 iactarier
1043 2783 1218 2821 versibus
1235 2791 1325 2819 100.
1347 2791 1421 2818 101
1435 2782 1603 2825 subiecit,
1623 2781 1666 2819 id
1684 2781 1785 2828 quod
1804 2791 1901 2819 com-

339 2840 519 2878 mendara·
535 2840 714 2878 videatur
726 2839 913 2879 Androm.
928 2841 1161 2889 Euripide.
1178 2838 1202 2877 8
1223 2840 1309 2892 ἥτις
1327 2839 1444 2880 πόσιν
1464 2837 1534 2891 μὲν
1542 2834 1700 2891 Ἕκτορ’
1723 2838 1762 2887 ἐξ
1779 2834 1901 2891 Ἀχιλ-

339 2894 435 2944 λέως
459 2893 629 2937 θανόντ’
649 2896 815 2950 ἐσεῖδον,
839 2898 962 2938 παῖδα
987 2895 1026 2937 δ’
1049 2897 1096 2939 ὃν
1119 2899 1235 2939 τίκτω
1259 2899 1371 2939 πόσει
1396 2897 1559 2951 ῥιφέντα
1583 2899 1746 2951 πύργων
1765 2893 1900 2937 Ἀστυ-
