2004 3278
305 217 486 254 CXXXIV
857 215 884 250 1.
910 213 1139 251 HlSTORIA
1169 212 1311 249 ENNH

304 330 434 369 essent
464 327 753 378 quodammodo
779 327 1034 378 exaggeravit
1063 327 1104 365 et
1134 326 1366 375 cumulavit,
1397 339 1486 365 cum
1516 339 1642 378 paene
1673 326 1869 378 quidquid

303 388 620 426 hexametrorum
644 386 916 425 Ennianorum
940 386 1134 425 traditum
1159 386 1261 425 esset
1285 386 1366 425 suis
1391 386 1487 425 locis
1517 387 1561 425 in
1590 387 1868 426 reconcinnato

306 447 510 486 annalium
535 447 720 485 contextu
745 446 884 496 reponi
908 458 1021 496 posse
1047 445 1124 484 sibi
1145 444 1415 495 persuaderet:
1442 457 1521 495 qua
1537 458 1579 484 re
1598 446 1684 485 fieri
1702 459 1781 485 non
1799 458 1869 496 po-

303 507 410 545 terat
434 506 533 555 quin
558 506 686 544 multa
710 504 959 544 incredibilia
984 506 1024 543 et
1048 506 1185 554 inepta
1208 506 1519 554 procrearentur.
1544 504 1678 555 Atque
1697 505 1747 544 ob
1765 505 1868 544 hanc

304 578 425 615 quam
450 565 629 615 sequitur
652 565 849 603 rationem
874 576 952 603 non
977 577 1115 603 sanam
1139 565 1267 614 magis
1293 563 1512 614 culpandus
1541 565 1601 603 est
1633 576 1752 614 quam
1782 565 1868 603 lau-

305 624 456 664 dandus
489 625 584 674 quia
613 625 656 662 in
680 625 829 674 paucis,
860 623 966 673 quod
990 636 1104 662 nemo
1134 624 1265 675 negat,
1297 635 1471 662 seorsum
1502 635 1526 662 a
1549 622 1702 662 Merula
1731 636 1869 662 verum

304 683 417 722 vidit.
443 683 552 722 Haec
578 684 712 722 autem
737 684 855 722 unica
880 684 966 721 erat
991 683 1112 722 editio
1139 682 1188 721 ad
1208 694 1328 732 quam
1346 695 1418 732 per
1434 683 1497 721 tot
1515 694 1638 722 annos
1656 682 1869 734 philologis

306 742 548 782 redeundum
573 744 660 781 erat
684 743 719 781 si
745 743 832 792 quis
858 744 957 781 scire
983 743 1143 792 cuperet
1168 741 1263 792 quid
1289 744 1390 781 esset
1415 742 1619 780 annalium
1642 743 1771 792 poesis
1790 741 1869 780 En-

306 803 437 841 niana.
464 802 590 848 Quam
616 802 665 840 ob
690 814 784 850 rem,
809 814 858 840 ne
881 803 1062 852 princeps
1082 802 1290 851 poetarum
1311 801 1579 840 Romanorum
1598 813 1676 840 non
1697 802 1870 840 exstaret

307 861 386 900 nisi
409 862 451 899 in
472 860 710 900 editionibus
737 873 837 911 quae
862 862 944 900 iam
968 861 1120 911 priscae
1140 862 1270 900 essent
1288 860 1337 899 ob
1356 861 1597 900 vetustatem
1617 862 1687 899 aut
1704 860 1869 912 indigna

305 920 485 960 socordia
511 922 550 959 et
573 921 663 970 pari
686 921 888 970 imperitia
909 921 1158 971 praestarent
1177 920 1282 958 Frid.
1302 919 1510 959 Ritschelii
1534 920 1698 958 consilio
1718 920 1868 959 factum

306 981 365 1019 est
389 982 435 1018 ut
460 980 613 1018 acriora
638 979 770 1018 studia
794 981 837 1018 in
860 980 963 1018 hanc
987 981 1142 1029 partem
1167 979 1284 1018 nimis
1310 979 1378 1017 diu
1402 980 1485 1017 iam
1510 979 1705 1018 desertam
1728 980 1869 1018 incita-

304 1041 451 1078 rentur.
476 1038 534 1077 Εο
560 1038 665 1077 enim
691 1040 850 1078 auctore
875 1039 1201 1089 philosophorum
1223 1037 1318 1077 ordo
1338 1038 1610 1077 universitatis
1630 1038 1868 1077 Fridericiae

306 1097 543 1136 Guilelmiae
557 1098 771 1137 Rhenanae
784 1099 826 1136 in
845 1099 1071 1136 litterarum
1091 1097 1370 1137 certaminibus
1390 1098 1432 1136 in
1453 1110 1486 1136 a.
1504 1098 1615 1136 1852
1636 1097 1737 1136 hanc
1751 1110 1869 1147 quae-

306 1158 477 1196 stionem
501 1159 762 1208 proposuerat
779 1159 1004 1206 praemissa
1029 1158 1075 1196 de
1095 1157 1137 1206 Q.
1156 1157 1284 1196 Ennii
1308 1159 1389 1195 vita
1414 1159 1496 1196 arte
1515 1160 1549 1195 et
1565 1159 1719 1205 scriptis
1738 1158 1871 1206 dispu-

306 1218 448 1255 tatione
474 1218 555 1255 eius
581 1217 788 1255 annaliwm
811 1218 1031 1266 fragmenta
1057 1217 1351 1265 disponerentur
1376 1216 1671 1255 emendarentur
1698 1216 1871 1255 illustra-

304 1278 450 1314 rentur.
475 1275 612 1325 Deque
637 1275 822 1325 periculis
849 1276 965 1315 factis
992 1276 1054 1314 die
1074 1288 1120 1314 111
1138 1289 1189 1314 m.
1210 1275 1382 1326 Augusti
1402 1288 1435 1313 a.
1459 1276 1571 1313 1852
1598 1276 1654 1314 sic
1679 1275 1872 1315 iudicavit

306 1335 401 1373 ordo
427 1329 542 1388 (haec
567 1336 673 1373 enim
698 1339 743 1373 ut
767 1347 871 1373 nunc
895 1335 1100 1374 referenda
1125 1335 1267 1373 ducam
1290 1334 1415 1373 habeo
1442 1335 1564 1373 etiam
1583 1335 1759 1384 privatas
1781 1347 1870 1374 cau-

309 1406 372 1433 sas
399 1407 445 1432 ex
469 1395 558 1444 ipsa
582 1395 641 1432 rei
666 1394 895 1433 condicione
919 1395 1047 1443 natas,
1073 1394 1140 1433 sed
1166 1395 1242 1433 erit
1266 1394 1433 1433 fortasse
1459 1395 1530 1444 qui
1553 1394 1648 1432 haec
1671 1407 1771 1444 quae
1791 1395 1870 1433 sin·

309 1453 489 1503 gularem
513 1453 595 1492 vim
621 1455 661 1492 et
685 1452 877 1492 virtutem
901 1454 1110 1492 Ritschelii
1134 1454 1354 1492 luculenter
1380 1466 1604 1502 expressam
1628 1455 1764 1492 tenent
1793 1467 1871 1492 non

305 1513 455 1551 invitus
481 1506 626 1565 legat):
654 1513 736 1562 Quo
762 1513 807 1552 de
833 1515 1056 1562 argumento
1077 1514 1281 1561 dupliciter
1298 1514 1375 1551 sibi
1392 1515 1488 1552 satis
1513 1514 1660 1561 factum
1680 1524 1758 1552 esse
1777 1513 1870 1552 ordo

307 1573 441 1610 merito
460 1572 600 1610 laetari
613 1574 747 1620 potest.
772 1573 889 1611 Duas
909 1574 1010 1611 enim
1029 1574 1360 1611 commentationes
1379 1573 1534 1621 accepit,
1559 1573 1722 1611 alteram
1740 1573 1872 1612 Hora-

306 1632 417 1669 tiana
433 1632 622 1670 sententia
639 1632 867 1681 insiynitam
881 1628 972 1670 ‘Est
989 1632 1119 1680 aliquo
1131 1632 1294 1680 prodire
1313 1634 1433 1676 tenus,
1451 1633 1487 1670 si
1504 1643 1584 1670 non
1602 1632 1720 1670 datur
1737 1629 1871 1677 ultra',

307 1690 471 1729 alteram
495 1690 671 1729 Lucretii
695 1691 869 1730 versibus
893 1692 1122 1739 inscriptam
1141 1687 1311 1729 ‘Iudicio
1329 1691 1538 1739 perpende,
1569 1693 1604 1729 et
1625 1692 1662 1729 si
1686 1691 1755 1730 tibi
1779 1703 1872 1730 vera

309 1749 501 1795 videntur,
525 1749 634 1788 Dede
658 1761 812 1795 manus,
844 1753 913 1788 aut
935 1751 971 1789 si
995 1750 1143 1798 falsum
1168 1752 1231 1795 est,
1261 1751 1456 1799 accmere
1481 1745 1644 1788 contra':
1668 1752 1872 1800 utramque

311 1811 364 1847 tot
379 1809 601 1848 nominibus
620 1809 868 1854 laudabilem,
893 1812 936 1847 ut
952 1810 1092 1854 neutri,
1116 1810 1152 1847 si
1170 1811 1213 1847 in
1232 1812 1423 1848 certamen
1440 1809 1524 1848 sola
1543 1810 1747 1848 commissa
1766 1813 1871 1855 esset,

305 1878 386 1906 non
410 1868 563 1907 concedi
580 1869 806 1917 praemium
822 1869 1022 1917 potuisset.
1048 1868 1231 1907 Eximiae
1255 1871 1418 1917 utraque
1442 1869 1659 1908 industriae
1683 1870 1786 1908 testis
1811 1881 1871 1908 ex-

306 1928 404 1966 stitit
433 1927 721 1976 indefessaeque
751 1928 934 1973 lectionis,
971 1928 1167 1966 doctrinae
1197 1929 1240 1966 in
1269 1928 1587 1967 reconditioribus
1625 1929 1761 1967 litteris
1793 1940 1872 1967 non

308 1986 496 2036 vulqaris,
521 1987 659 2025 iudicii
684 1987 737 2025 ad
755 1987 1000 2036 indaqwndos
1020 1998 1166 2025 errores
1184 1988 1349 2036 sayacis,
1375 1987 1428 2025 ad
1445 1999 1580 2026 verwm
1597 1988 1872 2026 inveniendum

306 2046 461 2094 feracis,
481 2045 534 2084 ad
552 2046 784 2084 credendum
794 2046 1015 2095 prudentis,
1033 2047 1123 2085 item
1142 2046 1351 2094 eleqantiae
1370 2058 1457 2085 cum
1474 2048 1518 2085 in
1537 2048 1754 2096 aryumenti
1772 2049 1870 2086 trac-

308 2105 450 2143 tatione
475 2107 556 2143 twm
579 2106 624 2143 in
648 2107 821 2144 oratione
845 2106 1085 2153 conspicuae,
1114 2117 1350 2154 quamquam
1375 2105 1574 2154 aliquanto
1600 2107 1715 2144 etiam
1738 2107 1871 2145 nitidi-

309 2165 389 2203 oris
413 2165 458 2203 in
473 2165 610 2213 priore
634 2176 752 2213 quam
781 2165 826 2203 in
857 2165 980 2203 altera
1010 2166 1226 2213 scriptione.
1258 2164 1397 2213 Itaque
1427 2177 1514 2203 cum
1544 2166 1744 2214 utriusque
1774 2177 1872 2204 com-

308 2224 457 2269 munis,
492 2225 529 2262 si
562 2224 776 2272 yeneratim
805 2223 1062 2263 iudicandum
1093 2226 1163 2268 est,
1201 2218 1316 2263 etiam
1349 2221 1526 2276 ἀκρίβεια
1562 2225 1634 2263 illa
1669 2226 1737 2269 sit,
1774 2237 1872 2273 quae

310 2283 505 2331 imprimis
530 2282 632 2322 decet
648 2283 900 2332 philoloqum,
926 2286 1100 2332 rectaque
1125 2284 1281 2322 omnino
1306 2295 1393 2322 cum
1411 2284 1560 2322 ratione
1579 2286 1614 2322 et
1631 2295 1676 2322 ex
1694 2286 1775 2322 arte
1794 2284 1872 2323 dis-

302 2341 475 2390 putandi
499 2343 728 2387 exercitatio,
753 2345 881 2381 tamen
906 2343 1007 2390 quod
1023 2342 1212 2391 plurimis
1239 2343 1283 2380 in
1313 2342 1417 2387 locis,
1449 2343 1503 2381 eis
1526 2344 1775 2391 potissimum
1805 2345 1873 2392 qui

310 2401 363 2439 ad
386 2401 544 2450 simyula
568 2402 789 2450 fracmenta
812 2403 896 2440 suis
921 2402 1128 2440 annalium
1151 2401 1263 2440 libris
1287 2401 1555 2440 distribuenda
1581 2404 1763 2450 spectant,
1794 2402 1872 2440 dis-

303 2471 424 2509 pares
450 2463 562 2508 atque
587 2460 682 2499 adeo
707 2462 925 2500 contrarias
949 2462 994 2499 in
1010 2463 1147 2509 partes
1171 2460 1436 2505 discesserunt,
1460 2472 1528 2499 nec
1548 2472 1627 2499 esse
1644 2462 1789 2499 mirum
1799 2473 1872 2510 po-

309 2521 391 2564 test,
414 2522 457 2557 ut
479 2520 524 2558 in
544 2531 682 2569 oenere
706 2520 807 2568 quod
830 2523 966 2568 suapte
989 2522 1136 2558 natura
1160 2520 1204 2558 in
1227 2520 1445 2558 coniectura
1461 2521 1635 2567 positum
1652 2531 1766 2568 saepe
1777 2532 1871 2569 pro-

311 2577 547 2617 babilitatem
564 2580 699 2628 potius
724 2579 924 2627 quandam
952 2581 1147 2627 sequatur,
1178 2591 1295 2627 quam
1324 2580 1544 2617 necessitate
1574 2580 1873 2628 arqumentamli

310 2639 480 2686 reyatur,
503 2649 572 2677 nec
597 2638 650 2677 ad
673 2639 802 2687 ipsam
825 2640 1022 2677 veritatem
1046 2638 1350 2686 consequendam
1366 2639 1652 2686 infructuosum
1670 2638 1871 2677 videbitur.

320 2697 380 2741 Ut,
405 2697 559 2744 quando
585 2697 676 2736 aliis
699 2698 743 2736 in
767 2697 859 2736 locis
884 2698 1047 2736 alteram
1071 2697 1194 2736 altera
1212 2698 1381 2746 propria
1399 2698 1537 2735 virtute
1555 2700 1724 2745 superat,
1748 2699 1792 2736 in
1810 2699 1872 2747 ip-

311 2767 378 2793 sas
401 2756 549 2794 litteras
572 2767 650 2794 non
667 2757 853 2804 paullum
873 2756 1053 2795 utilitatis
1071 2756 1382 2795 redundaturum
1401 2767 1479 2794 esse
1497 2756 1686 2801 videatur,
1710 2757 1746 2795 si
1764 2759 1871 2795 utra-

311 2816 383 2859 vis,
406 2815 503 2863 plus
534 2816 660 2860 etiam,
695 2816 732 2854 si
760 2818 924 2864 utraque
954 2817 1111 2863 scriptio
1141 2817 1185 2854 in
1208 2815 1411 2863 publicam
1440 2815 1562 2853 lucem
1585 2815 1763 2862 prodeat,
1794 2828 1872 2863 qua

312 2874 473 2922 diynam
491 2884 570 2912 esse
587 2876 789 2923 utramque
807 2885 1011 2914 censemus
1034 2874 1140 2923 Quae
1158 2887 1245 2912 cum
1263 2876 1319 2912 ita
1338 2876 1469 2919 essent,
1489 2874 1535 2911 dc
1546 2875 1725 2922 praemio
1744 2877 1873 2913 tamen

313 2933 490 2971 alterutri
512 2933 775 2976 adiudicando
799 2935 865 2973 vix
882 2944 997 2983 posse
1021 2934 1195 2972 dubitari
1219 2933 1312 2972 ordo
1336 2933 1530 2978 intellexit,
1547 2936 1756 2982 postquam
1781 2933 1871 2973 alte-
