2054 3282
336 174 418 214 120
1005 163 1204 199 scnch

1069 280 1137 316 VH

335 350 387 391 12
419 334 482 390 Eo
510 361 587 402 ego
620 344 790 401 ingenio
822 345 946 385 natus
973 357 1084 384 sum:
1117 340 1349 383 amicitiam
1380 343 1507 395 atque
1539 340 1807 383 inimicitiam
1839 342 1885 384 in

1175 411 1362 452 frontem
1393 414 1639 467 promptam
1664 426 1765 468 gero

1064 502 1148 537 VH]

335 572 388 613 13
421 570 512 619 Quo
538 582 651 610 nunc
676 568 837 609 incerta
861 580 905 607 re
931 568 1058 619 atque
1083 564 1250 606 inorata
1275 564 1453 620 gradum

419 639 654 696 Regredere
679 637 861 679 conare?

1082 721 1133 756 IX

334 787 386 830 15
418 787 484 830 Ita
509 786 652 842 magni
678 786 831 827 fluctus
857 783 1119 826 eiciebantur

1090 887 1123 921 X

334 955 386 997 16
813 949 981 1004 prolato
1009 963 1103 990 aere
1130 948 1268 990 astitit

448 1080 514 1115 VII
528 1080 599 1125 (12)
638 1078 778 1114 Gellius
792 1091 853 1112 X1x
868 1081 898 1120 8,
916 1081 936 1112 6
953 1076 1207 1124 ‘inimicitiam
1226 1078 1352 1112 autem
1366 1077 1406 1120 Q.
1422 1077 1564 1113 Ennius
1577 1077 1617 1113 in
1631 1078 1696 1113 illo
1709 1089 1889 1113 memora-

330 1134 472 1169 tissimo
491 1133 586 1167 libro
608 1132 702 1166 dixit
722 1142 806 1168 «eo»
827 1131 951 1175 inquit
971 1130 1144 1177 «ingenio
1167 1159 1173 1165 .
1191 1159 1196 1164 .
1219 1130 1424 1166 amicitiam
1450 1132 1563 1175 atque
1589 1131 1826 1167 inimicitiam
1851 1132 1890 1166 in

330 1189 448 1232 fronte
470 1189 482 1232 (
489 1187 683 1221 frontem
702 1197 796 1219 unus
810 1185 913 1220 Voss.
928 1184 1031 1230 min.)
1051 1185 1263 1229 promptam
1283 1185 1421 1230 gero».'
1544 1184 1688 1220 Nonius
1703 1198 1739 1230 p.
1756 1189 1833 1228 129,
1848 1189 1891 1219 25

333 1240 551 1275 ‘inimicitia
569 1250 720 1274 numero
742 1238 933 1284 singulari.
949 1237 1090 1272 Ennius
1111 1248 1172 1274 «eo
1191 1249 1254 1284 eqo
1274 1239 1374 1284 (ego
1394 1249 1464 1272 om.
1479 1238 1581 1274 Leid.
1595 1251 1642 1273 m.
1657 1240 1727 1284 pr.)
1740 1238 1891 1284 ingenio

332 1323 337 1328 .
353 1323 358 1328 .
376 1293 579 1328 amicitiam
594 1294 706 1336 atque
719 1291 958 1327 inimicitiam
972 1291 1200 1338 (amicitia
1218 1292 1346 1326 modo
1366 1291 1663 1327 inimicitiam
1676 1291 1889 1337 F101·.m.p1·.

331 1347 445 1392 Leid.)
466 1347 504 1380 in
517 1347 672 1390 frontem
693 1345 863 1391 (fronte
884 1345 1012 1390 deter.)
1031 1346 1217 1390 promtam
1236 1345 1375 1390 gero».’
1492 1345 1649 1380 Achillis
1668 1345 1781 1380 verba
1799 1345 1839 1379 Π.
1855 1358 1893 1379 1x

332 1404 398 1435 312
420 1400 554 1446 ἐχθρὸς
572 1398 642 1445 γάρ
669 1412 730 1444 μοι
756 1405 879 1439 κεῖνος
904 1398 1002 1443 ὁμῶς
1015 1396 1136 1434 Ἀίδαο
1156 1398 1326 1445 πύλῃσιν,
1348 1397 1388 1439 ὅς
1406 1397 1440 1445 χ’
1466 1398 1590 1443 ἕτερον
1610 1398 1676 1443 μὲν
1695 1399 1816 1446 κεύθῃ
1837 1398 1893 1434 ἐνὶ

332 1452 472 1498 φρεσίν,
487 1453 572 1488 ἄλλο
588 1452 629 1489 δὲ
650 1452 734 1500 εἴπῃ
749 1452 825 1487 iam
843 1452 1073 1487 Ribbeckius
1095 1452 1270 1496 contulit3
1290 1453 1386 1487 etex
1398 1452 1544 1487 Achille
1563 1451 1620 1487 vel
1633 1451 1779 1487 Achille
1791 1452 1892 1486 Aris-

330 1507 449 1542 tarchi
470 1507 586 1541 citata
605 1506 817 1551 fragmenta
835 1507 983 1540 tantum
995 1517 1069 1540 non
1089 1505 1214 1540 omnia
1228 1506 1276 1540 ad
1289 1503 1497 1552 Πρεσβείαν
1516 1505 1638 1540 redire
1657 1505 1892 1551 intelligitur.

448 1559 532 1595 VH]
551 1561 623 1605 (13)
661 1559 804 1594 Nonius
823 1571 858 1604 p.
877 1563 955 1602 166,
971 1562 1015 1593 22
1032 1559 1248 1605 ‘regredere
1267 1570 1448 1594 revocare.
1470 1559 1611 1594 Ennius
1631 1558 1776 1594 Achille
1796 1570 1892 1603 «quo

333 1643 338 1648 .
356 1642 362 1648 .
380 1642 385 1648 .
401 1614 547 1648 inorata
568 1614 762 1658 (morata
774 1612 902 1658 Wolf.)
925 1641 931 1647 .
949 1641 955 1646 .
971 1613 1156 1648 conare».’

447 1667 497 1701 IX
512 1667 583 1712 (15)
617 1666 742 1701 Cicero
762 1666 802 1700 in
815 1665 917 1701 Verr.
934 1667 1003 1701 act.
1019 1679 1046 1700 11
1064 1665 1128 1700 lib.
1144 1679 1157 1700 1
1178 1669 1232 1708 18,
1248 1669 1292 1701 46
1309 1666 1409 1700 ‘tum
1428 1666 1551 1701 subito
1571 1667 1813 1711 tempestates
1834 1676 1893 1701 co-

332 1722 434 1756 ortae
460 1721 546 1755 sunt
570 1720 765 1762 maximae,
785 1720 828 1754 ut
853 1731 927 1754 non
951 1719 1061 1754 modo
1086 1719 1282 1764 proficisci,
1309 1730 1392 1754 cum
1418 1721 1579 1765 cuperet,
1601 1719 1798 1755 Dolabella
1819 1732 1894 1756 non

331 1775 464 1819 posset,
481 1774 545 1809 sed
558 1773 619 1808 vix
631 1773 671 1808 in
684 1773 823 1818 oppido
838 1773 1073 1808 consisteret:
1094 1773 1150 1807 ita
1162 1772 1291 1818 magni
1303 1772 1437 1808 fluctus
1452 1773 1708 1808 eiciebantur.’
1725 1773 1783 1808 Ad
1798 1784 1893 1819 quae

332 1827 442 1862 schol.
459 1827 613 1862 Gronov.
627 1839 662 1872 p.
678 1830 758 1869 403,
776 1830 794 1861 7
810 1826 868 1861 Or.
887 1826 962 1861 ‘ita
977 1855 982 1861 .
1000 1855 1006 1860 .
1022 1826 1284 1862 eiiciebantur:
1299 1826 1469 1862 Enniano
1482 1826 1719 1862 hemistichio
1734 1839 1821 1862 usus
1836 1828 1892 1862 est

333 1891 377 1915 ex
396 1892 439 1915 ea
458 1880 655 1925 tragoedia
674 1891 770 1924 quae
789 1879 954 1915 Achilles
974 1879 1216 1915 inscribitur.’

449 1934 481 1968 X
501 1935 573 1979 (16)
612 1934 742 1969 Festus
761 1946 796 1979 p.
813 1937 893 1977 314,
909 1937 952 1967 22
973 1933 1040 1968 Th.
1063 1933 1247 1978 ‘«prolat0
1269 1943 1353 1968 aere
1373 1933 1517 1969 astitit»
1538 1933 1680 1968 Ennius
1701 1933 1836 1981 achille
1856 1934 1895 1968 in

334 1987 396 2031 (in
416 1987 596 2022 Achille
617 1987 794 2033 Scaliger)
808 1986 1015 2022 Aristarchi
1036 1998 1119 2022 cum
1136 1987 1191 2022 ait
1204 1986 1391 2032 significat
1405 1986 1524 2032 clipeo
1539 1988 1626 2022 ante
1640 1998 1679 2022 se
1692 1987 1891 2031 protento.'

333 2041 469 2075 Paulus
486 2040 651 2086 ‘prolato
672 2052 757 2076 aere
777 2041 878 2086 apud
898 2040 1060 2076 Ennium
1080 2040 1269 2086 significat
1287 2042 1391 2076 scuto
1412 2041 1499 2076 ante
1518 2051 1557 2076 se
1575 2041 1774 2086 p1·otento.’

455 2190 506 2226 12
533 2188 730 2228 Sententia
756 2192 790 2227 et
813 2190 935 2228 oratio
960 2189 1211 2237 inteyerrima
1236 2200 1335 2237 quae
1358 2189 1543 2228 mutando
1568 2200 1647 2227 non
1667 2191 1795 2237 potest
1817 2200 1896 2227 non

335 2248 564 2295 depravari:
589 2249 635 2287 de
654 2251 783 2293 metro,
810 2249 911 2296 quod
939 2260 1017 2286 esse
1035 2250 1321 2296 pentametrum
1349 2249 1583 2286 trochaicum
1600 2250 1709 2296 puto,
1736 2249 1819 2286 dixi·
1843 2249 1896 2287 ad
1954 2266 1961 2274 ·

334 2318 431 2345 seen.
453 2316 550 2353 13o;
575 2308 620 2346 de
645 2309 793 2357 dactylo
818 2309 935 2346 natus
962 2320 1051 2346 sum
1077 2308 1293 2346 amicitiam
1313 2308 1359 2355 cf.
1377 2316 1483 2353 300,·
1508 2308 1550 2344 in
1575 2307 1746 2345 frontem
1764 2320 1895 2356 prom-

334 2367 446 2415 ptam
459 2361 567 2418 (haee
587 2368 686 2405 enim
706 2361 1007 2420 coniunguntur)
1023 2379 1116 2418 gero
1136 2368 1277 2405 dicitnr
1295 2369 1339 2404 ut
1356 2367 1398 2403 in
1418 2367 1542 2404 aciem
1562 2368 1678 2411 stare,
1698 2366 1894 2404 stantibus

334 2426 376 2462 in
396 2426 519 2463 aciem
538 2427 643 2472 apud
661 2426 823 2465 Liviusm
839 2421 900 2479 (v1
922 2435 989 2475 39,
1005 2423 1052 2472 6,·
1071 2438 1168 2464 xxw
1187 2423 1224 2474 8,
1240 2420 1320 2479 18),
1341 2425 1383 2463 111
1400 2427 1572 2463 mentem
1591 2437 1685 2470 esse,
1705 2427 1746 2463 in
1765 2427 1895 2475 potes-

334 2484 459 2522 tatem
483 2484 566 2522 fore
592 2486 698 2532 apud
719 2486 907 2524 Plautum
933 2488 967 2524 et
993 2484 1211 2524 Ciceronem
1232 2479 1297 2537 (ef.
1321 2483 1470 2523 Gellius
1491 2497 1506 2521 1
1529 2492 1565 2532 7,
1582 2482 1631 2521 16
1652 2479 1749 2536 sq.);
1773 2485 1819 2522 de
1845 2485 1895 2522 lo-

335 2544 477 2591 quendi
500 2544 611 2580 modo
637 2544 683 2591 cf.
707 2542 826 2592 Apul.
850 2545 949 2592 apol.
972 2554 1028 2591 40
1049 2557 1092 2592 p.
1116 2552 1182 2591 51,
1197 2552 1217 2592 7
1241 2544 1312 2581 Kr.
1338 2543 1537 2582 hominem
1562 2543 1730 2581 liberum
1756 2543 1894 2581 debere

335 2603 376 2640 in
401 2602 566 2652 primori
591 2602 719 2641 fronte
745 2604 920 2641 animum
945 2605 1121 2654 gestare,·
1144 2602 1220 2642 Cic.
1237 2603 1348 2641 Lael.
1369 2600 1432 2651 18,
1447 2600 1499 2649 65
1522 2603 1656 2652 aperte
1679 2602 1742 2640 vel
1768 2602 1895 2640 odisse

336 2662 462 2712 magis
481 2661 643 2712 ingenui
662 2663 720 2700 est
740 2676 859 2711 quam
877 2663 1006 2701 fronte
1026 2663 1222 2701 occultare
1242 2662 1500 2707 sententiam;
1511 2673 1587 2709 pro
1607 2661 1742 2699 Plane.
1765 2671 1827 2709 14,
1840 2670 1894 2708 34

338 2721 443 2770 quod
463 2721 658 2759 sentiebat
683 2722 721 2758 et
745 2722 859 2760 vultu
884 2723 1111 2771 promptum
1135 2721 1276 2759 habuit
1301 2723 1340 2759 et
1364 2722 1501 2771 lingua
1509 2730 1522 2766 ,·
1542 2720 1695 2758 anret.
1716 2732 1758 2758 1v
1780 2728 1831 2767 97
1854 2721 1895 2757 in

336 2782 523 2830 promptu
543 2781 729 2830 quoniam
749 2782 808 2819 est
825 2781 867 2818 in
886 2781 1015 2829 prima
1034 2781 1163 2819 fronte
1182 2781 1313 2819 locata
1321 2794 1334 2826 ,·
1355 2781 1402 2827 cf.
1419 2780 1509 2818 ibid.
1527 2787 1548 2826 7
1561 2788 1575 2814 1
1710 2780 1763 2816 13
1784 2780 1895 2829 igno-

336 2841 426 2877 rata
441 2839 644 2878 Turnebus
655 2853 668 2885 ‚·
687 2840 734 2887 cf.
753 2838 828 2878 Oie.
839 2851 916 2888 pro
935 2840 1046 2878 Rose.
1060 2838 1149 2878 Am.
1166 2850 1204 2888 9,
1222 2838 1273 2876 26
1294 2852 1337 2877 re
1356 2840 1513 2877 inorata
1531 2839 1777 2876 reverterunt

340 2899 392 2937 16
424 2910 512 2936 cum
530 2899 704 2948 proiecto
724 2911 818 2949 prae
843 2911 883 2937 se
907 2899 1031 2948 clipeo
1052 2900 1176 2939 staret
1193 2898 1337 2938 Livius
1355 2910 1469 2936 xxxn
1491 2905 1556 2946 25,
1570 2906 1642 2943 10,·
1669 2898 1779 2936 scuto
1804 2909 1894 2947 pro-
