2004 3278
706 165 966 200 ANNALIUM
992 165 1079 200 LIB.
1101 166 1117 200 I
1668 167 1695 208 5

870 283 955 318 XIII

135 345 187 386 17
222 344 328 388 Cum
359 347 477 387 veter
508 344 708 387 occubuit
738 344 932 387 Priamus
965 345 1043 388 sub
1075 345 1212 388 Marte
1243 345 1423 401 Pelasgo

870 449 956 484 XIV

135 510 186 552 18
219 510 467 566 Doctusque
499 509 791 565 Anchisesque
822 510 968 552 Venus
1001 525 1127 565 quem
1159 510 1337 566 pulchra
1369 510 1542 552 dearum

218 581 317 624 Fari
349 582 535 636 donavit,
567 581 759 623 divinum
790 583 939 636 pectus
971 581 1127 623 habere

876 684 944 720 XV

130 748 188 789 20
222 748 329 790 Tum
359 747 447 789 face
476 761 576 789 vero
610 746 725 801 quod
755 749 898 788 tecum
929 746 1125 801 precibus
1157 749 1279 801 pater
1310 749 1404 789 orat

246 881 332 916 XIII
352 883 424 927 (17)
467 881 679 916 Priscianus
699 894 741 915 111
761 893 795 925 p.
815 884 870 923 97,
887 884 907 914 8
922 880 965 914 Η.
991 881 1228 916 ‘veterrimus
1249 881 1356 926 quasi
1371 892 1393 915 a
1407 882 1508 916 veter
1520 881 1691 927 positivo,

128 935 226 980 quod
248 934 358 980 Capri
384 946 532 980 quoque
559 934 745 979 approbat
771 933 972 969 auctoritas
1000 935 1038 969 et
1062 946 1149 969 usus
1170 934 1523 979 antiquissimorum.
1551 935 1692 970 Ennius

128 1023 234 1048 «cum
247 1013 348 1047 veter
361 1013 474 1058 (uter
492 1011 606 1046 Paris.
622 1011 663 1057 P)
681 1040 686 1045 .
704 1039 710 1046 .
728 1039 734 1045 .
749 1011 906 1057 Pelasgo
928 989 1126 1056 (pelang
1146 1011 1252 1046 Bern.
1268 1011 1491 1057 phelargo
1506 1012 1689 1057 Lugd.)».’

126 1066 195 1099 Ars
216 1076 323 1100 anon.
339 1066 444 1100 Bern.
460 1065 603 1110 Hagen.
619 1065 747 1099 anecd.
763 1064 866 1099 Helv.
887 1077 922 1109 p.
939 1067 995 1107 81,
1013 1068 1030 1098 1
1055 1066 1173 1100 ‘vetus
1194 1064 1328 1099 veteris
1347 1065 1563 1099 veterrimus
1584 1065 1692 1110 quasi

127 1130 149 1153 a
168 1120 269 1154 veter
286 1119 457 1164 positivo.
484 1118 625 1152 Ennius
647 1129 753 1154 «cum
775 1146 780 1152 .
798 1146 803 1152 .
822 1117 1041 1163 .pelasco».'
1159 1117 1377 1152 Aldhelmus
1398 1118 1504 1163 epist.
1521 1118 1569 1152 ad
1588 1117 1692 1153 Acir-

126 1172 225 1207 cium
242 1185 277 1217 p.
298 1175 366 1206 310
387 1172 496 1207 Giles.
527 1171 801 1216 ‘antiquissimi
820 1183 894 1206 non
914 1172 1018 1206 vetus
1039 1171 1103 1206 sed
1123 1172 1234 1213 veter,
1261 1172 1304 1205 ut
1328 1170 1470 1205 Ennius
1495 1182 1601 1208 «cum
1624 1200 1629 1205 .
1653 1200 1659 1205 .
1683 1199 1689 1204 .

126 1225 333 1271 Pelasgo».’

243 1278 329 1313 XIV
349 1280 420 1324 (18)
464 1278 606 1313 Probus
620 1278 776 1323 inVerg.
794 1277 859 1312 ecl.
877 1282 907 1320 6,
924 1281 966 1312 31
988 1290 1022 1322 p.
1041 1281 1094 1320 14,
1111 1281 1131 1311 2
1146 1277 1239 1312 Keil.
1265 1278 1350 1312 ‘cur
1363 1277 1417 1311 ibi
1432 1277 1534 1323 (Aen.
1550 1290 1587 1312 v1
1609 1278 1689 1322 724)

124 1332 312 1367 Anchisen
331 1331 425 1367 facit
439 1332 694 1377 disputantem
708 1331 808 1376 quod
827 1331 889 1365 1110
907 1330 1071 1366 Silenum
1086 1331 1207 1373 deum,
1222 1330 1294 1365 nisi
1309 1331 1408 1376 quod
1422 1332 1535 1376 poeta
1548 1330 1690 1365 Ennius

124 1385 311 1420 Anchisen
337 1385 486 1431 augurii
513 1395 556 1419 ac
580 1396 647 1429 per
665 1384 735 1419 hoc
755 1384 872 1418 divini
893 1384 1073 1428 quiddam
1092 1383 1268 1418 habuisse
1287 1384 1493 1429 praesumit
1512 1384 1564 1418 sic
1585 1384 1690 1420 «doc-

125 1443 251 1483 tusque
264 1439 507 1482 Anchisesque
520 1437 562 1472 V.
579 1450 612 1482 q.
623 1438 781 1482 pulchra
800 1437 951 1472 dearum
969 1438 1048 1481 fari
1067 1437 1229 1480 donavit,
1243 1437 1277 1471 d.
1292 1449 1327 1482 p.
1343 1438 1504 1472 habere».
1526 1437 1689 1472 Naevius

124 1491 214 1526 belli
234 1491 366 1526 Punici
391 1490 487 1525 libro
513 1490 623 1525 tertio
651 1491 703 1525 sic
730 1492 951 1535 «postquam
977 1501 1082 1525 avem
1102 1490 1248 1535 aspexit
1266 1490 1304 1525 in
1324 1490 1464 1536 templo
1484 1490 1686 1526 Anchisa»'

125 1556 198 1590 eqs.
316 1544 434 1579 Schol.
450 1544 582 1579 Veron.
605 1543 643 1578 in
663 1544 752 1578 Aen.
775 1557 802 1577 11
829 1546 896 1578 687
921 1556 956 1588 p.
980 1546 1024 1578 90
1049 1543 1143 1578 Keil.
1165 1557 1192 1577 11
1211 1556 1246 1588 p.
1271 1547 1314 1577 10
1334 1544 1475 1578 Hei-rm.
1507 1544 1690 1588 ‘peritum

123 1597 324 1632 multarum
350 1596 633 1642 disciplinarum
658 1597 846 1632 Anchisen
871 1596 986 1632 fuisse
1007 1618 1050 1622 —
1064 1619 1105 1622 -
1122 1598 1226 1631 ssunt
1244 1596 1434 1642 Naev(ius)
1450 1618 1492 1622 —
1516 1598 1520 1642 Ι
1544 1597 1608 1642 qui
1634 1597 1689 1632 ita

124 1651 170 1686 de
196 1662 238 1686 eo
268 1650 323 1685 ait
348 1651 496 1686 «doctus
521 1651 685 1686 Anchisa
703 1650 746 1685 V.
774 1663 807 1695 q.
830 1651 1078 1695 pulcherrima
1103 1651 1170 1685 diu
1199 1650 1375 1695 (diuum
1409 1650 1531 1684 Maius
1567 1650 1689 1684 dium

123 1704 397 1749 Fleckeisenus)
423 1704 506 1748 fata
531 1704 631 1739 docet
659 1703 761 1749 (fari
791 1704 874 1738 add.
902 1704 1147 1749 Bernaysius3
1178 1703 1297 1749 possis
1326 1703 1430 1738 Fari
1459 1703 1557 1738 fata
1585 1704 1618 1737 d.
1646 1705 1690 1738 ut

122 1757 141 1791 f
149 1757 238 1792 atis
258 1757 411 1791 fandis
432 1768 526 1792 scen.
543 1760 606 1801 583
626 1757 690 1792 sed
704 1758 876 1792 neutrum
889 1757 1007 1792 voluit
1020 1757 1084 1802 qui
1098 1757 1192 1791 illud
1207 1757 1371 1802 scripsit:
1393 1756 1437 1792 cf.
1451 1756 1540 1792 Aen.
1554 1770 1605 1791 xn
1620 1760 1685 1791 111

122 1810 141 1844 f
146 1812 221 1845 ata
246 1811 410 1845 docens
436 1811 474 1845 et
491 1823 528 1845 VI
550 1811 630 1856 759)
651 1810 818 1845 divinum
838 1815 879 1845 ut
902 1823 937 1855 p.
958 1811 1150 1846 haberet»)
1274 1810 1454 1855 Cynthius
1475 1810 1688 1845 Genetensis

123 1864 162 1898 in
181 1864 270 1898 Aen.
286 1877 313 1898 11
334 1866 401 1898 687
423 1863 477 1909 (Α.
493 1863 570 1898 Mai
591 1863 694 1898 class.
718 1865 813 1898 auct.
834 1877 886 1899 v11
905 1876 939 1909 p.
957 1867 1024 1899 386
1044 1877 1078 1909 p.
1096 1868 1139 1898 59
1155 1865 1210 1899 ed.
1227 1864 1354 1909 Dozio)
1378 1863 1571 1898 ‘Anchises
1584 1865 1687 1898 vates

122 1917 196 1952 fuit
227 1918 429 1962 auctorque
462 1917 666 1952 divinandi.
699 1917 841 1952 Ennius
868 1918 1085 1962 «doctusque
1110 1918 1286 1953 Anchises
1311 1918 1432 1953 venis»
1460 1918 1498 1952 et
1524 1916 1686 1951 Naevius

122 1970 213 2005 belli
232 1970 364 2005 Punici
389 1970 452 2004 lib.
475 1983 517 2005 111
543 1970 705 2015 «templo
726 1970 939 2006 Anchisa»)
1064 1970 1115 2005 Cf.
1137 1970 1248 2005 Marii
1267 1970 1381 2005 Plotii
1402 1970 1611 2005 Sacerdotis
1638 1970 1686 2004 ad

123 2037 262 2058 xxxvm
283 2023 481 2068 adscripta.

240 2076 307 2111 XV
327 2078 398 2121 (20)
436 2077 566 2111 Festus
587 2087 631 2111 ex
650 2087 776 2122 apogr.
797 2076 820 2110 l.
836 2089 897 2110 x1v
916 2089 950 2121 p.
968 2079 1045 2119 234,
1062 2079 1105 2110 27
1121 2076 1186 2110 Τ11.
1211 2076 1335 2111 ‘orare
1355 2075 1528 2121 antiquos
1549 2076 1685 2111 dixisse

122 2140 188 2174 pro
209 2140 319 2174 agere
340 2129 397 2173 (cf.
418 2142 453 2174 p.
471 2133 549 2172 202,
567 2133 609 2163 12
624 2129 705 2174 Τ11.)
725 2129 938 2164 testimonio
959 2130 1045 2163 sunt
1066 2129 1165 2174 quod
1192 2130 1230 2163 et
1254 2130 1417 2163 oratores
1437 2130 1686 2174 (causarum

123 2183 300 2217 actores
320 2193 364 2216 ex
383 2181 499 2216 Paulo
520 2182 746 2227 addendum)
767 2183 805 2217 et
824 2181 888 2226 qui
907 2193 1005 2216 nunc
1025 2182 1177 2226 quidem
1189 2181 1307 2227 legati
1320 2183 1409 2217 tunc
1422 2193 1507 2217 vero
1522 2183 1684 2217 oratores

244 2307 308 2344 18.
338 2307 390 2343 19
424 2304 463 2343 Α
492 2304 653 2355 Cynthio
687 2307 722 2344 si
754 2306 974 2344 discesseris
1004 2307 1070 2344 vix
1100 2306 1215 2354 diyno
1248 2307 1315 2354 qm·
1349 2307 1551 2353 afferatur,
1584 2307 1685 2346 duas

84 2416 86 2419 y
123 2377 203 2404 esse
226 2366 375 2413 formas
400 2366 566 2403 traditas
591 2367 764 2413 apparet,
791 2377 890 2412 quae
913 2376 992 2403 non
1015 2366 1233 2403 miscendae
1256 2366 1356 2403 inter
1374 2377 1426 2410 se,
1446 2366 1548 2413 quod
1567 2366 1685 2404 doctis

115 2424 278 2472 placuit,
293 2425 359 2463 sed
375 2425 635 2472 seyreyandae
649 2427 757 2462 swnt:
777 2436 795 2462 e
808 2425 947 2472 quibus
964 2435 1048 2462 eam
1064 2436 1162 2472 quae
1174 2425 1293 2462 Probi
1313 2427 1367 2463 est
1383 2425 1426 2462 in
1445 2427 1547 2463 textu
1552 2426 1683 2473 posui,

122 2495 200 2521 non
219 2484 320 2531 quod
338 2484 537 2522 vindicare
556 2486 672 2521 totam
683 2494 849 2530 possem,
864 2483 931 2521 sed
950 2484 1043 2530 quia
1063 2494 1107 2521 ex
1127 2495 1171 2521 ea
1188 2484 1351 2522 alteram
1369 2485 1452 2522 suis
1467 2485 1684 2522 rationibus

124 2542 291 2589 effictam
311 2554 390 2580 esse
409 2554 612 2590 aynoscere
631 2543 771 2580 videor.
798 2541 940 2589 Confer
954 2541 1141 2580 Saturnia
1157 2544 1294 2581 sancta
1307 2542 1480 2587 dearum,
1497 2542 1683 2581 Saturnia

122 2614 267 2651 magna
292 2600 453 2639 dearum
479 2613 570 2639 anm.
593 2598 658 2647 64.
681 2610 759 2647 491
774 2614 788 2646 ,·
814 2601 878 2638 dia
904 2601 1066 2639 dearum
1091 2596 1176 2654 (δῖα
1201 2596 1355 2655 θεάων)
1378 2614 1470 2640 ann.
1494 2611 1560 2645 22,
1582 2604 1615 2639 et
1639 2613 1683 2639 ex

123 2661 246 2698 altera
253 2663 369 2707 parte
382 2660 559 2698 divinare
573 2660 718 2698 etenim
731 2672 897 2709 magnus
910 2660 1006 2697 mihi
1020 2660 1141 2698 donat
1153 2660 1298 2710 Apollo
1310 2655 1426 2714 (Hor.
1440 2663 1511 2699 sat.
1525 2673 1556 2697 11
1571 2668 1610 2710 5,
1623 2658 1678 2695 60

124 2719 172 2766 cf.
194 2719 332 2756 Tibull.
353 2731 399 2756 111
419 2729 458 2767 4,
473 2713 549 2771 48)
567 2722 600 2757 et
620 2731 805 2767 armaque
824 2718 953 2757 Lauso
974 2719 1095 2758 donat
1113 2720 1256 2758 habere
1271 2714 1388 2773 (Aen.
1403 2732 1429 2756 x
1446 2727 1522 2766 701
1543 2731 1569 2757 v
1586 2715 1681 2766 262,

123 2778 170 2824 cf.
191 2790 233 2815 lx
255 2772 357 2830 360)
434 2779 489 2816 20
513 2779 614 2815 Tum
634 2778 770 2815 addidi
789 2778 849 2814 Tu
867 2779 952 2815 face
972 2791 1063 2816 vero
1077 2777 1126 2816 A.
1141 2777 1397 2827 Auyustinus.
1427 2777 1484 2824 Cf.
1504 2776 1681 2816 Catullus

125 2833 192 2884 64,
214 2845 234 2871 2
243 2846 265 2883 3
277 2846 290 2871 1
323 2838 408 2875 tum
427 2849 519 2875 vero
539 2837 659 2875 facito
685 2838 730 2874 ut
754 2837 917 2875 memori
942 2837 1016 2875 tibi
1042 2837 1155 2876 corde
1173 2838 1270 2876 haec
1288 2838 1451 2886 vigeant
1469 2835 1658 2874 mandata
1666 2846 1680 2882 ,·

122 2893 219 2933 Aen.
234 2908 292 2932 xn
306 2893 389 2943 438
403 2897 450 2934 tu
467 2896 588 2934 facito
607 2908 719 2933 mox.
735 2896 811 2934 .sis
830 2909 988 2935 memor.
1007 2896 1072 2935 Sic
1084 2897 1243 2935 Ennius
1261 2898 1346 2936 tum
1365 2896 1449 2935 face
1469 2907 1560 2933 vero
1576 2894 1679 2946 quod
