2004 3278
262 236 369 272 CLVI
769 204 816 269 II:
840 234 905 269 DE
924 232 1079 270 LIBRIS
1097 233 1331 270 ENNIANIS

262 349 371 387 dium
396 349 526 398 poesis
545 348 747 386 Romanae
772 346 1089 386 introducentem
1108 341 1332 399 (Petropoli
1354 342 1487 402 1884)
1512 361 1549 398 p.
1573 350 1656 387 127
1683 350 1724 387 et
1741 362 1826 387 rur-

262 420 327 446 sus
352 421 389 456 p.
414 407 495 444 148
506 401 546 459 *)
573 408 712 444 narrat
737 406 922 455 Ennium,
947 407 993 444 ut
1017 407 1360 457 septingentorum
1385 419 1579 447 annorum
1603 409 1709 447 ratio
1735 420 1826 447 con-

261 468 402 514 staret,
435 464 691 516 Carthaginis
723 467 763 503 et
792 465 943 504 Romae
974 467 1106 504 ortum
1137 466 1265 504 eidem
1296 466 1551 516 adscripsisse
1583 479 1687 506 anno
1725 468 1826 506 teste

262 526 442 573 Timaeo,
481 526 549 575 qui
585 518 691 575 quod
722 525 890 563 duarum
921 525 1079 563 urbium
1112 538 1259 563 annum
1291 526 1467 564 natalem
1499 527 1584 565 814
1615 527 1826 577 posuisset,

261 585 434 623 Ennium
466 585 653 623 maluisse
685 597 833 623 annum
866 585 935 634 qui
959 585 1080 636 vulgo
1108 583 1362 636 Carthaginis
1387 585 1578 624 fundatae
1604 586 1827 624 crederetur

262 645 346 682 880
373 645 579 694 utriusque
604 643 713 682 urbis
739 656 832 682 esse.

378 703 487 742 Haec
520 703 569 742 ab
601 704 672 742 illo
697 704 841 742 leviter
866 703 1078 742 admodum
1103 704 1211 741 iacta
1237 703 1392 742 erudita
1418 704 1628 756 diligentia
1655 704 1826 743 Conradi

260 763 438 802 Trieberi
476 763 699 802 accuratius
734 765 942 813 persecuta
980 764 1039 801 est
1076 757 1229 815 (Herm.
1255 775 1369 802 xxvn
1401 764 1513 802 1892
1546 777 1584 813 p.
1609 765 1686 803 321
1708 759 1824 817 sqq.).

261 822 338 868 Qui
362 824 536 872 primum
561 824 704 861 testem
729 823 845 861 affert
863 823 1031 861 Romam
1052 820 1286 874 Carthagini
1312 823 1518 872 aequalem
1543 823 1723 862 habitam
1742 836 1826 863 esse

258 883 515 932 interpretem
536 881 729 921 Graecum
753 883 796 920 in
822 882 1026 931 Euripidis
1053 881 1226 920 Troades
1245 895 1282 921 v.
1305 883 1386 920 221
1415 879 1516 929 τινές
1541 893 1638 932 φασι
1662 880 1728 921 καὶ
1752 881 1825 932 τὴν

253 938 404 992 Ῥώμην
428 939 495 979 καὶ
520 939 592 991 τὴν
618 940 855 993 Καρχηδόνα
880 938 957 980 ἀπὸ
983 946 1052 991 τῆς
1077 940 1233 992 πρώτης
1252 938 1493 992 ὀλυμπιάδος
1511 944 1737 992 κτισθῆναι,
1756 942 1825 980 ubi

258 998 322 1039 ἐπὶ
353 1000 493 1039 scribit
516 1013 588 1050 pro
623 998 700 1039 ἀπὸ
733 1013 821 1039 cum
847 1000 1070 1048 Dindorfio,
1100 998 1175 1051 πρὸ
1203 1000 1467 1039 Schwartzius
1500 995 1609 1054 (vide
1640 1002 1746 1040 infra
1777 1002 1824 1040 de

259 1054 461 1112 Timae0)3
479 1060 585 1098 idem
603 1060 645 1098 in
665 1060 934 1110 olympiadem
946 1060 1118 1110 primam
1132 1060 1268 1098 cadere
1283 1062 1415 1098 ortum
1428 1061 1577 1099 Romae
1591 1061 1712 1099 etiam
1725 1060 1823 1099 Por-

258 1120 393 1169 phyrii
403 1120 631 1158 testimonio
646 1119 888 1169 comprobat,
902 1132 1019 1169 quem
1033 1121 1136 1157 recte
1151 1120 1355 1169 scripsisse
1370 1120 1484 1158 docet
1496 1116 1573 1158 ἀπὸ
1586 1124 1656 1169 τῆς
1668 1119 1825 1170 πρώτης

259 1176 500 1229 ὀλυμπιάδος
519 1174 611 1217 καθ’
633 1175 885 1228 ἣνῬωμύλος
898 1175 1050 1229 Ῥώμην
1064 1178 1188 1225 κτίζει.
1208 1179 1312 1217 Nam
1331 1179 1514 1217 Timaeus
1532 1179 1716 1228 aequales
1738 1180 1823 1229 qui-

259 1238 347 1276 dem
373 1238 471 1276 duas
496 1238 612 1276 urbes
639 1238 707 1276 sed
733 1239 812 1277 alio
840 1251 943 1277 anno
968 1240 1083 1276 natas
1109 1238 1246 1286 tradit,
1275 1239 1322 1276 de
1349 1251 1426 1288 quo
1452 1238 1669 1287 Dionysius
1694 1238 1823 1277 Halic.

258 1310 272 1335 1
295 1297 361 1346 74,
382 1298 403 1335 1
431 1298 529 1336 haec
554 1297 694 1336 scribit
718 1295 786 1336 τὸν
813 1294 854 1336 δὲ
879 1299 1097 1336 τελευταῖον
1123 1303 1191 1348 τῆς
1212 1293 1360 1348 Ῥώμης
1386 1295 1565 1348 οἰκισμὸν
1588 1294 1618 1348 ἢ
1639 1297 1765 1336 κτίσιν
1784 1327 1793 1336 .
1815 1329 1823 1336 .

261 1355 423 1407 Τίμαιος
450 1353 470 1395 ὅ
497 1355 735 1407 Σικελιώτης
760 1355 833 1395 οὐκ
860 1351 936 1395 οἶδ’
966 1355 1040 1412 ὅτῳ
1066 1355 1205 1395 κανόνι
1229 1356 1472 1408 χρησάμενος
1497 1355 1579 1408 ἅμα
1598 1355 1825 1408 Καρχηδόνι

258 1413 462 1470 κτιζομένῃ
488 1413 673 1467 γενέσθαι
699 1414 824 1466 φησὶν
850 1413 976 1471 ὀγδόῳ
1001 1414 1067 1454 καὶ
1092 1416 1304 1470 τριακοστῷ
1329 1414 1518 1468 πρότερον
1538 1414 1612 1454 ἔτει
1630 1420 1699 1467 τῆς
1717 1415 1823 1468 πρώ-

258 1489 328 1525 της
353 1471 606 1525 ὀλυμπιάδος.
639 1475 813 1514 Ennium
838 1476 975 1527 igitur,
1002 1488 1118 1525 quem
1143 1475 1322 1514 videmus
1348 1488 1474 1526 neque
1500 1475 1551 1514 ad
1575 1475 1730 1514 Timaei
1755 1488 1823 1515 an-

258 1548 354 1572 num
378 1547 505 1584 neque
531 1534 582 1572 ad
607 1534 876 1584 olympiadem
894 1535 1066 1584 primam
1084 1535 1122 1572 h.
1143 1547 1173 1573 e.
1195 1548 1343 1573 annum
1365 1536 1447 1573 776
1469 1547 1552 1574 sese
1572 1535 1824 1585 applicuisse,

259 1593 467 1632 Trieberus
500 1595 653 1632 censuit
684 1607 708 1632 a
740 1592 895 1633 Ctesiae
922 1607 1015 1632 aera
1046 1594 1279 1644 profectum,
1311 1596 1381 1644 qui
1400 1607 1433 1633 a.
1456 1595 1540 1633 883
1563 1595 1823 1645 imperiorum

258 1653 395 1691 mundi
425 1654 711 1692 intereuntium
742 1655 782 1691 et
812 1654 1059 1692 nascentium
1089 1654 1302 1691 terminum
1328 1666 1411 1693 esse
1439 1655 1636 1692 statuerit.
1670 1654 1756 1700 Qua
1780 1667 1822 1692 re

259 1725 352 1751 sane
378 1713 481 1751 ratio
508 1714 676 1760 constat,
708 1724 797 1751 cum
819 1725 843 1751 a
869 1711 1024 1751 Ctesiae
1049 1725 1152 1751 anno
1180 1713 1264 1751 883
1297 1710 1348 1751 ad
1373 1713 1494 1751 Ennii
1520 1715 1693 1752 aetatem
1717 1714 1822 1752 circa

260 1772 346 1810 580
372 1784 406 1810 a.
433 1785 470 1809 u.
495 1772 533 1809 h.
560 1784 591 1810 e.
621 1772 704 1810 174
731 1784 766 1810 a.
794 1771 882 1810 Chr.
910 1769 1168 1823 ‘septingenti
1198 1772 1319 1821 paulo
1344 1773 1433 1822 plus
1460 1773 1530 1810 aut
1554 1773 1684 1810 minus
1710 1770 1820 1811 anni'

258 1830 492 1870 efficiantur.
516 1830 581 1869 Ita
604 1844 698 1870 vero
723 1843 802 1870 non
826 1831 1068 1882 intelligitur
1093 1844 1163 1869 cur
1181 1831 1333 1870 Ennius
1358 1831 1515 1870 dicatur
1533 1831 1739 1870 Timaeum
1764 1844 1821 1871 se-

259 1892 373 1929 cutus
406 1902 488 1929 esse
520 1891 560 1928 et
590 1891 751 1929 omnino
785 1890 880 1940 quid
909 1891 961 1929 sit
987 1891 1092 1941 quod
1117 1891 1291 1928 Ennium
1315 1891 1516 1929 voluerint
1539 1891 1648 1930 urbis
1673 1891 1822 1931 Romae

257 1950 457 1999 principia
483 1949 533 1988 ad
560 1948 813 2001 Carthaginis
834 1951 966 1988 ortum
990 1950 1316 1989 accommodasse.
1345 1949 1471 1998 Certe,
1496 1952 1541 1988 ut
1566 1951 1666 1989 nihil
1692 1951 1821 1990 dicam

258 2009 305 2047 de
326 2009 501 2056 Timaeo,
527 2010 596 2058 qui
614 2010 656 2047 in
674 2010 749 2048 hac
768 2023 810 2048 re
830 2021 901 2048 nos
920 2010 1020 2048 nihil
1038 2010 1163 2057 iuvat,
1189 2009 1533 2061 chronographum
1552 2011 1683 2049 nescio
1705 2023 1821 2060 quem

258 2068 463 2116 Graecum,
489 2081 567 2117 quo
593 2068 767 2107 Ennium
793 2070 953 2107 auctore
978 2081 1093 2108 usum
1118 2081 1202 2107 esse
1226 2068 1393 2120 fingunt,
1422 2069 1517 2118 quid
1541 2069 1710 2118 impedit
1740 2082 1820 2109 cre-

258 2128 348 2166 dere
375 2126 530 2166 Ctesiae
559 2140 693 2166 aeram
724 2130 902 2167 secutum
934 2141 1017 2167 esse
1044 2127 1296 2179 Carthaginis
1328 2130 1483 2167 ratione
1514 2129 1625 2167 nulla
1655 2128 1820 2168 habita?

260 2186 325 2225 Sic
349 2186 447 2236 ipsis
467 2187 643 2225 Trieberi
668 2187 903 2236 rationibus,
930 2200 1046 2237 quem
1065 2200 1144 2226 non
1162 2187 1293 2226 nescio
1314 2187 1362 2226 ab
1381 2188 1427 2226 Ε.
1448 2187 1689 2227 Schwartzio
1709 2188 1820 2227 edoc-

258 2248 324 2284 tus
341 2245 389 2284 de
404 2245 535 2285 Ctesia
549 2259 679 2285 errare
694 2259 782 2285 cum
795 2247 927 2297 vulgo,
946 2246 1139 2296 putabam
1152 2247 1333 2285 Muelleri
1347 2247 1573 2297 opinionem
1587 2247 1748 2286 Timaeo
1755 2242 1818 2301 **)

258 2305 434 2344 innixam
467 2305 607 2344 refelli.
647 2305 724 2345 Sed
755 2306 806 2344 ad
836 2306 1011 2344 Ennium
1048 2306 1154 2356 quod
1191 2305 1337 2344 attinet
1372 2319 1421 2345 ne
1458 2307 1622 2356 reliquis
1660 2306 1820 2356 quidem

259 2364 434 2404 Trieberi
459 2365 657 2404 dubitatio
683 2367 890 2415 consopita
915 2367 985 2404 est.
1016 2365 1369 2417 Chronographum
1401 2367 1505 2404 enim
1536 2366 1670 2414 istum,
1702 2379 1820 2416 quem

258 2424 380 2462 Ennii
399 2437 482 2463 esse
502 2426 704 2464 auctorem
726 2425 865 2473 voluit,
892 2425 1035 2463 Troiae
1054 2425 1261 2472 excidium,
1286 2438 1539 2463 numerorum
1558 2425 1711 2464 scilicet
1729 2437 1819 2464 con-

376 2537 406 2581 *)
431 2536 470 2571 P.
494 2540 560 2572 127
587 2538 675 2582 Auf
698 2538 759 2574 des
792 2538 1004 2573 Timaeus..
1038 2537 1144 2573 Werk
1175 2538 1260 2572 aber
1291 2538 1429 2573 Italien
1459 2537 1538 2572 und
1568 2537 1717 2573 Sicilien
1748 2537 1818 2582 (als

259 2583 390 2625 Quelle
408 2584 468 2618 fiir
480 2584 636 2629 Ennius)
656 2587 755 2621 weist
772 2585 1005 2621 vermuthlich
1023 2585 1082 2620 die
1100 2585 1307 2628 ssat-sache,
1327 2584 1412 2620 dass
1430 2596 1478 2628 er,
1497 2586 1563 2620 wie
1581 2585 1644 2620 der
1660 2584 1819 2627 Grieche,

260 2632 371 2667 Rome
401 2632 480 2666 und
510 2633 722 2678 Karthayos
748 2632 959 2678 Granduny
988 2633 1029 2666 in
1059 2632 1218 2668 dasselbe
1246 2632 1342 2668 Jahr
1370 2632 1509 2677 verleyt.
1542 2632 1704 2667 Freilich
1733 2637 1821 2669 setzt

263 2679 431 2714 Timaeus
449 2679 507 2714 die
526 2680 735 2726 Erbauuny
754 2680 871 2715 beider
886 2680 1011 2715 Stddte
1029 2680 1122 2715 um's
1139 2681 1175 2715 J.
1190 2682 1275 2723 814,
1294 2680 1455 2722 Ennius,
1474 2679 1538 2714 der
1555 2680 1818 2724 yewo'hnlichen

264 2726 456 2762 Tradition
481 2737 551 2762 von
571 2727 781 2774 Karthaqos
800 2727 1031 2772 Entstehwny
1054 2727 1355 2772 cremnon-hender,
1378 2738 1440 2761 um
1458 2728 1542 2762 880.
1564 2747 1605 2751 »-
1627 2725 1665 2760 Ρ.
1689 2730 1756 2761 148
1781 2738 1819 2762 er

257 2773 406 2819 verleyte
430 2773 488 2808 die
513 2774 743 2820 Entstehuny
763 2775 876 2810 Roms
899 2774 977 2809 und
997 2774 1208 2820 Karthaqos
1233 2774 1273 2808 in
1297 2774 1454 2809 dasselbe
1471 2774 1576 2809 Jahr.
1603 2774 1690 2809 Nur
1706 2785 1745 2809 so
1764 2785 1816 2809 er-

258 2820 355 2855 klc'irt
371 2821 447 2856 sich
465 2821 523 2856 die
542 2822 658 2856 bicher
676 2832 745 2857 von
758 2821 946 2856 Niemand
963 2821 1095 2867 richtiy
1112 2822 1289 2867 yedeutete
1313 2820 1525 2863 Thatsachae,
1550 2821 1637 2856 dass
1654 2832 1692 2856 er
1706 2821 1818 2856 Rom-s

262 2867 471 2913 Granduny
494 2868 586 2904 um’s
609 2868 645 2903 J.
667 2871 743 2903 880
761 2880 792 2904 v.
816 2869 896 2904 Chr.
916 2872 1084 2911 arn-setae,
1109 2869 1143 2903 cl.
1163 2869 1196 2903 h.
1222 2880 1286 2904 um
1310 2868 1374 2903 die‘
1394 2869 1484 2910 Zeit,
1509 2868 1550 2901 in
1575 2868 1699 2903 welche
1724 2869 1818 2904 vach

259 2914 321 2950 der
346 2915 604 2951 verbreitetsten
629 2915 722 2961 Saye
746 2916 840 2951 auch
864 2916 922 2951 die
947 2916 1155 2961 Erbauunq
1179 2916 1243 2952 der
1266 2915 1445 2961 tyrischen
1472 2915 1616 2950 Colom'e
1641 2915 1709 2958 fiel.

358 2961 408 3007 ⁸⁸¹)
434 2961 520 2998 Sero
545 2961 623 3008 legi
643 2961 819 2998 Geffkeni
845 2962 891 2997 de
911 2962 1064 2998 Timaeo
1084 2961 1378 3008 disputationem
1398 2962 1539 3009 (philol.
1568 2962 1703 2998 Unters.
1724 2964 1816 3007 1111).

1999 1003 2004 1010 1
1994 850 2004 968 ,ιιι-(ΜΑ-
