2004 3278
606 157 865 193 ANNALIUM
891 157 979 194 LIB.
1000 157 1093 193 XIV.
1114 157 1191 193 XV.
1213 157 1297 193 XV1
1596 158 1736 195 CXCIX

177 266 265 325 (39,
288 264 374 323 12),
400 266 492 308 ‘duo
518 269 631 308 milia
661 271 874 309 mixtorum
899 270 1158 309 Macedonum
1190 271 1536 321 Thracumque,
1571 273 1639 321 qui
1669 285 1735 310 vo-

175 331 330 369 luntate
368 330 493 368 secuti
530 331 676 378 essent,
719 330 917 378 praesidio
956 331 1095 368 castris
1132 331 1272 369 relicta
1310 327 1407 369 esse’
1446 333 1736 369 commemorat.

176 389 289 428 Unde
315 390 467 428 occasio
494 387 703 438 dispicitur
729 401 807 438 qua
832 388 984 427 Ennius
1010 391 1186 438 potuerit
1210 391 1368 438 rumpia
1395 391 1499 439 quod
1525 403 1646 441 genus
1666 391 1737 429 teli

177 449 351 487 Thracae
370 449 544 486 nationis
565 449 624 486 est
638 442 700 500 (v)
717 448 928 497 appellare.
949 448 1119 497 Reliqua
1139 451 1275 498 aperta
1295 451 1396 488 sunt.
1417 449 1521 487 Ante
1539 451 1736 488 certamen

177 508 397 547 cohortatio
423 507 473 545 ad
498 507 646 546 milites
667 501 764 559 (vl):
790 508 1015 556 insequitur
1039 508 1233 556 proelium
1255 502 1360 560 (vn).
1386 508 1567 558 Denique
1588 510 1736 548 fractus

175 567 278 606 bello
299 563 522 606 ‘Antiochus
549 567 818 605 calamitatem
845 579 956 604 suam
982 566 1179 615 deplorat:
1209 579 1306 614 quae
1330 579 1389 606 me
1414 569 1572 615 fortuna
1598 570 1736 616 ferocis

176 627 357 671 contudit,
388 627 549 675 indiyno
583 626 676 664 bello
708 626 868 673 confecit
899 626 1032 663 acerbo
1060 620 1181 678 (vm).
1215 625 1327 670 Quod
1352 628 1476 664 restat
1500 640 1554 675 IX,
1586 628 1632 665 de
1660 640 1736 676 quo

175 698 290 724 versu
316 699 435 736 supra
454 699 491 735 p.
512 697 638 724 vam
651 696 707 733 sq.
734 684 913 732 disserui,
940 685 990 722 ad
1010 685 1218 723 cremanda
1238 698 1438 723 caesorum
1459 698 1633 735 corpora,
1653 687 1736 736 opi-

175 757 257 793 nor,
283 746 463 793 refertur,
490 757 730 794 quamquam
754 744 796 781 in
821 744 895 782 hac
920 757 1054 794 pugna
1078 744 1152 782 hoc
1177 745 1386 783 memorari
1412 757 1489 783 non
1516 746 1641 793 video,
1670 746 1737 783 sed

174 804 313 842 Livius
339 804 498 853 quidem
524 799 612 857 (44,
635 797 678 855 1)
705 804 757 841 ad
782 804 1065 851 quinquaqinta
1083 804 1194 841 milia
1214 805 1272 841 ait
1283 804 1460 852 peditum
1480 816 1592 842 caesa
1617 816 1657 842 eo
1677 805 1737 843 die

175 864 368 908 dicuntur,
394 865 562 912 equitum
587 865 767 911 quattuor
791 863 911 901 milia.
943 862 996 900 Et
1022 862 1125 911 quod
1150 863 1254 901 idem
1274 863 1368 901 ibid.
1391 864 1414 901 3
1437 864 1571 902 scribit
1586 867 1736 911 postero

173 923 235 962 die
258 923 481 971 spoliabant
505 933 704 961 caesorum
729 933 892 970 corpora
919 922 1033 960 affert
1059 922 1302 961 occasionem
1334 923 1397 960 cui
1424 923 1738 961 accommodetur

174 995 308 1021 versus
334 984 506 1020 incertus
534 977 641 1035 (ann.
665 976 769 1034 619)
795 982 1015 1029 spoliantur
1041 992 1101 1020 eos
1127 984 1161 1020 et
1185 993 1348 1029 corpora
1366 982 1475 1020 nuda
1494 983 1738 1031 relinquunt,-

175 1042 241 1081 sed
268 1054 335 1080 eae
362 1042 585 1080 occasiones
610 1053 723 1079 rarae
750 1053 828 1079 non
853 1041 1026 1079 fuerunt.

294 1100 522 1145 Quintum
547 1101 778 1139 decimum
804 1101 1023 1138 annalem
1054 1100 1150 1138 olim
1180 1100 1427 1138 intellectum
1459 1103 1518 1139 est
1542 1101 1736 1150 imprimis

174 1160 344 1199 Fulvio
364 1160 609 1198 Nobiliori
629 1160 803 1198 dicatum
824 1172 917 1198 esse.
939 1159 1097 1197 Etenim
1111 1159 1352 1198 Antiochum
1372 1160 1569 1198 devictum
1591 1162 1629 1198 et
1648 1172 1736 1210 pro-

174 1219 356 1270 fligatum
382 1220 576 1269 extemplo
603 1221 760 1257 secutae
786 1221 878 1257 sunt
902 1231 963 1256 res
989 1218 1220 1256 Aetolorum
1246 1231 1462 1272 numquam
1494 1221 1735 1269 pacatorum.

175 1278 279 1324 Quos
311 1281 357 1317 ut
388 1278 548 1318 tandem
581 1280 622 1316 in
649 1278 827 1316 ordinem
853 1280 1010 1328 cogeret
1035 1278 1175 1316 missus
1203 1281 1262 1316 est
1287 1278 1338 1316 M.
1365 1279 1528 1317 Fulvius
1554 1278 1737 1317 Nobilior

175 1338 309 1377 consul
337 1351 370 1376 a.
393 1339 490 1386 565,
517 1351 632 1387 quem
653 1338 804 1375 Ennius
830 1340 948 1386 poeta
975 1338 1187 1376 comitatus
1208 1340 1267 1375 est
1286 1339 1327 1375 in
1347 1338 1564 1376 Aetoliam:
1592 1338 1637 1376 de
1659 1350 1735 1386 quo

173 1397 263 1436 vide
288 1411 325 1447 p.
346 1410 419 1435 x111
432 1410 517 1447 sqq.
550 1397 679 1442 Quare
706 1397 909 1447 probabile
936 1398 995 1434 est
1020 1396 1261 1434 Antiochum
1293 1398 1333 1434 in
1366 1397 1477 1435 libris
1504 1409 1576 1434 xm
1602 1400 1641 1435 et
1666 1409 1735 1435 XIV

172 1459 403 1507 regnantem
423 1456 524 1494 libro
539 1469 592 1495 xv
607 1456 802 1506 excepisse
816 1456 963 1494 bellum
977 1456 1214 1504 Aetolicum,
1236 1469 1312 1505 quo
1327 1456 1495 1494 feliciter
1508 1457 1735 1506 perpetrato

173 1516 335 1554 Fulvius
362 1529 395 1555 a.
419 1517 500 1554 567
523 1516 690 1565 Romam
715 1515 837 1554 redux
862 1515 1110 1564 triumphum
1130 1516 1222 1566 egit.
1249 1515 1579 1554 Luculentissima
1603 1518 1736 1554 autem

172 1588 304 1614 rerum
333 1575 381 1614 ab
414 1588 458 1614 eo
491 1577 690 1626 gestarum
720 1577 805 1612 erat
834 1575 1073 1624 expugnatio
1102 1573 1338 1613 Ambraciae
1366 1574 1597 1613 Aetolorum
1626 1575 1735 1613 urbis

172 1635 474 1673 munitissimae.
501 1634 565 1672 Ad
590 1647 677 1672 eam
702 1634 848 1672 referre
873 1634 968 1671 licet
987 1646 1017 1670 11
1037 1636 1077 1671 et
1096 1646 1141 1671 111
1165 1647 1209 1671 ex
1235 1634 1308 1672 hoc
1333 1634 1434 1672 libro
1462 1630 1597 1682 citata,
1625 1647 1737 1683 quae,

173 1694 328 1733 etiamsi
348 1694 562 1732 Ambracia
584 1693 786 1743 appellata
805 1706 885 1731 non
904 1693 967 1741 sit,
994 1694 1097 1731 certe
1116 1693 1156 1730 in
1178 1693 1472 1744 oppugnatione
1493 1693 1602 1732 urbis
1623 1706 1736 1731 suum

172 1753 404 1793 obtinebant
428 1754 567 1792 locum.
594 1753 732 1802 Neque
759 1752 808 1790 ab
828 1752 1042 1791 Ambracia
1067 1752 1229 1803 seiungo
1257 1765 1343 1790 eam
1370 1765 1489 1802 quam
1514 1753 1736 1792 Macrobius

174 1808 251 1866 (lv)
272 1813 507 1852 obsidionem
526 1811 633 1861 dicit,
654 1824 744 1850 cum
764 1811 937 1850 Ennium
956 1813 1127 1850 testatur
1146 1812 1188 1849 in
1209 1813 1347 1861 quinto
1368 1811 1517 1850 decimo
1538 1812 1735 1851 induxisse

172 1873 329 1911 Histros
355 1873 450 1911 duos
475 1873 518 1911 in
543 1872 784 1910 obsidione
804 1873 975 1920 erupisse
987 1874 1107 1920 porta
1126 1874 1160 1910 et
1176 1874 1343 1920 strayem
1362 1872 1408 1910 de
1426 1872 1617 1910 obsidente
1635 1873 1737 1911 hoste

171 1934 326 1981 fecisse‚·
351 1931 399 1970 ab
424 1932 499 1970 hac
525 1933 657 1970 autem
683 1932 888 1981 eruptione
913 1930 1140 1968 Histrorum
1166 1931 1288 1969 alieni
1312 1943 1388 1968 non
1415 1931 1575 1968 fuerunt
1599 1944 1735 1970 versus

173 2004 196 2029 a
221 1991 421 2030 Macrobio
447 2004 492 2029 ex
519 1990 655 2029 eodem
680 1990 780 2028 libro
807 1990 946 2039 quinto
973 1990 1122 2028 decimo
1149 1990 1264 2028 allati
1291 1989 1431 2038 quibus
1457 2002 1591 2040 pugna
1612 1989 1736 2028 Caelii

172 2050 322 2088 tribuni
354 2050 402 2088 ab
428 2049 656 2088 Histrorum
687 2043 812 2102 (408)
843 2050 995 2098 impetu
1027 2060 1067 2086 se
1099 2048 1344 2087 defendentis
1376 2048 1612 2086 describitur
1638 2043 1734 2102 (v1):

172 2122 264 2147 nam
295 2110 334 2146 in
368 2109 596 2148 Histrorum
627 2108 999 2146 commemoratione
1034 2119 1112 2146 non
1144 2109 1203 2146 est
1235 2107 1339 2156 quod
1371 2107 1603 2156 offendatur,
1636 2120 1735 2157 quos

172 2168 377 2218 probabile
404 2170 464 2206 est
489 2167 702 2206 auxiliares
728 2167 851 2205 fuisse
869 2166 1102 2205 Aetolorum
1127 2167 1168 2203 in
1188 2166 1411 2215 Ambracia,
1436 2167 1477 2205 id
1502 2166 1607 2216 quod
1626 2167 1736 2205 Flori

171 2227 317 2266 indicio
339 2222 372 2280 (1
388 2228 455 2275 26,
472 2221 515 2280 1)
537 2226 800 2265 confirmatur.
824 2226 933 2264 Haec
952 2225 1107 2276 plenius
1127 2225 1395 2264 demonstrare
1417 2226 1551 2264 studui
1570 2226 1610 2264 in
1631 2239 1733 2265 com-

171 2288 290 2325 ment.
311 2286 481 2325 academ.
502 2299 536 2324 a.
554 2286 665 2324 1886
687 2300 723 2336 p.
748 2286 800 2323 18
811 2297 907 2335 sqq.,
926 2284 998 2323 ubi
1023 2285 1144 2323 etiam
1163 2285 1210 2323 de
1223 2298 1250 2324 v
1269 2287 1309 2323 et
1327 2298 1385 2324 vn
1405 2285 1500 2334 quid
1521 2285 1734 2324 verisimile

172 2348 273 2385 esset
298 2346 469 2395 exposui.

292 2404 432 2443 Sexto
459 2404 638 2443 decimo
666 2404 829 2442 annali
854 2403 1006 2441 Plinius
1032 2404 1146 2441 testis
1172 2404 1231 2442 est
1257 2398 1308 2457 (1)
1335 2403 1510 2441 Ennium
1537 2404 1578 2442 T.
1602 2403 1734 2442 Caeci-

171 2464 270 2502 lium
284 2465 478 2503 Teucrum
491 2465 735 2513 fratremque
755 2463 838 2501 eius
858 2463 1020 2512 propter
1039 2462 1282 2513 singularem
1301 2476 1436 2501 eorum
1461 2462 1734 2502 fortitudinem

173 2523 424 2562 celebrandos
444 2523 521 2563 sibi
540 2523 761 2573 sumpsisse.
787 2522 847 2560 De
868 2534 944 2571 quo
963 2521 1051 2571 pari
1070 2523 1239 2560 fratrum
1259 2522 1457 2572 quoniam,
1477 2522 1582 2572 quod
1600 2524 1733 2571 sciam,

172 2583 273 2621 nihil
304 2584 548 2632 compertum
579 2590 655 2631 est,
686 2583 760 2620 hoc
790 2581 1017 2620 testimonio
1048 2593 1127 2620 non
1157 2594 1395 2632 magnopere
1427 2582 1662 2621 adiuvamur
1691 2583 1733 2619 in

173 2642 429 2680 restituendis
463 2644 503 2680 et
534 2642 584 2681 ad
616 2654 706 2681 suas
732 2654 793 2680 res
819 2640 1050 2679 revocandis
1075 2641 1252 2680 versibus
1278 2654 1324 2680 ex
1348 2641 1422 2679 hoc
1452 2641 1553 2679 libro
1588 2641 1733 2687 allatis,

174 2702 243 2750 qui
268 2702 366 2739 satis
391 2702 509 2739 multi
533 2703 626 2741 sunt
645 2702 685 2739 et
704 2701 784 2739 fere
805 2701 943 2751 aperta
963 2701 1170 2750 sententia,
1197 2701 1293 2739 adeo
1313 2702 1360 2739 ut
1378 2699 1595 2750 particulas
1617 2711 1732 2747 quas-

173 2760 264 2798 dam
290 2773 513 2799 sermonum
539 2763 796 2809 actarumque
820 2772 954 2797 rerum
975 2759 1193 2799 describere
1212 2761 1381 2798 licuerit.
1409 2758 1512 2803 Quas
1533 2759 1573 2795 in
1595 2769 1732 2795 comm.

173 2820 281 2857 acad.
308 2832 340 2857 a.
366 2820 476 2858 1886
504 2833 541 2869 p.
565 2820 617 2858 25
629 2832 713 2869 sqq.
747 2818 975 2869 diligentius
1006 2821 1233 2868 persecutus
1265 2831 1368 2856 nunc
1399 2817 1555 2855 indiciis
1587 2815 1731 2867 margi-

171 2878 327 2918 nalibus
359 2880 507 2918 notavi.
539 2879 680 2928 Itaque
713 2878 863 2916 exordii
894 2873 955 2931 (n.
981 2891 1036 2917 111.
1063 2873 1124 2932 N)
1158 2891 1257 2928 quae
1290 2889 1408 2915 causa
1439 2876 1560 2914 fuerit
1591 2876 1631 2913 et
1664 2876 1733 2925 qui

1760 2982 1764 3006 ³
