2054 3282
336 212 420 255 208
855 201 1152 240 SATURARUM
1177 200 1265 237 LIB.
1286 199 1378 237 INC.

266 333 472 375 251u0res
492 331 620 371 erant.
636 326 652 351 ⁶
672 327 771 368 dum
794 326 926 381 igitur
945 325 1038 379 ipsa
1057 324 1139 365 iret
1158 323 1300 365 cibum
1320 321 1451 377 pullis
1471 320 1724 377 quaesitum,
1743 323 1890 364 monet

336 416 418 456 eos,
444 403 491 441 ut
517 400 552 441 si
578 398 680 453 quid
711 398 771 439 ibi
804 397 865 438 rei
896 410 1031 438 novae
1063 395 1184 436 fieret
1215 394 1476 436 dicereturve
1508 393 1892 435 animadverterent

338 473 461 526 idque
487 470 550 511 uti
576 469 669 524 sibi,
694 467 769 509 ubi
793 467 982 522 redisset,
1007 466 1264 508 nuntiarent.
1279 464 1293 488 ⁷
1313 465 1511 506 dominus
1530 467 1679 520 postea
1699 468 1890 521 segetum

335 542 500 583 illarum
526 540 663 581 filium
691 538 1001 580 adulescentem
1027 539 1152 579 vocat
1172 539 1214 578 et
1234 535 1452 578 «videsne»
1474 535 1615 590 inquit
1635 535 1762 578 «haec
1781 551 1891 578 ema-

264 612 516 655 2913111111880
536 613 578 652 013
597 625 745 652 manus
765 610 850 651 iam
871 607 1115 663 postulare?
1140 607 1297 649 idcirco
1319 606 1386 649 die
1406 607 1590 662 crastini,
1610 607 1686 649 ubi
1703 607 1891 662 primum

334 681 593 736 diluculabit‚
618 681 685 722 fac
709 681 867 722 amicos
894 694 963 721 eas
989 681 1032 720 et
1055 692 1192 734 roges,
1217 677 1391 720 veniant
1417 692 1674 733 operamque
1699 681 1892 720 mutuam

333 753 432 794 dent
458 755 499 793 et
524 751 696 793 messim
721 751 831 793 hanc
855 750 980 792 nobis
1006 749 1242 791 adiuvent».
1268 749 1374 791 haec
1398 749 1473 790 ubi
1499 748 1572 791 ille
1598 749 1717 805 dixit,
1744 752 1785 791 et
1811 749 1892 791 dis-

262 825 318 865 32
332 822 499 865 008811.8
518 825 645 877 atque
670 822 743 863 ubi
764 821 873 863 redit
893 821 1057 875 cassita,
1076 819 1185 875 pulli
1211 820 1473 862 tremibundi
1492 820 1698 876 trepiduli
1716 821 1893 863 circum-

332 896 515 948 strepere
547 907 748 947 orareque
780 894 970 947 matrem,
1003 894 1051 933 ut
1082 891 1167 933 iam
1200 892 1347 934 statim
1380 894 1580 947 properet
1607 892 1734 946 inque
1760 891 1892 933 alium

331 964 470 1006 locum
496 978 585 1006 sese
610 965 808 1018 asportet.
831 977 958 1004 «nam
985 963 1213 1005 dominus»
1234 963 1435 1017 inquiunt
1454 963 1614 1019 «misit,
1634 963 1707 1017 qui
1734 963 1892 1005 amicos

261 1034 318 1077 35
332 1037 465 1091 roget,
484 1035 549 1076 uti
567 1034 660 1077 luce
681 1034 843 1076 oriente
862 1034 1036 1076 veniant
1055 1036 1098 1075 et
1117 1036 1314 1076 metant».
1331 1032 1346 1057 9
1365 1036 1501 1076 11101301
1520 1034 1640 1076 iubet
1659 1049 1732 1077 008
1753 1034 1892 1077 otioso

331 1107 471 1148 animo
503 1121 611 1162 esse3
637 1106 701 1147 «si
736 1106 849 1148 enim
881 1105 1108 1148 dominus»
1143 1106 1284 1160 inquit
1309 1106 1514 1148 «messim
1547 1105 1600 1147 ad
1629 1106 1789 1148 amicos
1814 1105 1893 1147 rei-

331 1177 406 1232 cit,
432 1177 617 1219 crastino
650 1191 769 1233 seges
801 1191 889 1219 non
921 1178 1123 1233 metetur,
1153 1192 1292 1233 neque
1322 1192 1542 1220 necessum
1574 1180 1640 1220 est
1669 1177 1796 1219 hodie
1828 1177 1890 1219 uti

330 1329 420 1363 duit.
441 1328 453 1348 ²
466 1329 566 1364 velut
585 1329 677 1364 haee
697 1329 776 1364 01118
796 1329 927 1364 fabula
947 1330 993 1364 de
1013 1329 1181 1375 aviculae
1200 1330 1330 1364 nidulo
1349 1329 1475 1375 lepide
1494 1331 1608 1374 atque
1627 1330 1789 1365 iucunde
1808 1340 1892 1375 pro-

329 1383 454 1416 monet
473 1393 576 1428 spem
595 1383 845 1428 fiduciamque
864 1394 997 1426 rerum,
1014 1394 1106 1428 quas
1127 1383 1273 1429 efficere
1292 1383 1375 1428 quis
1394 1383 1524 1429 possit,
1545 1384 1640 1419 haut
1657 1394 1836 1428 umquam
1854 1383 1894 1417 in

330 1435 403 1470 alio
418 1436 481 1470 sed
495 1436 534 1470 in
548 1438 665 1471 semet
677 1436 759 1482 ipso
773 1436 996 1471 habendam.
1010 1436 1360 1482 ⁸«avicu1a»inquit
1373 1438 1454 1474 «est
1465 1448 1582 1482 parva
1596 1465 1603 1471 .
1617 1465 1623 1472 .
1638 1466 1645 1472 .
1659 1465 1666 1472 .
1684 1436 1714 1457 ¹⁶
1726 1437 1895 1472 demessa

330 1490 418 1525 est».
439 1489 467 1509 ¹⁷
480 1489 573 1524 haec
593 1490 745 1535 quidem
765 1491 822 1524 est
840 1489 979 1535 Aesopi
998 1489 1129 1525 fabula
1149 1490 1195 1526 de
1215 1490 1419 1526 amicorum
1439 1492 1477 1526 et
1502 1490 1796 1536 propinquorum
1821 1489 1894 1524 levi

328 1542 545 1587 plerumque
566 1544 604 1577 et
621 1543 726 1578 inani
745 1543 892 1578 fiducia.
910 1543 940 1564 ¹⁸
954 1543 1018 1578 sed
1035 1543 1126 1588 quid
1147 1543 1251 1578 aliud
1270 1544 1473 1579 sanctiores
1486 1544 1575 1579 libri
1587 1543 1895 1589 philosophorum

329 1597 480 1631 monent
499 1607 611 1641 quam
629 1598 673 1631 ut
691 1596 730 1631 in
749 1597 857 1632 nobis
882 1598 1031 1632 tantum
1056 1597 1149 1642 ipsis
1168 1597 1342 1640 nitamur,
1369 1597 1399 1617 ¹⁹
1412 1597 1488 1632 alia
1508 1599 1634 1632 autem
1653 1597 1780 1632 omnia
1798 1607 1894 1642 quae

330 1650 433 1684 extra
452 1661 518 1684 nos
538 1651 715 1694 extraque
735 1651 903 1685 nostrum
923 1651 1088 1685 animum
1103 1651 1190 1686 sunt
1202 1661 1323 1696 neque
1335 1662 1402 1696 pro
1417 1651 1553 1686 nostris
1566 1661 1687 1696 neque
1706 1662 1773 1695 pro
1786 1649 1894 1685 nobis

330 1702 517 1737 ducamus.
537 1703 567 1723 2⁰
585 1703 684 1738 hunc
703 1704 842 1749 Aesopi
869 1704 1070 1750 apologum
1090 1704 1129 1747 Q.
1148 1704 1290 1739 Ennius
1315 1704 1355 1738 111
1381 1704 1505 1739 satiris
1526 1704 1617 1739 scite
1637 1704 1837 1739 admodum
1858 1704 1896 1742 et

330 1757 481 1790 venuste
500 1756 666 1791 versibus
686 1757 880 1802 quadratis
901 1757 1119 1803 composuit.
1135 1769 1292 1803 quorum
1312 1757 1384 1793 duo
1405 1757 1584 1803 postremi
1603 1757 1668 1792 isti
1688 1758 1784 1800 sunt,
1802 1767 1894 1802 quos

330 1808 466 1844 habere
487 1810 588 1844 cordi
608 1811 646 1845 et
663 1810 864 1845 memoriae
883 1821 1019 1856 operae
1038 1811 1201 1856 pretium
1221 1822 1300 1846 esse
1319 1811 1443 1846 hercle
1462 1812 1554 1856 puto
1575 1810 1667 1847 «hoc
1684 1811 1796 1857 (Rott.
1812 1810 1894 1846 Urs.

331 1864 368 1897 et
388 1873 407 1897 e
427 1874 515 1897 corr.
535 1863 615 1898 Par.
636 1863 692 1899 he
704 1875 724 1898 0
742 1864 800 1899 vel
826 1863 850 1897 h
862 1875 946 1899 aec
967 1864 1094 1910 ceteri)
1116 1893 1122 1899 .
1140 1892 1146 1899 .
1164 1894 1169 1899 .
1191 1865 1230 1899 in
1249 1866 1464 1910 promptum
1484 1865 1730 1909 (promptu
1750 1863 1892 1899 Thuan.

330 1915 442 1962 vulg.)
463 1916 584 1959 situm,
605 1928 651 1952 ne
671 1917 762 1962 quid
783 1917 963 1963 (nequit
981 1917 1062 1952 Par.
1084 1929 1180 1963 neq3
1200 1918 1316 1964 Rott.)
1333 1947 1339 1953 .
1357 1947 1363 1953 .
1381 1947 1387 1953 .
1404 1923 1445 1954 tu
1465 1928 1576 1965 agere
1589 1919 1762 1963 possis».’

330 1969 473 2004 Fabula
492 1969 634 2005 Graeca
656 1972 778 2006 exstat
796 1971 836 2005 in
855 1971 1053 2006 Babrianis
1074 1974 1118 2006 88
1139 1971 1274 2006 Aviani
1294 1975 1358 2017 213
1384 1972 1423 2006 in
1443 1971 1636 2017 Aesopicis
1658 1975 1725 2006 379
1747 1973 1794 2017 (p.
1813 1973 1894 2017 155)

331 2023 387 2057 Fr.
403 2023 449 2058 de
468 2023 731 2111 Fl'priasshQuam
750 2024 892 2059 Ennius
917 2024 1080 2070 lepidius
1108 2025 1297 2070 expolivit.
1320 2025 1374 2060 De
1394 2025 1581 2060 sententia
1601 2024 1646 2060 cf.
1668 2025 1818 2060 Hesiod.
1834 2036 1893 2069 op.

332 2079 399 2110 404
414 2088 466 2121 sq.
515 2077 568 2111 irc
624 2106 630 2113 .

452 2225 504 2263 25
527 2236 615 2262 cum
630 2225 713 2263 Vat.
727 2226 827 2264 Bou.
951 2227 1004 2264 29
1026 2226 1089 2265 die
1109 2228 1283 2272 crastini,
1303 2227 1371 2265 sed
1392 2235 1443 2274 37
1462 2228 1643 2265 crastino.
1668 2225 1727 2274 Of.
1745 2225 1895 2265 Gellius

332 2295 358 2320 x
375 2292 440 2332 24,
457 2281 480 2319 8
496 2285 614 2332 atque
633 2284 729 2322 item
749 2285 869 2323 simili
887 2285 1016 2335 figura
1030 2282 1108 2324 ‘die
1128 2282 1306 2325 crastini’
1321 2286 1535 2335 dicebatur,
1548 2286 1589 2323 id
1609 2287 1695 2324 erat
1708 2282 1894 2324 ‘crastino

333 2338 428 2380 die'.
453 2342 581 2381 Plaut.
601 2346 705 2381 most.
728 2342 806 2380 881
838 2345 902 2382 die
928 2345 1113 2391 crastini‚·
1133 2346 1371 2384 Menaechm.
1399 2355 1412 2381 1
1429 2343 1507 2393 156
1532 2345 1595 2382 die
1620 2346 1777 2395 septimi

334 2402 390 2439 30
413 2403 557 2440 amicos
578 2414 642 2440 eas
663 2404 701 2440 et
719 2416 851 2455 roges:
869 2415 939 2443 uee
963 2404 1081 2443 adeas
1106 2408 1203 2443 reete
1226 2405 1343 2443 scribi
1368 2416 1437 2443 uec
1462 2405 1607 2443 amicos
1634 2416 1699 2443 eas
1719 2405 1764 2442 ut
1782 2415 1894 2455 roges

332 2460 467 2498 Herm.
487 2473 541 2500 xv
558 2472 600 2508 p.
619 2459 695 2497 261
719 2464 889 2509 probare
917 2465 1070 2511 studui;
1096 2467 1130 2502 et
1153 2476 1218 2502 eas
1244 2466 1284 2502 et
1310 2475 1423 2515 roges
1453 2465 1749 2512 coniumyumtur,
1774 2465 1818 2502 ut
1839 2473 1889 2510 41

332 2520 434 2557 imus
454 2521 494 2558 et
513 2532 680 2558 oramus.
704 2520 762 2568 Of.
779 2531 831 2568 33
843 2537 857 2569 ,·
877 2522 972 2561 Gen.
987 2535 1057 2563 XIV
1079 2532 1115 2572 2,
1133 2532 1183 2570 23
1201 2535 1265 2562 eas
1285 2524 1409 2574 igitur
1428 2525 1467 2561 et
1486 2522 1620 2561 credas
1641 2524 1698 2569 01,·
1717 2534 1771 2560 xx
1791 2531 1853 2571 10,
1870 2530 1892 2569 5

334 2591 398 2617 eas
424 2579 548 2630 igitur
573 2581 612 2618 et
637 2579 785 2626 discas;
811 2584 845 2620 et
869 2583 1014 2621 amicos
1042 2583 1190 2621 duobus
1207 2583 1333 2621 verbis
1350 2583 1615 2630 praemittitur
1635 2593 1675 2620 eo
1693 2582 1804 2620 modo
1823 2592 1896 2629 quo

333 2640 378 2676 tu
402 2638 492 2676 illas
519 2638 584 2676 abi
609 2641 649 2677 et
672 2639 833 2679 traduce
860 2641 1072 2691 Terentius,
1097 2643 1307 2691 propterea
1330 2653 1468 2691 pacem
1493 2641 1659 2681 advenio
1686 2643 1725 2679 et
1751 2640 1800 2679 ad
1825 2652 1894 2679 vos

335 2697 453 2736 affero
473 2698 644 2737 Plautus
764 2700 817 2737 32
838 2700 1078 2739 tremibundi
1098 2712 1143 2739 ex
1156 2701 1341 2749 palimps.
1358 2701 1442 2739 Vat.
1466 2702 1632 2744 accessit,
1652 2701 1740 2738 item
1761 2707 1812 2747 37
1830 2712 1895 2737 110-

335 2769 486 2795 cessum
497 2768 574 2805 pro
592 2769 758 2802 necesse,
774 2760 808 2796 et
831 2761 925 2797 eunt
935 2771 1011 2807 pro
1026 2762 1139 2798 erant
1159 2770 1226 2807 40,
1246 2761 1314 2798 sed
1331 2761 1463 2809 inquit
1485 2757 1537 2805 38
1558 2770 1636 2796 uon
1647 2761 1745 2806 puto
1763 2770 1895 2796 verum

336 2827 415 2854 esse
441 2820 474 2854 et
499 2818 645 2864 requiri
673 2812 754 2868 igi}
784 2817 1040 2865 reliquorum:
1070 2820 1137 2857 sed
1164 2819 1404 2857 tremibundi
1434 2818 1623 2868 trepiduli
1649 2820 1683 2855 et
1706 2818 1896 2865 quaedam

334 2876 423 2912 item
448 2876 528 2914 alia
552 2876 655 2914 velut
672 2877 734 2914 die
760 2878 921 2915 crastini
944 2887 996 2926 29
1017 2880 1059 2917 in
1079 2881 1222 2925 quaest.
1242 2878 1349 2916 Eun.
1370 2890 1398 2915 0.
1420 2890 1477 2916 vn
1503 2878 1659 2925 exposui
1683 2877 1896 2915 Enniwnae

336 2936 522 2973 orationis
547 2935 706 2974 colorem
724 2947 826 2983 prae
850 2947 891 2974 se
914 2938 1027 2984 ferre,
1047 2939 1136 2975 item
1161 2940 1240 2976 tam
1257 2937 1396 2985 plenos
1413 2937 1623 2985 quadratos
1644 2937 1687 2974 in
1704 2936 1775 2980 his,
1795 2935 1897 2974 vebut
