2054 3282
309 207 395 248 220
1004 196 1153 232 VARIA

425 322 467 365 N
470 321 619 364 esboris
645 321 697 361 ad
722 318 902 373 patriam
928 317 999 358 hic
1024 316 1189 370 capitur
1213 329 1478 371 magnusque
1503 315 1741 370 bonusque:

307 396 363 436 42
424 393 688 434 Melanurum
714 389 885 430 iam-dum
911 387 1201 440 merulamque
1226 386 1505 440 umbramque
1531 385 1749 428 marinam.

423 462 610 515 Polypus
637 460 856 514 Corcyrae,
881 457 1064 500 calvaria
1088 457 1266 513 pinguia
1291 471 1480 512 acarnae,

305 535 361 575 44
420 530 626 586 Purpura,
652 529 861 583 muriculi‚
886 543 1038 584 mures,
1066 527 1209 570 dulces
1236 542 1405 583 quoque
1431 528 1582 570 echini.

886 704 1262 748 EPICHARMUS

1068 811 1083 844 I

298 874 355 916 45
415 873 527 916 Nam
552 873 726 915 videbar
751 873 962 914 somniare
988 873 1086 914 med
1109 887 1188 928 ego
1215 887 1305 914 esse
1332 875 1548 914 mortuum

1058 989 1092 1023 II

297 1052 353 1094 46
409 1051 576 1107 Frigori
602 1050 751 1092 miscet
777 1050 958 1092 calorem
985 1053 1113 1105 atque
1138 1051 1308 1092 humori
1335 1050 1589 1093 aritudinem

413 1190 721 1226 EPICHARMUS
758 1191 774 1225 Ι
794 1192 866 1236 (45)
893 1190 1019 1226 Cicero
1034 1191 1175 1225 Lucull.
1193 1195 1246 1233 16,
1263 1194 1305 1225 51
1324 1191 1433 1225 ‘num
1452 1201 1578 1226 censes
1598 1191 1758 1226 Ennium
1773 1204 1855 1226 011111

296 1245 333 1279 111
354 1245 470 1279 hortis
492 1256 574 1279 011111
595 1244 719 1279 Servio
740 1244 861 1279 Galba
875 1244 996 1279 vicino
1011 1255 1076 1279 suo
1097 1244 1362 1279 ambulavisset:
1383 1244 1520 1280 dixisse
1534 1244 1656 1280 «visus
1670 1257 1751 1280 sum
1763 1245 1856 1280 mihi

296 1310 378 1333 cum
399 1298 519 1333 Galba
539 1297 777 1333 ambula1·e»‘?
798 1299 838 1332 at
858 1309 941 1332 cum
961 1298 1168 1341 somniaviss,
1190 1298 1245 1333 ita
1264 1297 1430 1333 narravit
1449 1298 1570 1334 «visus
1590 1298 1770 1333 Homerus
1790 1299 1855 1333 ad-

294 1362 372 1386 0550
382 1352 516 1396 poeta»
526 1354 622 1396 (ann.
634 1352 678 1396 6).
688 1351 862 1396 idemque
876 1351 915 1386 in
925 1351 1148 1396 Epicharmo
1157 1362 1267 1388 «nam
1282 1351 1313 1397 (i
1321 1364 1345 1386 n
1353 1362 1372 1386 e
1380 1351 1427 1396 pi
1448 1351 1497 1386 ch
1507 1362 1554 1386 ar
1572 1364 1609 1386 m
1619 1363 1639 1387 0
1647 1364 1671 1386 11
1679 1356 1702 1386 a
1712 1352 1814 1387 Voss.
1825 1353 1853 1387 B

293 1404 533 1449 inepichar
551 1407 681 1439 mona
694 1404 797 1439 Voss.
813 1404 844 1438 A
865 1404 1035 1450 inepio
1054 1405 1335 1440 harmonam
1356 1405 1486 1450 Vind.;
1501 1406 1587 1440 ante
1606 1416 1705 1440 nam
1724 1405 1781 1440 vel
1800 1410 1854 1440 na

299 1469 320 1493 a
341 1468 429 1493 corr.
447 1457 625 1502 distinct.)
643 1486 648 1491 .
666 1486 672 1491 .
688 1469 741 1493 me
760 1462 793 1493 et
812 1469 880 1503 ego
902 1470 931 1493 e.
952 1459 1190 1494 mortuum»)

409 1511 442 1545 II
462 1512 532 1556 (46)
559 1511 677 1546 Varro
698 1512 744 1547 de
764 1511 787 1546 1.
804 1512 841 1546 L.
857 1525 880 1547 v
900 1515 944 1547 59
961 1511 1074 1547 ‘haec
1094 1512 1178 1556 duo,
1200 1512 1344 1547 caelum
1364 1513 1402 1547 eb
1421 1514 1530 1555 terra,
1553 1512 1652 1557 quod
1673 1512 1798 1548 anima
1817 1514 1855 1548 et

296 1695 432 1733 paene,
444 1686 552 1732 puto,
573 1684 626 1722 ad
644 1684 832 1733 praeterii
845 1685 1012 1732 refertur
1130 1683 1352 1723 Athenaeus
1371 1697 1428 1723 v11
1450 1694 1534 1731 320
1546 1697 1572 1723 a
1588 1680 1856 1737 Ἀρχέστρατος

293 1737 332 1780 δ’
355 1740 398 1780 ἐν
423 1748 469 1797 τῇ
501 1742 764 1796 γαστρονομία
785 1738 845 1796 (p.
867 1742 946 1780 160
966 1738 1057 1796 ΒΥ.)
1081 1740 1248 1795 ςσκάρον
1280 1741 1317 1791 ἐξ
1347 1739 1517 1794 Ἐφέσου
1545 1740 1668 1794 ζήτει’
1685 1773 1694 1782 .
1716 1773 1724 1782 .
1744 1774 1752 1782 .
1779 1742 1866 1782 no'cv'

294 1799 395 1856 ἄλλῳ
416 1799 456 1840 δὲ
478 1799 582 1853 μέρει
602 1802 726 1852 φησίν
747 1797 806 1854 (p.
830 1801 907 1849 146
923 1797 1014 1855 Βν.)
1031 1799 1117 1841 (καὶ
1137 1802 1283 1854 σκάρον
1301 1801 1345 1842 ἐν
1363 1802 1522 1858 παράλῳ
1543 1801 1767 1854 Καλχηδόνι
1785 1802 1853 1842 τὸν

292 1858 412 1912 μέγαν
432 1858 553 1900 ὄπτα’
674 1861 827 1899 celebri]
849 1856 1067 1914 (cerebrum
1087 1874 1181 1900 corr.
1196 1862 1307 1900 Flor.
1329 1856 1412 1914 alt.)
1435 1865 1469 1900 et
1486 1861 1643 1912 suppmi
1661 1862 1770 1900 Flor.
1792 1863 1853 1901 De

291 1921 474 1958 locutione
504 1922 678 1969 disputat
700 1920 918 1959 Selsmidius
943 1922 965 1959 l.
987 1933 1038 1967 e.,·
1063 1922 1165 1959 addo
1190 1922 1411 1969 Hauptiuin
1436 1933 1518 1969 opp.
1540 1934 1570 1959 11
1589 1930 1733 1970 10430

292 1980 346 2016 42
368 1980 538 2018 Pendent
563 1981 666 2024 haec,
690 1982 837 2028 opinor,
861 1993 887 2019 a
908 1981 1096 2030 praeterii
1121 1990 1176 2028 40
1197 1992 1317 2028 neque
1328 1984 1419 2028 post
1438 1993 1482 2019 ea
1500 1981 1690 2019 nonnulla
1709 1982 1852 2019 deside-

290 2040 374 2076 rari
393 2040 486 2077 mihi
497 2040 759 2087 persuadetur
878 2040 940 2078 De
960 2036 1208 2078 Melanurum
1227 2043 1270 2078 ut
1290 2039 1343 2086 36
1364 2036 1580 2090 Mitylenae
1600 2041 1766 2078 disserui
1785 2041 1806 2078 l.
1822 2052 1850 2078 0.

283 2109 324 2144 p.
343 2095 422 2145 582
442 2109 494 2145 sq.
619 2098 830 2138 Columella
850 2112 922 2137 V111
949 2098 1009 2147 16,
1026 2097 1049 2135 8
1072 2100 1255 2138 saxatiles
1276 2099 1373 2137 diobi
1393 2102 1495 2148 sunt,
1514 2101 1560 2137 ut
1577 2100 1750 2137 merulae
1770 2101 1852 2137 tur-

293 2156 409 2205 dique
429 2170 498 2195 nec
519 2159 648 2196 minus
667 2159 862 2196 melanuri
982 2154 1080 2197 fibra
1101 2159 1226 2208 Inque
1246 2158 1358 2196 Flor.
1373 2154 1470 2197 fibra
1484 2159 1608 2208 Inque
1628 2170 1723 2196 corr.
1737 2158 1850 2197 Flor.

291 2215 355 2253 alt.
478 2217 530 2254 43
559 2217 716 2267 polipus
742 2215 888 2268 corcire
911 2218 1025 2256 Flor.
1154 2217 1385 2267 Oorcyraest
1406 2218 1611 2266 Bergykius,
1631 2218 1698 2256 sed
1716 2218 1852 2265 quidni·

291 2275 445 2324 capitur
466 2287 508 2312 ex
527 2287 559 2313 v.
577 2285 624 2322 41
652 2278 812 2314 auditur
931 2275 1154 2315 Athenaeus
1172 2289 1230 2316 v11
1252 2275 1334 2323 318
1349 2278 1374 2324 f
1392 2271 1660 2328 Ἀρχέστρατος
1686 2274 1729 2314 δέ
1752 2287 1852 2327 φησι

292 2329 350 2386 (p.
368 2331 446 2380 164
462 2328 552 2386 Br.)
569 2331 785 2374 “πούλυποι
804 2334 846 2374 ἔν
865 2349 903 2374 τε
921 2335 1037 2390 Θάσῳ
1055 2334 1122 2374 καὶ
1136 2335 1264 2390 Καρίᾳ
1286 2334 1384 2374 εἰσὶν
1403 2333 1569 2387 ἄριστοι·
1590 2333 1656 2373 καὶ
1669 2333 1852 2388 Κέρκυρα

290 2390 420 2442 τρέφει
440 2392 629 2444 μεγάλους
648 2394 814 2441 πολλούς
834 2409 871 2433 τε
891 2393 932 2434 τὸ
952 2397 1109 2446 πλῆθος
1211 2396 1404 2434 calvaria:
1424 2396 1470 2443 cf.
1485 2393 1644 2442 Apuleii
1663 2395 1779 2433 verba
1798 2396 1852 2433 acl

293 2450 345 2498 38
373 2453 571 2500 adscripta
601 2455 778 2502 quaesiiza
804 2453 1002 2493 eliciendis
1027 2453 1193 2493 mortuis
1218 2455 1373 2492 marina
1401 2455 1593 2492 calvaria:
1620 2465 1693 2501 quo
1720 2455 1851 2492 minus

288 2512 357 2549 hoc
380 2514 531 2549 mutare
556 2512 640 2550 lieet
664 2514 764 2559 quod
788 2513 1006 2552 Schmidius
1033 2514 1056 2552 l.
1078 2525 1107 2551 0.
1126 2523 1209 2561 129
1235 2514 1400 2552 instituit
1540 2514 1706 2563 pinguia
1735 2525 1850 2551 carne

290 2571 403 2608 Flor.
424 2571 588 2621 pinguia
608 2582 773 2609 acarnae
794 2584 879 2610 cum
891 2572 1085 2611 Salmasio
1103 2574 1243 2620 scripsi
1261 2572 1352 2610 olim
1372 2575 1405 2610 et
1429 2574 1532 2610 teneo
1558 2572 1638 2610 coll.
1653 2571 1779 2611 Lucil.
1795 2581 1844 2607 22

288 2630 336 2668 L.
355 2629 562 2668 abdomine
581 2630 723 2679 thynni
744 2631 1041 2670 advenientibus
1063 2633 1178 2681 priva
1201 2631 1301 2670 dabo
1329 2631 1617 2681 cephalaeaque
1643 2631 1847 2674 acharnae,

289 2700 389 2736 quae
421 2690 529 2736 apud
559 2688 726 2727 Gellium
757 2690 1018 2740 cephaleaque
1051 2703 1190 2729 acarne
1222 2685 1356 2743 (carne
1385 2685 1526 2743 pauci)
1558 2691 1703 2737 scripta
1732 2692 1849 2735 sunt,-

290 2749 427 2795 quibus
437 2748 717 2786 Lachmannus
726 2748 881 2787 Sotaclis
893 2761 1046 2788 versum
1059 2751 1205 2798 confert
1221 2748 1393 2801 γλαύκου
1414 2747 1520 2801 φέρω
1538 2747 1730 2797 κεφάλαια
1748 2761 1848 2797 παμ-

290 2804 437 2859 μεγέθη
458 2806 530 2846 δύο
639 2808 694 2845 44
714 2820 890 2857 purpura
906 2809 1090 2847 muriculi
1107 2810 1161 2847 ed⁴
1176 2809 1315 2847 Vicent.
1330 2814 1505 2858 purpura
1519 2807 1720 2845 marriculi
1732 2807 1775 2843 F
1779 2808 1846 2845 lor.

418 2879 553 2905 murex
582 2865 837 2906 Oasaubonus
975 2870 1028 2906 45
1056 2867 1145 2906 111οᾱ
1171 2880 1242 2918 ego
1269 2879 1351 2906 esse
1375 2868 1585 2905 Manutius
1608 2878 1669 2903 me
1696 2866 1847 2904 decesse

298 2926 490 2967 Usenerus
