2054 3282
338 189 395 230 60
897 180 1157 217 ANNALIUM
1182 180 1268 215 LIB.
1289 179 1322 214 X

1076 297 1144 332 VH

336 365 421 407 334
452 362 705 406 «Sollicitari
736 364 778 403 te
810 360 905 402 Tite
936 360 997 403 sic
1026 360 1258 414 noctesque
1289 358 1463 414 diesque

334 493 419 536 335
451 491 509 534 «O
541 492 636 534 Tite
667 492 703 533 si
735 491 837 546 quid
869 504 947 546 ego
980 489 1153 531 adiuero
1185 502 1382 531 curamve
1413 489 1578 532 levasso

451 563 565 613 Quae
596 577 709 605 nunc
739 564 781 603 te
814 561 959 615 coquit
990 562 1032 602 et
1057 562 1198 602 versat
1229 560 1274 602 in
1303 562 1475 615 pectore
1506 560 1603 615 fixa,

449 633 616 689 Ecquid
647 633 727 675 erit
757 631 951 687 praemi?

332 764 416 806 338
447 762 524 805 Ille
555 763 621 805 vir
651 762 765 804 haud
795 775 951 818 magna
982 775 1079 803 cum
1111 776 1156 803 re
1189 761 1262 803 sed
1292 760 1445 817 plenus
1476 761 1575 804 fidei

330 917 415 959 339
446 916 559 959 Hinc
589 915 687 959 Nox
718 915 926 971 processit
957 853 1372 959 stellffirdentibus
1405 919 1515 971 apta.

1081 1008 1132 1043 IX

331 1071 417 1113 340
448 1070 594 1113 Veluti
626 1070 661 1112 si
693 1069 862 1125 quando
895 1069 1044 1112 vinclis
1075 1069 1270 1112 venatica
1301 1070 1424 1113 velox

450 1199 515 1234 VH
536 1201 629 1244 (334)
664 1198 789 1233 Cicero
812 1198 888 1233 Cat.
910 1198 995 1233 mai.
1020 1202 1050 1242 1,
1067 1202 1084 1233 1
1109 1199 1175 1235 ‘«0
1189 1198 1273 1234 Tite
1294 1199 1325 1234 si
1345 1198 1436 1243 quid
1455 1210 1517 1246 eqo
1538 1201 1638 1245 (ego
1657 1199 1826 1244 plerique
1845 1201 1890 1235 te

331 1253 426 1298 Par.)
447 1253 597 1288 adiuero
619 1252 855 1298 (adiuvere
875 1251 977 1286 Leid.
998 1251 1113 1287 Paris.
1136 1252 1369 1288 adiu*ero
1395 1252 1579 1287 Ashburn.
1607 1253 1781 1288 adiuto
1810 1253 1889 1299 alii)

329 1317 356 1340 c.
378 1306 519 1340 levasso
541 1306 770 1351 (levavero
796 1305 913 1349 Leid.)
935 1316 1031 1349 quae
1053 1334 1058 1339 .
1077 1334 1082 1339 .
1101 1334 1107 1339 .
1128 1305 1202 1340 fixa
1226 1305 1361 1350 ecquid
1387 1305 1458 1341 erit
1476 1306 1620 1351 praemi
1640 1308 1703 1352 (et
1729 1306 1837 1351 quid
1857 1317 1887 1342 e.

326 1359 490 1403 premii
515 1359 573 1393 vel
598 1359 741 1404 pretii
766 1358 984 1404 nonnulli)».
1006 1358 1095 1393 lieet
1121 1358 1220 1393 enim
1239 1359 1331 1393 mihi
1351 1359 1518 1394 versibus
1538 1359 1678 1394 eisdem
1699 1359 1821 1395 adfari
1839 1361 1888 1405 te,

325 1412 464 1456 Attice,
491 1413 627 1457 quibus
655 1411 806 1447 adfatur
831 1411 1085 1446 Flamininum
1110 1411 1197 1448 «ille
1222 1412 1277 1446 vir
1298 1441 1304 1447 .
1328 1441 1333 1446 .
1359 1441 1364 1447 .
1386 1412 1508 1456 fidei»,
1535 1423 1763 1457 quamquam
1789 1414 1887 1449 certo

326 1465 411 1509 scio,
431 1476 505 1500 non
524 1468 567 1501 ut
586 1465 838 1500 Flamininum
858 1465 1077 1502 «sollicitari
1099 1494 1104 1499 .
1123 1494 1128 1499 .
1147 1494 1152 1500 .
1172 1465 1358 1510 diesque».
1381 1465 1560 1501 Catonem
1586 1477 1704 1510 suum,
1722 1477 1797 1501 non
1816 1466 1889 1501 En-

325 1519 428 1553 nium
443 1519 534 1554 dicit
548 1519 674 1555 Cicero
690 1519 738 1554 ad
752 1519 828 1553 Att.
844 1532 905 1553 xw
920 1522 974 1562 3,1
991 1520 1029 1553 et
1044 1523 1098 1562 11,
1115 1523 1145 1553 3.
1244 1518 1412 1554 Donatus
1426 1519 1466 1553 in
1479 1519 1559 1554 Ter.
1574 1519 1719 1554 Phorm.
1734 1520 1827 1564 prol.
1843 1523 1887 1555 34

327 1573 338 1589 ‘
348 1572 537 1607 adiutans:
553 1573 606 1607 sic
615 1572 828 1607 maluerunt
839 1573 979 1607 veteres
991 1583 1103 1617 quam
1113 1572 1294 1607 adiuvans
1306 1572 1438 1607 dicere.
1451 1572 1592 1607 Ennius
1607 1583 1652 1609 «o
1660 1572 1743 1607 Tite
1755 1573 1786 1607 si
1797 1573 1888 1617 quid

325 1637 385 1671 eqo
400 1630 431 1661 te
445 1627 572 1662 adiuto
593 1637 621 1660 c.
637 1626 712 1662 1.».'
730 1625 842 1660 Ennii
862 1636 1006 1660 versum
1024 1625 1140 1660 habet
1159 1637 1254 1660 unus
1275 1626 1353 1660 cod.
1369 1625 1468 1661 Ricc.
1485 1625 1529 1660 cf.
1542 1626 1782 1661 Wessnerum
1794 1638 1886 1661 mus.

325 1679 440 1713 Rhen.
463 1692 511 1713 Lu
530 1691 564 1724 p.
586 1682 642 1714 80.

441 1732 525 1767 VHI
545 1735 640 1779 (339)
678 1732 890 1768 Macrobius
911 1732 985 1767 Sat.
1001 1745 1039 1768 vr
1059 1736 1090 1776 1,
1106 1736 1125 1767 9
1146 1733 1274 1767 ‘axem
1292 1732 1444 1767 humero
1458 1733 1608 1777 torquet
1622 1732 1741 1768 stellis
1755 1733 1887 1768 arden-

322 1785 422 1820 tibus
449 1788 580 1831 aptum
600 1786 703 1832 (Aen.
724 1799 762 1821 1v
781 1788 874 1831 482).
895 1786 1036 1820 Ennius
1062 1785 1101 1820 in
1127 1799 1140 1820 1
1161 1786 1280 1832 [xxm]
1302 1787 1340 1820 et
1364 1786 1404 1820 in
1422 1786 1534 1821 tertio
1556 1787 1656 1833 [x11];
1675 1786 1715 1820 in
1734 1799 1757 1821 x
1778 1786 1888 1822 «hinc

327 1868 332 1873 .
350 1868 355 1873 .
373 1868 378 1873 .
403 1840 542 1884 apta».'

440 1893 490 1927 IX
510 1894 604 1939 (340)
643 1893 774 1927 Festus
791 1905 826 1937 p.
845 1895 922 1935 188,
940 1896 982 1927 17
997 1892 1063 1927 Th.
1082 1892 1204 1928 ‘nutu
1217 1892 1319 1927 canis
1333 1892 1372 1926 in
1386 1893 1586 1927 odorandis
1600 1892 1763 1927 ferarum
1776 1893 1887 1928 vesti—

324 1946 380 1991 gis
405 1946 535 1982 leviter
560 1946 753 1992 ganniens,
774 1947 817 1981 ut
835 1946 976 1980 Ennius
995 1946 1035 1980 in
1054 1946 1076 1980 1.
1098 1959 1121 1980 x
1141 1945 1279 1982 «veluti
1299 1946 1330 1980 si
1356 1945 1507 1990 quando
1534 1947 1691 1981 vinculis
1715 1946 1887 1982 venatica

322 2011 454 2035 veneno
478 2004 595 2045 παρίει
620 1999 724 2042 solet,
747 1999 778 2034 si
795 2000 889 2043 forte
913 2011 957 2035 eac
975 2010 1065 2034 nare
1086 2028 1092 2034 .
1110 2029 1115 2034 .
1134 2028 1139 2034 .
1160 2000 1263 2035 nictu
1287 2000 1476 2044 ululatque
1495 1999 1548 2033 ibi
1575 2003 1686 2034 acuta
1711 2003 1765 2035 et»
1785 2000 1885 2034 unde

323 2053 406 2098 ipsa
430 2053 627 2099 gannitio.'
648 2053 786 2088 Paulus
809 2053 932 2088 ‘uiuit
956 2053 1058 2087 canis
1084 2053 1123 2087 in
1149 2052 1348 2087 odorandis
1374 2052 1537 2087 ferarum
1561 2052 1730 2098 vestigiis
1757 2052 1888 2088 leviter

324 2107 514 2151 ganniens.
536 2106 676 2141 Ennius
697 2117 809 2142 «nare
831 2134 836 2140 .
854 2135 860 2140 .
878 2135 883 2140 .
904 2107 1011 2142 nictit
1035 2107 1246 2151 ululatque»
1271 2106 1371 2141 unde
1392 2107 1429 2140 et
1449 2105 1646 2151 gannitio.'
1753 2105 1886 2141 Osber-

324 2171 391 2193 nus
405 2170 569 2204 panorm.
586 2160 690 2206 (thes.
707 2170 787 2195 nov.
803 2160 898 2206 Lat.)
912 2160 953 2194 A.
970 2159 1047 2195 Mai
1067 2159 1172 2195 class.
1190 2160 1285 2194 auct.
1301 2173 1367 2194 vm
1385 2171 1420 2204 p.
1438 2162 1505 2193 372
1523 2159 1630 2194 ‘hinc
1650 2159 1765 2195 etiam
1784 2159 1885 2194 nicto

445 2319 528 2357 334
554 2321 765 2369 noctesque
791 2319 950 2369 diesque
973 2318 1103 2358 Cicero
1128 2330 1275 2367 quoque
1292 2322 1453 2367 praeter
1478 2320 1790 2357 consuetudinem
1820 2320 1888 2358 sed

324 2376 449 2415 Ennii
472 2389 614 2415 memor
637 2382 681 2417 ut
704 2379 856 2417 videtur
879 2380 1034 2427 scripsit
1057 2380 1103 2417 de
1127 2380 1193 2426 fin.
1215 2390 1230 2415 1
1253 2377 1315 2427 16,
1333 2387 1379 2425 51
1404 2390 1547 2428 easque
1567 2379 1672 2428 ipsas
1699 2379 1885 2417 sollici-

324 2435 513 2474 tudines
541 2438 679 2486 quibus
700 2451 834 2477 eorum
854 2438 976 2476 animi
1001 2439 1259 2486 noctesque
1285 2437 1481 2486 diesque
1502 2437 1731 2482 exeduntur,
1752 2449 1887 2485 quam-

324 2506 441 2542 quam
459 2495 687 2544 Madviqsius
707 2498 819 2536 aliter
837 2499 959 2542 sentit,
980 2498 1047 2535 sed
1065 2497 1151 2535 vide
1169 2496 1464 2535 Friedlaenderz'
1476 2508 1646 2544 prooem.
1667 2497 1882 2544 Reyimont.

325 2565 360 2591 a.
382 2551 491 2590 1860
505 2567 545 2601 p.
566 2567 622 2592 111.
644 2553 794 2608 ὀιζυραὶ
813 2554 856 2594 δέ
874 2556 916 2595 οἱ
932 2554 1006 2594 αἰεὶ
1026 2555 1247 2606 φθίνουσιν
1266 2554 1404 2601 νύκτες
1429 2568 1466 2593 τε
1491 2553 1557 2593 καὶ
1583 2552 1712 2605 ’ἤματα
1739 2554 1884 2607 δακρυ-

325 2611 466 2667 χεούσῃ
489 2611 659 2661 Odyssea
780 2616 863 2653 335
886 2615 1066 2653 adiuero:
1085 2616 1130 2662 cf.
1143 2615 1227 2653 Ter.
1242 2615 1398 2653 Phorm.
1418 2621 1497 2662 537
1509 2627 1523 2660 ;
1545 2612 1721 2652 Catullus
1742 2612 1811 2662 66,
1832 2612 1881 2651 18

325 2683 403 2709 non
416 2672 475 2709 ita
487 2684 548 2709 me
563 2671 644 2710 divi
662 2686 756 2711 vera
775 2676 937 2723 gemunt
955 2675 1170 2712 iuverint
1190 2671 1307 2723 (libri,
1322 2674 1422 2721 quod
1437 2684 1515 2711 esse
1527 2672 1674 2710 inerint
1688 2668 1886 2726 debebat),-

324 2731 551 2778 Propertius
570 2743 600 2768 11
620 2741 685 2780 23,
703 2741 752 2767 22
776 2745 837 2770 me
862 2734 1009 2771 iuerint
1029 2728 1268 2786 (iuverint
1293 2732 1417 2780 Neap.
1439 2732 1600 2782 capiant
1625 2726 1754 2784 ceteri)

327 2790 411 2827 336
434 2791 586 2839 coquit:
607 2790 798 2838 Verqilius
811 2789 907 2829 Aen.
928 2805 985 2830 vn
1007 2801 1089 2840 345
1119 2792 1320 2830 ardentem
1345 2803 1537 2840 curaeque
1561 2791 1721 2839 iraeque
1747 2803 1886 2841 coque-

325 2848 432 2897 bant,
454 2852 488 2887 εἰ
504 2851 566 2887 ira
584 2851 740 2897 saepius
759 2862 924 2898 coquere
944 2852 1084 2890 dicitur
1223 2852 1308 2890 340
1335 2850 1460 2888 Sicuti
1486 2851 1519 2888 si
1538 2849 1694 2898 quando
1714 2849 1886 2899 Scaliyer

325 2908 450 2946 veluti
473 2908 630 2958 quando
653 2908 855 2947 Turnebus
980 2910 1119 2949 vinclis
1139 2911 1321 2948 venatica
1339 2910 1453 2947 velox
1473 2910 1567 2958 apta
1586 2909 1686 2946 idem
