2054 3282
839 181 1034 217 HECUBA
1629 181 1649 221 1
1657 180 1712 221 55

658 367 810 394 HECUBA
831 367 1097 394 POLYMESTORI
1113 366 1206 400 (1226)

150 422 238 464 210
268 420 444 464 Amicus
471 424 610 464 certus
636 421 681 463 in
706 436 751 464 re
777 421 938 464 incerta
963 422 1161 463 cernitur.

626 593 838 619 AGAMEMNO
857 593 926 618 POL
935 593 1123 618 YMESTORI
1140 592 1232 625 (1247)

151 642 234 683 211
271 640 344 684 Set
370 656 603 697 numquam
630 641 864 696 scripsistis
892 642 967 696 qui
992 643 1214 695 parentem
1241 643 1315 682 aut
1339 639 1556 694 hospitem

268 712 471 756 Necasset
496 727 577 768 quo
604 713 699 767 quis
727 712 916 755 cruciatu
941 711 1184 767 perbiberet.

779 876 1088 922 IPHIGENIA

925 978 942 1012 Ι

772 1045 985 1071 AGAMEMNO
1004 1044 1096 1078 (1-3)

152 1094 238 1136 213
453 1093 651 1148 Procede,
678 1093 856 1149 gradum
881 1093 1073 1148 proferre
1097 1092 1266 1148 pedum,

451 1164 495 1207 N
497 1165 614 1220 itere,
640 1179 788 1221 cessas,
815 1179 839 1206 o
865 1164 949 1206 fide

152 1294 306 1329 Hecuba
326 1305 422 1338 quae
438 1297 528 1329 1258
545 1294 637 1329 dicit
657 1295 700 1329 οὐ
721 1294 791 1339 γάρ
812 1306 855 1339 με
875 1292 1019 1340 χαίρειν
1040 1291 1110 1338 χρή
1130 1304 1167 1328 σε
1186 1291 1483 1339 τιμωρουμένην;
1504 1292 1617 1327 etiam
1632 1302 1716 1327 con-

155 1347 260 1382 tinuo
280 1358 320 1382 re
340 1349 446 1393 gesta
465 1348 542 1383 Iovi
561 1347 628 1382 illa
647 1347 767 1383 forma
786 1347 928 1393 gratias
949 1357 1060 1392 agere
1078 1346 1212 1391 potuit.

270 1401 353 1435 XHI
373 1403 469 1447 (210)
509 1400 633 1436 Cicero
654 1401 753 1436 Lael.
771 1404 825 1443 17,
839 1404 883 1435 64
901 1401 1033 1445 ‘quam
1053 1411 1183 1445 graves
1204 1410 1317 1444 quam
1338 1398 1509 1434 difficiles
1529 1399 1717 1444 plerisque

155 1454 325 1489 videntur
344 1455 602 1489 calamitatum
622 1454 836 1489 societates:
859 1454 907 1489 ad
927 1465 1018 1498 quas
1038 1456 1112 1488 non
1127 1454 1184 1487 est
1196 1453 1307 1487 facile
1321 1453 1474 1487 inventu
1488 1452 1553 1497 qui
1567 1452 1717 1487 descen-

153 1508 233 1542 dat:
255 1519 483 1552 quamquam
502 1507 642 1542 Ennius
662 1509 761 1542 recte
782 1508 947 1544 «amicus
970 1536 975 1541 .
994 1535 999 1541 .
1017 1535 1022 1541 .
1045 1507 1257 1542 cernitur».’
1365 1506 1423 1541 Ita
1441 1506 1646 1551 Euripidea
1664 1505 1717 1540 lo-

153 1561 280 1605 quitur
292 1561 446 1596 Hecuba
461 1565 552 1595 1226
568 1561 607 1597 ἐν
625 1567 703 1602 τοῖς
722 1567 852 1602 κακοῖς
871 1561 940 1606 γὰρ
962 1560 1104 1607 ἁγαθοὶ
1119 1559 1342 1605 σαφέστατοι
1356 1558 1469 1605 φίλοι,
1483 1559 1718 1605 Hartungus-

153 1625 224 1659 que
244 1614 370 1659 Eurip.
386 1615 502 1649 restit.
518 1628 529 1648 1
549 1626 584 1659 p.
601 1618 668 1649 529
690 1615 769 1649 iure
789 1615 901 1649 Ennii
920 1625 1065 1649 versum
1084 1614 1260 1649 Hecubae
1281 1613 1444 1648 adscribi
1462 1613 1581 1648 iussit.

270 1667 355 1702 XIV
375 1669 471 1713 (211)
504 1667 647 1702 Nonius
666 1680 701 1713 p.
719 1672 798 1712 153,
814 1672 857 1702 28
875 1668 1078 1713 ‘pervitere
1097 1667 1218 1713 perire
1234 1696 1239 1701 .
1258 1696 1263 1701 .
1282 1696 1287 1701 .
1303 1667 1444 1702 Ennius
1464 1667 1619 1702 Hecuba
1639 1668 1719 1703 «set

152 1733 186 1755 n.
202 1721 402 1766 scripsistis
421 1722 503 1766 quis
518 1750 523 1755 .
541 1750 546 1755 .
565 1726 750 1757 meeassat
769 1733 857 1766 quos
876 1722 958 1766 quis
978 1722 1165 1757 cruciatur
1183 1720 1437 1766 perbite1·et».'
1548 1720 1651 1755 Haec
1670 1721 1719 1755 ad

152 1774 341 1819 Euripidis
353 1774 440 1809 Hec.
451 1778 541 1809 1247
555 1773 638 1821 τάχ’
657 1772 724 1811 οὖν
740 1773 827 1819 παρ’
843 1776 930 1820 ὑμῖν
951 1772 1084 1823 ῥᾴδιον
1099 1775 1343 1818 ξενοκτονεῖν,
1357 1774 1445 1819 ἡμῖν
1460 1772 1503 1810 δέ
1515 1772 1549 1819 γ’
1565 1774 1718 1820 αἰσχρὸν

151 1833 269 1863 τοῖσιν
276 1825 447 1873 Ἕλλησιν
460 1826 547 1865 τόδε
557 1829 677 1863 redire
693 1839 775 1863 cum
785 1828 1097 1863 OsannoBothius
1112 1828 1314 1863 intellexit:
1330 1828 1396 1863 alii
1410 1827 1504 1862 falso
1520 1828 1568 1862 ad
1582 1831 1649 1862 803
1665 1839 1717 1872 sq.

151 1880 280 1916 referri
299 1881 503 1916 voluerunt.

270 1963 522 1999 IPHIGENIA
558 1965 749 2010 Euripidis
768 1965 1003 2011 Iphigeniam
1017 1965 1257 2000 Aulidensem
1271 1965 1432 1999 Ennium
1453 1966 1620 2000 secutum
1640 1975 1719 1999 esse

154 2019 191 2052 et
209 2018 399 2052 imitatum
418 2029 491 2052 non
511 2018 630 2052 multa
650 2019 714 2052 sed
735 2019 835 2053 certa
855 2018 1025 2063 exempla
1045 2019 1194 2062 docent3
1216 2029 1312 2063 quae
1331 2018 1407 2053 iam
1422 2017 1600 2053 Columna
1619 2019 1718 2053 recte

153 2071 312 2115 taxavit3
334 2071 410 2105 alia
430 2071 496 2105 alii
516 2071 751 2106 addiderunt.

272 2124 288 2158 Ι
308 2125 405 2169 (213)
444 2124 574 2159 Festus
594 2137 629 2169 p.
646 2128 725 2167 324,
741 2128 785 2159 28
800 2124 865 2159 Th.
884 2125 1041 2170 ‘pedum
1068 2126 1124 2159 est
1143 2125 1295 2169 quidem
1314 2124 1489 2160 baculum
1515 2124 1718 2168 incurvum,

154 2188 226 2222 quo
246 2179 413 2222 pastores
434 2178 590 2212 utuntur
610 2178 659 2212 ad
679 2178 1032 2223 conprehendendas
1053 2189 1137 2213 oves
1158 2180 1224 2213 aut
1237 2189 1379 2223 capras,
1395 2178 1598 2223 apedibus.
1614 2178 1718 2213 euius

153 2244 200 2265 m.
217 2232 264 2277 (h.
281 2242 310 2265 e.
325 2230 552 2276 meminit)
571 2231 686 2266 etiam
699 2231 887 2277 Vergilius
908 2231 947 2266 in
966 2231 1145 2267 bucolicis
1160 2234 1207 2277 (5,
1221 2233 1281 2277 88)
1296 2243 1380 2267 cum
1400 2231 1454 2267 ait
1474 2232 1537 2268 «at
1554 2232 1597 2266 tu
1616 2243 1719 2266 sume

153 2285 331 2329 pedum».
354 2284 419 2318 sed
439 2284 478 2318 in
498 2295 540 2319 co
561 2295 666 2319 versu
687 2286 751 2329 qui
772 2287 828 2320 est
847 2285 885 2320 in
908 2285 1100 2333 iphigenie
1120 2286 1217 2320 Enni
1238 2286 1418 2330 «procede
1440 2314 1446 2319 .
1464 2314 1469 2319 .
1487 2314 1493 2319 .
1515 2296 1659 2321 cessas»
1678 2285 1719 2320 id

153 2338 277 2383 ipsum
295 2337 460 2372 iaculum
481 2338 710 2383 (baculum
724 2337 892 2383 Ursinus)
908 2338 1111 2383 significari
1131 2350 1214 2373 cum
1234 2339 1288 2373 ait
1298 2338 1460 2382 Verrius,
1479 2338 1608 2374 mirari
1628 2339 1719 2374 satis

154 2403 228 2427 non
246 2402 408 2436 possum,
429 2402 512 2425 cum
533 2391 581 2426 sit
601 2392 689 2426 ordo
709 2391 796 2426 talis
817 2393 854 2426 et
872 2402 939 2436 per
959 2402 1042 2426 eum
1056 2391 1280 2437 significatio
1296 2394 1427 2438 aperta
1441 2392 1622 2438 «gradum
1634 2402 1719 2437 pro-

276 2564 356 2601 211
381 2565 556 2613 scripstis
579 2564 737 2602 Vossius
873 2563 1061 2612 Intelliyit
1078 2562 1211 2614 νόμων
1231 2563 1387 2616 γραφάς
1407 2575 1505 2612 quas
1524 2565 1617 2603 dicit
1634 2564 1718 2602 Eu-

156 2624 301 2671 ripides
319 2635 352 2660 v.
369 2620 451 2660 866
581 2623 648 2672 qui
667 2623 828 2661 Iunius:
849 2623 937 2672 quis
1066 2624 1148 2662 212
1170 2623 1358 2662 Necasset
1378 2636 1456 2673 quo
1469 2624 1631 2662 lamus:
1651 2635 1717 2660 ne-

156 2683 286 2721 cassat
306 2694 402 2731 quos
523 2683 556 2720 is
582 2694 659 2731 quo
685 2682 886 2720 Pontcmus
1000 2683 1176 2721 cruciatu
1195 2683 1357 2721 Iunius:
1378 2684 1576 2721 cruciatur

159 2742 241 2779 213
263 2753 316 2789 sq.
339 2741 535 2780 Orationis
554 2742 721 2789 formam
740 2753 856 2789 quam
875 2742 1113 2780 distinctione
1133 2743 1302 2780 indicavi
1323 2742 1486 2790 emptioni
1507 2743 1540 2779 et
1557 2742 1718 2788 firmare

155 2801 287 2839 studui
299 2802 342 2839 ‘m
355 2812 523 2849 prooem.
540 2798 648 2836 1880
659 2813 702 2848 p.
718 2799 766 2837 16
782 2812 835 2848 sq.
949 2800 1120 2839 Procede
1135 2798 1171 2839 h.
1185 2814 1212 2839 e.
1229 2800 1361 2852 δόμων
1381 2800 1502 2839 τῶνδε
1522 2798 1717 2851 πάροιθεν

156 2862 297 2910 στεῖχε,·
317 2861 364 2907 cf.
378 2860 522 2898 Seneca
538 2861 679 2898 Troad.
698 2868 777 2906 705
800 2860 875 2897 huc
895 2873 914 2898 e
934 2860 1097 2899 latebris
1117 2860 1282 2910 procede
1302 2860 1381 2898 tuis
1498 2860 1581 2897 214
1603 2871 1716 2898 senex

157 2919 246 2956 adel.
262 2918 469 2968 Berykiusl
