2020 3334
842 216 980 251 ENNII
1004 216 1120 252 VITA
1548 191 1553 195 ⁹
1688 219 1773 254 xm

490 328 582 366 Post
610 331 768 367 mortem
800 329 974 374 ducibus,
1004 341 1083 367 non
1113 330 1248 368 celeres
1278 331 1396 379 fuyae

492 387 740 436 Reiectaeque
770 391 982 426 retrorsum
1013 389 1256 427 Hannibalis
1286 391 1427 434 minae,

488 447 581 485 Non
611 447 793 485 incendia
826 446 1076 496 Carthayinis
1107 449 1262 496 impiae,

491 506 606 550 Eius,
637 507 705 554 qui
735 506 880 544 domita
909 517 1048 544 nomen
1079 507 1128 544 ab
1158 506 1302 555 Africa

489 565 689 603 Lucratus
719 565 847 609 rediit,
879 565 1025 603 clarius
1055 565 1233 604 indicant

489 624 650 662 Laudes
681 636 799 672 quam
833 622 1025 662 Calabrae
1055 624 1241 663 Pierides.

206 684 310 722 Nam
355 683 557 721 annalium
593 683 747 720 nullam
782 684 939 731 partem
977 682 1199 732 Scipionem
1243 683 1386 722 vidisse
1423 684 1521 722 mihi
1565 686 1771 735 persuade-

207 745 283 781 tur.
330 742 408 781 Sed
439 755 484 780 ex
523 743 649 780 altera
685 742 800 790 parte
839 741 886 780 de
925 742 1101 780 amicitia
1139 755 1241 791 quae
1281 742 1386 780 inter
1423 755 1487 781 eos
1518 744 1641 782 fuerit
1671 745 1772 782 nihil

206 801 398 840 traditum
430 803 500 849 est,
531 800 608 839 nisi
639 800 745 850 quod
771 799 906 838 Cicero
937 801 1074 839 scribit
1104 814 1176 851 pro
1201 801 1347 839 Archia
1373 796 1432 855 (9,
1453 797 1527 854 22)
1556 815 1672 841 carus
1696 806 1773 851 fuit

206 860 399 909 Africano
435 861 630 908 superiori
659 862 787 898 noster
818 860 995 904 Ennius,
1031 862 1159 908 itaque
1196 862 1311 898 etiam
1349 862 1392 899 in
1421 862 1595 909 sepulcro
1626 862 1772 910 Scipio-

206 933 302 959 num
331 922 499 967 putatur
534 920 569 957 is
607 930 686 957 esse
723 921 949 958 constitutus
987 931 1032 958 ex
1067 931 1280 958 marmore:
1320 933 1420 969 quae
1455 921 1666 960 scholiasta
1697 922 1771 959 Bo-

206 979 351 1018 biensis
378 973 433 1031 (p.
461 979 544 1016 358
566 973 651 1031 Or.)
676 977 719 1016 in
745 978 909 1016 eandem
935 979 1173 1017 sententiam
1198 979 1318 1017 latius
1344 980 1588 1029 explanavit:
1617 982 1772 1019 natione

207 1039 392 1077 Rudinus
428 1039 507 1086 fuit
543 1037 585 1086 Q.
612 1038 771 1076 Ennius
808 1050 919 1085 quem
959 1040 1138 1085 superior
1173 1036 1393 1086 Africanus
1436 1039 1614 1078 dilectum
1655 1042 1770 1087 fami-

208 1099 417 1136 liarissime
454 1099 569 1136 etiam
606 1099 883 1135 communicato
919 1098 1113 1145 sepulchri
1148 1098 1289 1136 honore
1326 1098 1469 1136 dicitur
1504 1100 1547 1136 in
1579 1101 1772 1137 maiorum

207 1169 368 1195 suorum
397 1168 604 1195 numerum
633 1157 832 1205 redeyisse.
895 1155 971 1194 Sed
1003 1158 1170 1206 apparet
1201 1156 1335 1207 colligi
1365 1157 1483 1195 istam
1515 1170 1633 1206 quam
1662 1171 1771 1207 prae-

210 1216 345 1254 dicant
374 1216 691 1253 familiaritatem
724 1215 919 1265 Scipionis
952 1229 1040 1254 cum
1072 1215 1200 1254 Ennio
1233 1229 1279 1253 ex
1311 1216 1459 1254 credita
1491 1218 1623 1254 statua
1654 1217 1774 1254 Ennii

209 1288 311 1325 quae
340 1276 462 1313 fuerit
491 1276 533 1312 in
565 1274 759 1324 Scipionis
791 1275 969 1324 sepulcro
1007 1274 1233 1313 constituta.
1285 1275 1344 1312 De
1377 1288 1455 1324 qua
1485 1288 1526 1313 re
1559 1276 1654 1325 quid
1684 1289 1772 1325 pro-

210 1335 340 1373 babile
372 1334 424 1372 sit
456 1347 525 1373 suo
556 1334 641 1372 loco
675 1346 875 1383 exponam.
940 1334 1015 1372 Sed
1045 1334 1162 1372 facile
1194 1334 1386 1372 credimus
1419 1335 1539 1372 etiam
1565 1335 1647 1373 sine
1672 1337 1773 1373 teste

211 1394 386 1443 Scipioni
405 1394 594 1431 Africano
615 1406 750 1431 carum
770 1393 890 1431 fuisse
911 1406 1000 1431 eum
1018 1394 1178 1442 poetam
1197 1394 1267 1442 qui
1285 1395 1368 1430 tam
1386 1394 1611 1443 praeclarus
1630 1407 1771 1443 praeco

212 1455 314 1492 esset
343 1465 476 1490 rerum
506 1453 556 1490 ab
589 1465 632 1490 eo
665 1454 874 1503 gestarum.
924 1452 1028 1489 Nam
1059 1465 1166 1490 mero
1197 1453 1302 1490 lusui
1332 1452 1485 1502 poetico
1511 1453 1702 1490 debentur
1727 1466 1772 1490 ea

215 1525 316 1562 quae
349 1511 591 1550 Claudianus
629 1512 676 1549 de
714 1511 919 1550 consulatu
952 1510 1179 1550 Stilichonis
1214 1509 1296 1561 (lib.
1323 1523 1369 1548 111
1392 1507 1534 1564 praef.)
1566 1512 1613 1550 de
1645 1512 1772 1550 Ennio

209 1584 333 1620 paene
365 1573 555 1621 perpetuo
595 1570 788 1620 Scipionis
819 1571 862 1608 in
899 1572 1042 1620 pugnis
1080 1583 1125 1609 ac
1160 1570 1320 1620 proeliis
1353 1570 1494 1608 comite
1527 1571 1684 1609 cecinit:
1728 1584 1773 1608 ex

210 1630 352 1680 quibus
385 1631 481 1669 satis
513 1630 566 1668 sit
597 1629 777 1668 attulisse
810 1624 903 1682 (11)
936 1630 1134 1668 Haerebat
1163 1630 1294 1668 doctus
1331 1630 1444 1668 lateri
1474 1631 1683 1678 castrisque
1713 1641 1772 1668 so-

211 1691 312 1728 lebat
343 1688 531 1727 Omnibus
561 1690 605 1727 in
635 1689 784 1727 medias
815 1689 974 1727 Ennius
1004 1690 1062 1727 ire
1092 1689 1216 1727 tubas.

327 1748 379 1786 M.
413 1747 574 1787 Catonis
614 1760 772 1797 quoque
809 1761 954 1798 magna
990 1748 1077 1787 laus
1114 1747 1193 1785 fuit
1230 1748 1270 1785 in
1314 1748 1540 1796 annalibus,
1582 1747 1623 1785 id
1668 1748 1773 1797 quod

214 1807 348 1846 Cicero
393 1807 566 1845 affirmat
608 1807 664 1845 ibi
707 1807 775 1844 ubi
819 1807 1002 1845 similiter
1042 1807 1089 1845 de
1131 1806 1319 1845 Africano
1362 1807 1538 1856 loquitur
1576 1801 1684 1860 (ann.
1717 1819 1774 1844 xn

210 1868 257 1905 fr.
284 1862 355 1920 1v).
412 1866 488 1912 Qui
532 1866 638 1916 quod
676 1866 850 1904 Ennium
893 1867 1132 1915 familiarem
1174 1869 1349 1904 nostrum
1393 1866 1489 1905 dicit
1532 1861 1598 1919 (de
1630 1879 1707 1905 sen.
1736 1867 1773 1914 4,

217 1921 302 1979 10),
334 1926 551 1965 cavendum
582 1927 641 1964 est
671 1939 720 1963 ne
751 1926 843 1963 huic
871 1925 1011 1964 Catoni
1037 1926 1222 1963 Tulliano
1254 1925 1418 1963 nimium
1450 1926 1672 1963 tribuamus
1705 1925 1773 1974 qui

211 1986 338 2036 magis
370 1986 420 2023 ad
453 1985 650 2024 Ciceronis
687 1987 859 2023 mentem
891 1998 1012 2034 quam
1048 1985 1097 2023 ad
1127 1998 1258 2022 rerum
1288 1985 1496 2023 veritatem
1527 1985 1637 2033 loqui
1668 1984 1773 2022 vide-

212 2047 290 2083 tur.
351 2045 455 2082 Nam
485 2046 671 2082 naturam
702 2044 868 2082 duorum
899 2045 1060 2094 propius
1091 2044 1318 2094 inspicienti
1350 2044 1477 2081 multo
1505 2045 1620 2093 plura
1652 2055 1773 2092 appa-

211 2104 354 2142 rebunt
386 2117 499 2153 quae,
530 2104 624 2142 licet
652 2102 748 2141 Cato
773 2103 948 2141 Ennium
976 2103 1142 2142 Romam
1174 2103 1388 2150 deduxerit,
1418 2102 1607 2140 familiari
1639 2115 1773 2140 eorum

213 2163 444 2202 commercio
482 2163 784 2202 adversarentur
822 2175 941 2211 quam
973 2176 1073 2211 quae
1104 2163 1141 2199 ei
1170 2162 1303 2200 favere
1333 2163 1503 2211 possent.
1555 2160 1673 2199 Cuius
1704 2162 1773 2209 rei,

213 2225 258 2260 ut
294 2223 499 2259 mittamus
539 2221 746 2273 acerrimas
783 2221 1012 2259 inimicitias
1051 2221 1192 2270 quibus
1233 2219 1330 2258 Cato
1368 2220 1591 2270 Scipionem
1621 2220 1772 2258 Africa-

213 2295 307 2319 num
343 2282 571 2331 persecutus
610 2281 685 2328 est,
723 2281 860 2318 statim
893 2294 1015 2317 unum
1046 2292 1199 2319 necesse
1232 2282 1291 2318 est
1327 2279 1517 2317 indicium
1554 2279 1772 2317 afferamus.

332 2341 436 2378 Nam
467 2353 559 2378 vera
589 2339 696 2377 haud
728 2339 844 2377 dubie
875 2339 1053 2377 amicitia
1082 2339 1160 2376 fuit
1191 2338 1319 2376 Ennio
1351 2351 1441 2376 cum
1466 2338 1630 2387 Fulviis,
1660 2340 1773 2388 patre

214 2402 254 2438 et
290 2399 391 2448 filio,
430 2412 598 2449 quorum
629 2399 715 2447 ille,
746 2399 797 2436 M.
823 2399 989 2436 Fulvius
1020 2398 1219 2446 Nobilior,
1257 2398 1392 2436 consul
1424 2398 1517 2435 anni
1548 2411 1584 2435 u.
1618 2410 1648 2435 0.
1676 2398 1772 2445 565,

214 2471 303 2496 cum
338 2458 536 2497 Aetoliam
581 2458 826 2508 provinciam
864 2458 1026 2496 sortitus
1064 2459 1166 2496 esset
1203 2452 1270 2510 (cf.
1302 2456 1439 2495 Livius
1465 2468 1605 2495 xxxvn
1626 2458 1692 2505 50,
1714 2451 1772 2508 8),

215 2518 390 2555 Ennium
431 2519 591 2568 poetam
634 2529 765 2556 secum
807 2516 848 2554 in
888 2517 1134 2566 provinciam
1171 2516 1343 2554 deduxit.
1411 2515 1523 2561 Quod
1562 2515 1694 2553 Cicero
1731 2515 1772 2552 in

213 2577 391 2615 oratione
433 2590 504 2627 pro
542 2576 690 2615 Archia
731 2579 866 2625 poeta,
910 2588 998 2614 cum
1040 2576 1168 2626 poesis
1212 2575 1448 2626 dignitatem
1490 2576 1772 2625 poetarumque

214 2636 374 2674 laudem
412 2637 566 2674 efferret
598 2630 686 2689 (11,
708 2630 801 2687 27),
837 2635 879 2672 in
909 2635 1013 2673 hunc
1042 2635 1202 2673 modum
1234 2635 1440 2684 expressit:
1477 2636 1559 2672 iam
1591 2645 1678 2672 vero
1708 2633 1772 2670 ille

215 2697 281 2743 qui
312 2708 399 2734 cum
429 2694 576 2734 Aetolis
608 2695 741 2733 Ennio
772 2696 905 2733 comite
936 2695 1101 2739 bellavit,
1132 2695 1301 2732 Fulvius
1330 2705 1410 2731 non
1440 2693 1630 2731 dubitavit
1658 2692 1771 2729 Mar-

215 2756 264 2792 tis
299 2756 508 2793 manubias
545 2755 678 2792 Musis
715 2765 946 2792 consecrare.
995 2754 1054 2791 Ac
1091 2766 1139 2791 ne
1176 2752 1268 2790 huic
1311 2753 1380 2790 uni
1423 2751 1639 2790 sententiae
1682 2749 1771 2787 sub-

214 2813 278 2850 tili
316 2814 602 2852 contrariorum
638 2813 791 2851 ratione
836 2813 984 2862 politae
1026 2812 1121 2850 fides
1158 2812 1369 2859 habeatur,
1411 2810 1453 2848 in
1490 2810 1675 2859 promptu
1712 2809 1771 2846 est

216 2872 385 2910 alterum
418 2871 614 2911 Ciceronis
650 2871 941 2920 testimonium,
979 2884 1056 2921 quo
1096 2872 1234 2909 auctor
1264 2870 1517 2920 gravissimus
1549 2869 1606 2905 rei
1636 2879 1770 2904 narra-

216 2932 280 2969 tae
312 2933 580 2982 cognoscitur:
611 2931 653 2969 in
679 2931 991 2969 Tusculanarum
1023 2930 1126 2968 enim
1152 2929 1463 2979 disputationum
1487 2928 1613 2977 primo
1640 2921 1699 2978 (2,
1714 2921 1771 2977 3),

1730 3068 1735 3095 l
