<?xml version="1.0" encoding="UTF-8"?>
<!DOCTYPE html PUBLIC "-//W3C//DTD XHTML 1.0 Transitional//EN"
    "http://www.w3.org/TR/xhtml1/DTD/xhtml1-transitional.dtd">
<html xmlns="http://www.w3.org/1999/xhtml" xml:lang="en" lang="en">
 <head>
  <title>
</title>
<meta http-equiv="Content-Type" content="text/html;charset=utf-8" />
  <meta name='ocr-system' content='tesseract 3.04.00' />
  <meta name='ocr-capabilities' content='ocr_page ocr_carea ocr_par ocr_line ocrx_word'/>
</head>
<body>
  <div class='ocr_page' id='page_1' title='image "./ennianaepoesisre00enniuoft_0228.png"; bbox 0 0 2004 3278; ppageno 0'>
   <div class='ocr_carea' id='block_1_1' title="bbox 295 177 1354 222">
    <p class='ocr_par' dir='ltr' id='par_1_1' title="bbox 295 177 1354 222">
     <span class='ocr_line' id='line_1_1' title="bbox 295 177 1354 222; baseline -0.01 0"><span class='ocrx_word' id='word_1_1' title='bbox 295 185 470 222; x_wconf 84' lang='lat' dir='ltr'>CCXXIV</span> <span class='ocrx_word' id='word_1_2' title='bbox 782 181 826 216; x_wconf 89' lang='lat' dir='ltr'>H.</span> <span class='ocrx_word' id='word_1_3' title='bbox 853 180 918 215; x_wconf 86' lang='lat' dir='ltr'>DE</span> <span class='ocrx_word' id='word_1_4' title='bbox 943 178 1098 214; x_wconf 78' lang='lat' dir='ltr'><strong>LIBRJS</strong></span> <span class='ocrx_word' id='word_1_5' title='bbox 1122 177 1354 213; x_wconf 81' lang='lat' dir='ltr'>ENNIANIS</span> 
     </span>
    </p>
   </div>
   <div class='ocr_carea' id='block_1_2' title="bbox 283 291 1857 2885">
    <p class='ocr_par' dir='ltr' id='par_1_2' title="bbox 618 291 1436 338">
     <span class='ocr_line' id='line_1_2' title="bbox 618 291 1436 338; baseline -0.005 -6"><span class='ocrx_word' id='word_1_6' title='bbox 618 300 684 332; x_wconf 81' lang='lat'>137</span> <span class='ocrx_word' id='word_1_7' title='bbox 709 291 945 331; x_wconf 74' lang='lat' dir='ltr'>curaverunt</span> <span class='ocrx_word' id='word_1_8' title='bbox 967 291 1315 338; x_wconf 76' lang='lat' dir='ltr'>decoraveruntque</span> <span class='ocrx_word' id='word_1_9' title='bbox 1339 301 1436 329; x_wconf 86' lang='lat' dir='ltr'>ewm.</span> 
     </span>
    </p>

    <p class='ocr_par' dir='ltr' id='par_1_3' title="bbox 283 345 1857 2885">
     <span class='ocr_line' id='line_1_3' title="bbox 283 345 1851 399; baseline -0.003 -6"><span class='ocrx_word' id='word_1_10' title='bbox 283 345 535 394; x_wconf 40' lang='lat' dir='ltr'>‘offendimus</span> <span class='ocrx_word' id='word_1_11' title='bbox 555 354 687 390; x_wconf 90' lang='lat' dir='ltr'>autem</span> <span class='ocrx_word' id='word_1_12' title='bbox 704 353 863 389; x_wconf 88' lang='lat' dir='ltr'>tantum</span> <span class='ocrx_word' id='word_1_13' title='bbox 881 349 1069 387; x_wconf 77' lang='lat' dir='ltr'><strong>iambicos</strong></span> <span class='ocrx_word' id='word_1_14' title='bbox 1088 348 1386 398; x_wconf 86' lang='lat' dir='ltr'>trochaicosque</span> <span class='ocrx_word' id='word_1_15' title='bbox 1404 361 1599 399; x_wconf 90' lang='lat' dir='ltr'>numeros,</span> <span class='ocrx_word' id='word_1_16' title='bbox 1618 350 1748 388; x_wconf 90' lang='lat' dir='ltr'>nullos</span> <span class='ocrx_word' id='word_1_17' title='bbox 1762 350 1851 389; x_wconf 84' lang='lat' dir='ltr'>dae-</span> 
     </span>
     <span class='ocr_line' id='line_1_4' title="bbox 293 407 1852 464; baseline -0.002 -13"><span class='ocrx_word' id='word_1_18' title='bbox 293 414 454 464; x_wconf 82' lang='lat' dir='ltr'>tylicos:</span> <span class='ocrx_word' id='word_1_19' title='bbox 480 424 556 461; x_wconf 93' lang='lat' dir='ltr'>quo</span> <span class='ocrx_word' id='word_1_20' title='bbox 582 411 711 448; x_wconf 90' lang='lat' dir='ltr'>minus</span> <span class='ocrx_word' id='word_1_21' title='bbox 736 409 941 459; x_wconf 83' lang='lat' dir='ltr'>probabile</span> <span class='ocrx_word' id='word_1_22' title='bbox 966 410 1027 446; x_wconf 88' lang='lat' dir='ltr'>est</span> <span class='ocrx_word' id='word_1_23' title='bbox 1044 408 1149 446; x_wconf 87' lang='lat' dir='ltr'>hunc</span> <span class='ocrx_word' id='word_1_24' title='bbox 1167 407 1314 446; x_wconf 87' lang='lat' dir='ltr'>librum</span> <span class='ocrx_word' id='word_1_25' title='bbox 1332 408 1571 447; x_wconf 84' lang='lat' dir='ltr'>hexametris</span> <span class='ocrx_word' id='word_1_26' title='bbox 1591 410 1852 459; x_wconf 88' lang='lat' dir='ltr'>compositum</span> 
     </span>
     <span class='ocr_line' id='line_1_5' title="bbox 294 467 1852 519; baseline -0.002 -9"><span class='ocrx_word' id='word_1_27' title='bbox 294 473 423 510; x_wconf 87' lang='lat' dir='ltr'>fuisse.</span> <span class='ocrx_word' id='word_1_28' title='bbox 454 471 595 519; x_wconf 90' lang='lat' dir='ltr'>Itaque</span> <span class='ocrx_word' id='word_1_29' title='bbox 627 470 683 507; x_wconf 89' lang='lat' dir='ltr'>sic</span> <span class='ocrx_word' id='word_1_30' title='bbox 714 470 910 506; x_wconf 67' lang='lat' dir='ltr'>rationem</span> <span class='ocrx_word' id='word_1_31' title='bbox 941 467 1130 506; x_wconf 90' lang='lat' dir='ltr'>concludo</span> <span class='ocrx_word' id='word_1_32' title='bbox 1161 467 1427 506; x_wconf 88' lang='lat' dir='ltr'>Euhemerum</span> <span class='ocrx_word' id='word_1_33' title='bbox 1458 468 1578 506; x_wconf 88' lang='lat' dir='ltr'>Ennii</span> <span class='ocrx_word' id='word_1_34' title='bbox 1608 469 1852 507; x_wconf 82' lang='lat' dir='ltr'>tetrametris</span> 
     </span>
     <span class='ocr_line' id='line_1_6' title="bbox 294 527 1853 580; baseline -0.001 -12"><span class='ocrx_word' id='word_1_35' title='bbox 294 532 483 580; x_wconf 83' lang='lat' dir='ltr'>seriptum</span> <span class='ocrx_word' id='word_1_36' title='bbox 499 528 639 576; x_wconf 71' lang='lat' dir='ltr'>fuisse,</span> <span class='ocrx_word' id='word_1_37' title='bbox 665 527 733 566; x_wconf 89' lang='lat' dir='ltr'>sed</span> <span class='ocrx_word' id='word_1_38' title='bbox 757 528 888 565; x_wconf 86' lang='lat' dir='ltr'>nescio</span> <span class='ocrx_word' id='word_1_39' title='bbox 915 539 938 564; x_wconf 88' lang='lat' dir='ltr'>a</span> <span class='ocrx_word' id='word_1_40' title='bbox 964 538 1042 575; x_wconf 93' lang='lat' dir='ltr'>quo</span> <span class='ocrx_word' id='word_1_41' title='bbox 1067 528 1139 565; x_wconf 91' lang='lat' dir='ltr'>aut</span> <span class='ocrx_word' id='word_1_42' title='bbox 1163 539 1241 576; x_wconf 92' lang='lat' dir='ltr'>quo</span> <span class='ocrx_word' id='word_1_43' title='bbox 1263 529 1439 576; x_wconf 86' lang='lat' dir='ltr'>tempore</span> <span class='ocrx_word' id='word_1_44' title='bbox 1459 528 1598 566; x_wconf 87' lang='lat' dir='ltr'>solutis</span> <span class='ocrx_word' id='word_1_45' title='bbox 1618 529 1791 566; x_wconf 89' lang='lat' dir='ltr'>numeris</span> <span class='ocrx_word' id='word_1_46' title='bbox 1810 529 1853 566; x_wconf 87' lang='lat' dir='ltr'>in</span> 
     </span>
     <span class='ocr_line' id='line_1_7' title="bbox 293 586 1854 639; baseline -0.001 -12"><span class='ocrx_word' id='word_1_47' title='bbox 293 589 511 639; x_wconf 76' lang='lat' dir='ltr'>pedestrem</span> <span class='ocrx_word' id='word_1_48' title='bbox 545 599 762 626; x_wconf 88' lang='lat' dir='ltr'>sermonem</span> <span class='ocrx_word' id='word_1_49' title='bbox 793 598 1025 624; x_wconf 82' lang='lat' dir='ltr'>conversum</span> <span class='ocrx_word' id='word_1_50' title='bbox 1061 586 1135 624; x_wconf 97' lang='grc'><strong>1130</strong></span> <span class='ocrx_word' id='word_1_51' title='bbox 1165 587 1294 625; x_wconf 87' lang='lat' dir='ltr'>forma</span> <span class='ocrx_word' id='word_1_52' title='bbox 1324 586 1575 637; x_wconf 83' lang='lat' dir='ltr'>divulgatum</span> <span class='ocrx_word' id='word_1_53' title='bbox 1606 599 1689 625; x_wconf 86' lang='lat' dir='ltr'>esse</span> <span class='ocrx_word' id='word_1_54' title='bbox 1720 588 1780 625; x_wconf 88' lang='lat' dir='ltr'>ita</span> <span class='ocrx_word' id='word_1_55' title='bbox 1807 589 1854 625; x_wconf 92' lang='lat' dir='ltr'>ut</span> 
     </span>
     <span class='ocr_line' id='line_1_8' title="bbox 294 644 1854 696; baseline -0.002 -10"><span class='ocrx_word' id='word_1_56' title='bbox 294 649 419 686; x_wconf 87' lang='lat' dir='ltr'>altera</span> <span class='ocrx_word' id='word_1_57' title='bbox 445 648 562 696; x_wconf 91' lang='lat' dir='ltr'>plane</span> <span class='ocrx_word' id='word_1_58' title='bbox 586 647 743 695; x_wconf 90' lang='lat' dir='ltr'>periret.</span> <span class='ocrx_word' id='word_1_59' title='bbox 775 645 860 690; x_wconf 80' lang='lat' dir='ltr'>Quo</span> <span class='ocrx_word' id='word_1_60' title='bbox 886 645 1037 683; x_wconf 87' lang='lat' dir='ltr'>factum</span> <span class='ocrx_word' id='word_1_61' title='bbox 1062 647 1121 683; x_wconf 90' lang='lat' dir='ltr'>est</span> <span class='ocrx_word' id='word_1_62' title='bbox 1145 647 1191 683; x_wconf 88' lang='lat' dir='ltr'>ut</span> <span class='ocrx_word' id='word_1_63' title='bbox 1214 644 1446 684; x_wconf 88' lang='lat' dir='ltr'>Lactantius</span> <span class='ocrx_word' id='word_1_64' title='bbox 1471 646 1577 684; x_wconf 85' lang='lat' dir='ltr'>hunc</span> <span class='ocrx_word' id='word_1_65' title='bbox 1601 646 1747 684; x_wconf 88' lang='lat' dir='ltr'>librum</span> <span class='ocrx_word' id='word_1_66' title='bbox 1774 647 1854 685; x_wconf 87' lang='lat' dir='ltr'>nisi</span> 
     </span>
     <span class='ocr_line' id='line_1_9' title="bbox 293 703 1854 757; baseline -0.001 -12"><span class='ocrx_word' id='word_1_67' title='bbox 293 719 411 757; x_wconf 90' lang='lat' dir='ltr'>prosa</span> <span class='ocrx_word' id='word_1_68' title='bbox 437 708 615 744; x_wconf 88' lang='lat' dir='ltr'>oratione</span> <span class='ocrx_word' id='word_1_69' title='bbox 640 706 843 755; x_wconf 88' lang='lat' dir='ltr'>cognitum</span> <span class='ocrx_word' id='word_1_70' title='bbox 868 716 947 742; x_wconf 91' lang='lat' dir='ltr'>non</span> <span class='ocrx_word' id='word_1_71' title='bbox 971 703 1143 742; x_wconf 87' lang='lat' dir='ltr'>haberet.</span> <span class='ocrx_word' id='word_1_72' title='bbox 1171 703 1248 743; x_wconf 85' lang='lat' dir='ltr'>Sed</span> <span class='ocrx_word' id='word_1_73' title='bbox 1273 705 1306 743; x_wconf 87' lang='lat' dir='ltr'>is</span> <span class='ocrx_word' id='word_1_74' title='bbox 1332 706 1402 754; x_wconf 92' lang='lat' dir='ltr'>qui</span> <span class='ocrx_word' id='word_1_75' title='bbox 1427 706 1500 743; x_wconf 91' lang='lat' dir='ltr'>hoc</span> <span class='ocrx_word' id='word_1_76' title='bbox 1522 706 1711 754; x_wconf 84' lang='lat' dir='ltr'>instituit,</span> <span class='ocrx_word' id='word_1_77' title='bbox 1735 706 1854 755; x_wconf 88' lang='lat' dir='ltr'>plane</span> 
     </span>
     <span class='ocr_line' id='line_1_10' title="bbox 294 763 1853 815; baseline -0.001 -11"><span class='ocrx_word' id='word_1_78' title='bbox 294 767 343 804; x_wconf 90' lang='lat' dir='ltr'>ad</span> <span class='ocrx_word' id='word_1_79' title='bbox 369 765 589 815; x_wconf 79' lang='lat' dir='ltr'>exemplum</span> <span class='ocrx_word' id='word_1_80' title='bbox 610 763 729 802; x_wconf 85' lang='lat' dir='ltr'>Gellii</span> <span class='ocrx_word' id='word_1_81' title='bbox 753 763 932 801; x_wconf 82' lang='lat' dir='ltr'>fabulam</span> <span class='ocrx_word' id='word_1_82' title='bbox 957 764 1182 802; x_wconf 85' lang='lat' dir='ltr'>Ennianam</span> <span class='ocrx_word' id='word_1_83' title='bbox 1206 763 1416 814; x_wconf 83' lang='lat' dir='ltr'>narrantis,</span> <span class='ocrx_word' id='word_1_84' title='bbox 1441 766 1487 802; x_wconf 87' lang='lat' dir='ltr'>ut</span> <span class='ocrx_word' id='word_1_85' title='bbox 1507 765 1700 813; x_wconf 76' lang='lat' dir='ltr'>quaedam</span> <span class='ocrx_word' id='word_1_86' title='bbox 1718 778 1853 803; x_wconf 88' lang='lat' dir='ltr'>nume-</span> 
     </span>
     <span class='ocr_line' id='line_1_11' title="bbox 295 822 1853 874; baseline 0 -12"><span class='ocrx_word' id='word_1_87' title='bbox 295 837 384 862; x_wconf 87' lang='lat' dir='ltr'>rosa</span> <span class='ocrx_word' id='word_1_88' title='bbox 410 825 577 861; x_wconf 67' lang='lat' dir='ltr'>maidme</span> <span class='ocrx_word' id='word_1_89' title='bbox 603 823 860 861; x_wconf 75' lang='lat' dir='ltr'>collocatione</span> <span class='ocrx_word' id='word_1_90' title='bbox 885 822 1093 861; x_wconf 86' lang='lat' dir='ltr'>verborum</span> <span class='ocrx_word' id='word_1_91' title='bbox 1120 823 1418 861; x_wconf 87' lang='lat' dir='ltr'>commendante</span> <span class='ocrx_word' id='word_1_92' title='bbox 1443 824 1619 873; x_wconf 90' lang='lat' dir='ltr'>reliquit,</span> <span class='ocrx_word' id='word_1_93' title='bbox 1643 825 1703 862; x_wconf 87' lang='lat' dir='ltr'>ita</span> <span class='ocrx_word' id='word_1_94' title='bbox 1731 825 1853 874; x_wconf 83' lang='lat' dir='ltr'>prisci</span> 
     </span>
     <span class='ocr_line' id='line_1_12' title="bbox 293 881 1853 934; baseline 0 -13"><span class='ocrx_word' id='word_1_95' title='bbox 293 885 482 922; x_wconf 85' lang='lat' dir='ltr'>sermonis</span> <span class='ocrx_word' id='word_1_96' title='bbox 507 885 547 920; x_wconf 91' lang='lat' dir='ltr'>et</span> <span class='ocrx_word' id='word_1_97' title='bbox 573 894 673 931; x_wconf 87' lang='lat' dir='ltr'>quae</span> <span class='ocrx_word' id='word_1_98' title='bbox 693 882 821 920; x_wconf 85' lang='lat' dir='ltr'>Ennio</span> <span class='ocrx_word' id='word_1_99' title='bbox 847 881 967 933; x_wconf 87' lang='lat' dir='ltr'>digna</span> <span class='ocrx_word' id='word_1_100' title='bbox 993 884 1085 920; x_wconf 91' lang='lat' dir='ltr'>sunt</span> <span class='ocrx_word' id='word_1_101' title='bbox 1106 882 1276 933; x_wconf 87' lang='lat' dir='ltr'>vestigia</span> <span class='ocrx_word' id='word_1_102' title='bbox 1300 883 1429 921; x_wconf 89' lang='lat' dir='ltr'>multa</span> <span class='ocrx_word' id='word_1_103' title='bbox 1448 884 1637 922; x_wconf 87' lang='lat' dir='ltr'>servavit:</span> <span class='ocrx_word' id='word_1_104' title='bbox 1665 884 1770 933; x_wconf 93' lang='lat' dir='ltr'>quod</span> <span class='ocrx_word' id='word_1_105' title='bbox 1789 896 1853 934; x_wconf 90' lang='lat' dir='ltr'>ge-</span> 
     </span>
     <span class='ocr_line' id='line_1_13' title="bbox 292 939 1853 992; baseline 0.001 -12"><span class='ocrx_word' id='word_1_106' title='bbox 292 955 382 990; x_wconf 89' lang='lat' dir='ltr'>nus,</span> <span class='ocrx_word' id='word_1_107' title='bbox 414 942 461 979; x_wconf 89' lang='lat' dir='ltr'>de</span> <span class='ocrx_word' id='word_1_108' title='bbox 494 954 570 990; x_wconf 92' lang='lat' dir='ltr'>quo</span> <span class='ocrx_word' id='word_1_109' title='bbox 603 941 700 979; x_wconf 88' lang='lat' dir='ltr'>olim</span> <span class='ocrx_word' id='word_1_110' title='bbox 729 941 920 979; x_wconf 86' lang='lat' dir='ltr'>nonnulla</span> <span class='ocrx_word' id='word_1_111' title='bbox 951 941 1185 990; x_wconf 86' lang='lat' dir='ltr'>memoravi,</span> <span class='ocrx_word' id='word_1_112' title='bbox 1216 942 1397 991; x_wconf 83' lang='lat' dir='ltr'>pluribus</span> <span class='ocrx_word' id='word_1_113' title='bbox 1428 944 1657 992; x_wconf 84' lang='lat' dir='ltr'>persecutus</span> <span class='ocrx_word' id='word_1_114' title='bbox 1689 945 1748 981; x_wconf 87' lang='lat' dir='ltr'>est</span> <span class='ocrx_word' id='word_1_115' title='bbox 1775 939 1853 981; x_wconf 75' lang='lat' dir='ltr'>Ne-</span> 
     </span>
     <span class='ocr_line' id='line_1_14' title="bbox 292 1000 1854 1051; baseline 0.001 -11"><span class='ocrx_word' id='word_1_116' title='bbox 292 1002 427 1051; x_wconf 83' lang='lat' dir='ltr'>methy</span> <span class='ocrx_word' id='word_1_117' title='bbox 452 1002 477 1038; x_wconf 88' lang='lat' dir='ltr'>l.</span> <span class='ocrx_word' id='word_1_118' title='bbox 504 1013 534 1038; x_wconf 91' lang='grc'>0.</span> <span class='ocrx_word' id='word_1_119' title='bbox 567 1001 652 1051; x_wconf 87' lang='lat' dir='ltr'>Ego</span> <span class='ocrx_word' id='word_1_120' title='bbox 677 1000 774 1038; x_wconf 90' lang='lat' dir='ltr'>haec</span> <span class='ocrx_word' id='word_1_121' title='bbox 798 1000 1066 1039; x_wconf 81' lang='lat' dir='ltr'>memorabam</span> <span class='ocrx_word' id='word_1_122' title='bbox 1097 1002 1146 1038; x_wconf 78' lang='lat' dir='ltr'>fir.</span> <span class='ocrx_word' id='word_1_123' title='bbox 1170 1013 1212 1039; x_wconf 87' lang='lat' dir='ltr'>VI</span> <span class='ocrx_word' id='word_1_124' title='bbox 1242 1004 1407 1040; x_wconf 85' lang='lat' dir='ltr'>montem</span> <span class='ocrx_word' id='word_1_125' title='bbox 1437 1003 1504 1050; x_wconf 79' lang='lat' dir='ltr'>qui</span> <span class='ocrx_word' id='word_1_126' title='bbox 1534 1005 1694 1041; x_wconf 83' lang='lat' dir='ltr'>vocatur</span> <span class='ocrx_word' id='word_1_127' title='bbox 1722 1002 1854 1041; x_wconf 77' lang='lat' dir='ltr'>Caeli</span> 
     </span>
     <span class='ocr_line' id='line_1_15' title="bbox 291 1059 1854 1110; baseline 0.001 -11"><span class='ocrx_word' id='word_1_128' title='bbox 291 1062 427 1105; x_wconf 89' lang='lat' dir='ltr'>stela,</span> <span class='ocrx_word' id='word_1_129' title='bbox 451 1059 606 1109; x_wconf 88' lang='lat' dir='ltr'>quando</span> <span class='ocrx_word' id='word_1_130' title='bbox 632 1060 736 1097; x_wconf 90' lang='grc'><strong>1111110</strong></span> <span class='ocrx_word' id='word_1_131' title='bbox 760 1061 921 1109; x_wconf 89' lang='lat' dir='ltr'>poetam</span> <span class='ocrx_word' id='word_1_132' title='bbox 939 1062 1095 1098; x_wconf 88' lang='lat' dir='ltr'>constat</span> <span class='ocrx_word' id='word_1_133' title='bbox 1113 1073 1192 1098; x_wconf 94' lang='lat' dir='ltr'>non</span> <span class='ocrx_word' id='word_1_134' title='bbox 1211 1061 1482 1110; x_wconf 75' lang='lat' dir='ltr'>infrequenter</span> <span class='ocrx_word' id='word_1_135' title='bbox 1500 1073 1612 1099; x_wconf 88' lang='lat' dir='ltr'>suam</span> <span class='ocrx_word' id='word_1_136' title='bbox 1631 1062 1854 1100; x_wconf 90' lang='lat' dir='ltr'>orationem</span> 
     </span>
     <span class='ocr_line' id='line_1_16' title="bbox 293 1118 1854 1170; baseline 0.001 -12"><span class='ocrx_word' id='word_1_137' title='bbox 293 1119 450 1158; x_wconf 85' lang='lat' dir='ltr'>Graecis</span> <span class='ocrx_word' id='word_1_138' title='bbox 482 1118 642 1157; x_wconf 88' lang='lat' dir='ltr'>vocibus</span> <span class='ocrx_word' id='word_1_139' title='bbox 674 1119 917 1167; x_wconf 85' lang='lat' dir='ltr'>distinxisse,</span> <span class='ocrx_word' id='word_1_140' title='bbox 949 1119 1085 1168; x_wconf 87' lang='lat' dir='ltr'>qualia</span> <span class='ocrx_word' id='word_1_141' title='bbox 1117 1122 1210 1157; x_wconf 89' lang='lat' dir='ltr'>sunt</span> <span class='ocrx_word' id='word_1_142' title='bbox 1239 1123 1358 1158; x_wconf 87' lang='lat' dir='ltr'>termo</span> <span class='ocrx_word' id='word_1_143' title='bbox 1390 1133 1479 1159; x_wconf 85' lang='lat' dir='ltr'>ann.</span> <span class='ocrx_word' id='word_1_144' title='bbox 1501 1122 1597 1159; x_wconf 82' lang='lat'>479.</span> <span class='ocrx_word' id='word_1_145' title='bbox 1619 1121 1723 1170; x_wconf 82' lang='lat'>4803</span> <span class='ocrx_word' id='word_1_146' title='bbox 1755 1133 1854 1169; x_wconf 74' lang='lat' dir='ltr'>ayea</span> 
     </span>
     <span class='ocr_line' id='line_1_17' title="bbox 293 1179 1853 1228; baseline 0.001 -12"><span class='ocrx_word' id='word_1_147' title='bbox 293 1192 380 1217; x_wconf 86' lang='lat' dir='ltr'>ann.</span> <span class='ocrx_word' id='word_1_148' title='bbox 408 1180 509 1226; x_wconf 78' lang='lat'>4923</span> <span class='ocrx_word' id='word_1_149' title='bbox 540 1180 651 1226; x_wconf 79' lang='lat' dir='ltr'>spira</span> <span class='ocrx_word' id='word_1_150' title='bbox 677 1191 767 1216; x_wconf 92' lang='lat' dir='ltr'>ann.</span> <span class='ocrx_word' id='word_1_151' title='bbox 795 1179 897 1226; x_wconf 83' lang='grc' dir='ltr'>51ος</span> <span class='ocrx_word' id='word_1_152' title='bbox 929 1180 1063 1217; x_wconf 92' lang='lat' dir='ltr'>aethra</span> <span class='ocrx_word' id='word_1_153' title='bbox 1088 1191 1177 1217; x_wconf 89' lang='lat' dir='ltr'>ann.</span> <span class='ocrx_word' id='word_1_154' title='bbox 1206 1180 1309 1228; x_wconf 83' lang='lat'>4353</span> <span class='ocrx_word' id='word_1_155' title='bbox 1334 1180 1495 1228; x_wconf 75' lang='lat' dir='ltr'>lychnus</span> <span class='ocrx_word' id='word_1_156' title='bbox 1521 1192 1610 1218; x_wconf 91' lang='lat' dir='ltr'>ann.</span> <span class='ocrx_word' id='word_1_157' title='bbox 1639 1181 1736 1228; x_wconf 82' lang='lat'>323,</span> <span class='ocrx_word' id='word_1_158' title='bbox 1762 1180 1853 1218; x_wconf 87' lang='lat' dir='ltr'>alia.</span> 
     </span>
     <span class='ocr_line' id='line_1_18' title="bbox 291 1237 1852 1289; baseline 0.002 -15"><span class='ocrx_word' id='word_1_159' title='bbox 291 1238 423 1287; x_wconf 87' lang='lat' dir='ltr'>Atque</span> <span class='ocrx_word' id='word_1_160' title='bbox 448 1238 518 1274; x_wconf 87' lang='lat' dir='ltr'>illa</span> <span class='ocrx_word' id='word_1_161' title='bbox 547 1237 756 1276; x_wconf 83' lang='lat' dir='ltr'>familiaris</span> <span class='ocrx_word' id='word_1_162' title='bbox 790 1240 850 1276; x_wconf 85' lang='lat' dir='ltr'>est</span> <span class='ocrx_word' id='word_1_163' title='bbox 875 1238 1004 1276; x_wconf 88' lang='lat' dir='ltr'>Ennio</span> <span class='ocrx_word' id='word_1_164' title='bbox 1037 1251 1158 1287; x_wconf 91' lang='lat' dir='ltr'>quam</span> <span class='ocrx_word' id='word_1_165' title='bbox 1182 1251 1219 1287; x_wconf 92' lang='lat' dir='ltr'>p.</span> <span class='ocrx_word' id='word_1_166' title='bbox 1242 1250 1430 1288; x_wconf 75' lang='lat' dir='ltr'>cxnvxsq.</span> <span class='ocrx_word' id='word_1_167' title='bbox 1462 1239 1580 1289; x_wconf 85' lang='lat' dir='ltr'>tetigi</span> <span class='ocrx_word' id='word_1_168' title='bbox 1611 1239 1852 1277; x_wconf 85' lang='lat' dir='ltr'>consuetudo</span> 
     </span>
     <span class='ocr_line' id='line_1_19' title="bbox 294 1296 1852 1348; baseline 0.001 -14"><span class='ocrx_word' id='word_1_169' title='bbox 294 1297 513 1346; x_wconf 86' lang='lat' dir='ltr'>explicandi</span> <span class='ocrx_word' id='word_1_170' title='bbox 539 1296 681 1335; x_wconf 85' lang='lat' dir='ltr'>Latine</span> <span class='ocrx_word' id='word_1_171' title='bbox 707 1298 741 1335; x_wconf 90' lang='lat' dir='ltr'>si</span> <span class='ocrx_word' id='word_1_172' title='bbox 766 1297 863 1346; x_wconf 91' lang='lat' dir='ltr'>quid</span> <span class='ocrx_word' id='word_1_173' title='bbox 889 1298 1123 1336; x_wconf 87' lang='lat' dir='ltr'>insolentius</span> <span class='ocrx_word' id='word_1_174' title='bbox 1155 1299 1226 1336; x_wconf 90' lang='lat' dir='ltr'>aut</span> <span class='ocrx_word' id='word_1_175' title='bbox 1253 1297 1399 1336; x_wconf 85' lang='lat' dir='ltr'>Graece</span> <span class='ocrx_word' id='word_1_176' title='bbox 1430 1299 1661 1348; x_wconf 83' lang='lat' dir='ltr'>protulerit:</span> <span class='ocrx_word' id='word_1_177' title='bbox 1693 1301 1739 1336; x_wconf 89' lang='lat' dir='ltr'>ut</span> <span class='ocrx_word' id='word_1_178' title='bbox 1768 1311 1852 1336; x_wconf 88' lang='lat' dir='ltr'>mu-</span> 
     </span>
     <span class='ocr_line' id='line_1_20' title="bbox 291 1357 1855 1407; baseline 0.001 -13"><span class='ocrx_word' id='word_1_179' title='bbox 291 1368 357 1395; x_wconf 89' lang='lat' dir='ltr'>sas</span> <span class='ocrx_word' id='word_1_180' title='bbox 382 1368 479 1404; x_wconf 74' lang='lat' dir='ltr'>quas</span> <span class='ocrx_word' id='word_1_181' title='bbox 504 1359 729 1402; x_wconf 87' lang='lat' dir='ltr'>memorant,</span> <span class='ocrx_word' id='word_1_182' title='bbox 753 1368 865 1395; x_wconf 83' lang='lat' dir='ltr'>nosce</span> <span class='ocrx_word' id='word_1_183' title='bbox 888 1368 959 1395; x_wconf 90' lang='lat' dir='ltr'>nos</span> <span class='ocrx_word' id='word_1_184' title='bbox 981 1368 1059 1395; x_wconf 91' lang='lat' dir='ltr'>esse</span> <span class='ocrx_word' id='word_1_185' title='bbox 1081 1357 1272 1396; x_wconf 77' lang='lat' dir='ltr'>Camenas</span> <span class='ocrx_word' id='word_1_186' title='bbox 1291 1370 1381 1395; x_wconf 90' lang='lat' dir='ltr'>ann.</span> <span class='ocrx_word' id='word_1_187' title='bbox 1403 1359 1441 1407; x_wconf 82' lang='lat'>23</span> <span class='ocrx_word' id='word_1_188' title='bbox 1465 1359 1643 1406; x_wconf 79' lang='lat' dir='ltr'>sophiam</span> <span class='ocrx_word' id='word_1_189' title='bbox 1660 1359 1855 1406; x_wconf 76' lang='lat' dir='ltr'>sapientia</span> 
     </span>
     <span class='ocr_line' id='line_1_21' title="bbox 291 1416 1855 1466; baseline 0.002 -13"><span class='ocrx_word' id='word_1_190' title='bbox 291 1428 388 1463; x_wconf 78' lang='lat' dir='ltr'>quae</span> <span class='ocrx_word' id='word_1_191' title='bbox 412 1416 637 1464; x_wconf 76' lang='lat' dir='ltr'>perhibetur</span> <span class='ocrx_word' id='word_1_192' title='bbox 662 1428 751 1454; x_wconf 88' lang='lat' dir='ltr'>ann.</span> <span class='ocrx_word' id='word_1_193' title='bbox 775 1416 876 1465; x_wconf 83' lang='lat'>2183</span> <span class='ocrx_word' id='word_1_194' title='bbox 906 1419 1015 1454; x_wconf 81' lang='lat' dir='ltr'>vento</span> <span class='ocrx_word' id='word_1_195' title='bbox 1047 1428 1157 1464; x_wconf 80' lang='lat' dir='ltr'>quem</span> <span class='ocrx_word' id='word_1_196' title='bbox 1181 1417 1385 1465; x_wconf 76' lang='lat' dir='ltr'>perhibent</span> <span class='ocrx_word' id='word_1_197' title='bbox 1411 1417 1581 1456; x_wconf 72' lang='lat' dir='ltr'>Graium</span> <span class='ocrx_word' id='word_1_198' title='bbox 1607 1429 1729 1466; x_wconf 77' lang='lat' dir='ltr'>yenus</span> <span class='ocrx_word' id='word_1_199' title='bbox 1760 1429 1855 1456; x_wconf 86' lang='lat' dir='ltr'>aera</span> 
     </span>
     <span class='ocr_line' id='line_1_22' title="bbox 292 1475 1855 1524; baseline 0.002 -12"><span class='ocrx_word' id='word_1_200' title='bbox 292 1476 428 1523; x_wconf 71' lang='lat' dir='ltr'>linqua</span> <span class='ocrx_word' id='word_1_201' title='bbox 453 1487 542 1512; x_wconf 89' lang='lat' dir='ltr'>ann.</span> <span class='ocrx_word' id='word_1_202' title='bbox 566 1476 668 1524; x_wconf 72' lang='lat'>1483</span> <span class='ocrx_word' id='word_1_203' title='bbox 693 1475 853 1514; x_wconf 78' lang='lat' dir='ltr'>Ennius</span> <span class='ocrx_word' id='word_1_204' title='bbox 877 1476 971 1514; x_wconf 82' lang='lat' dir='ltr'>dicit</span> <span class='ocrx_word' id='word_1_205' title='bbox 994 1476 1133 1514; x_wconf 78' lang='lat' dir='ltr'>Nitwm</span> <span class='ocrx_word' id='word_1_206' title='bbox 1158 1477 1352 1514; x_wconf 78' lang='lat' dir='ltr'>Melonem</span> <span class='ocrx_word' id='word_1_207' title='bbox 1376 1478 1520 1521; x_wconf 76' lang='lat' dir='ltr'>vocari,</span> <span class='ocrx_word' id='word_1_208' title='bbox 1544 1475 1742 1515; x_wconf 81' lang='lat' dir='ltr'>Atlantem</span> <span class='ocrx_word' id='word_1_209' title='bbox 1766 1487 1855 1514; x_wconf 87' lang='lat' dir='ltr'>vero</span> 
     </span>
     <span class='ocr_line' id='line_1_23' title="bbox 296 1533 1855 1579; baseline 0.001 -7"><span class='ocrx_word' id='word_1_210' title='bbox 296 1535 538 1572; x_wconf 84' lang='lat' dir='ltr'>Telamonem</span> <span class='ocrx_word' id='word_1_211' title='bbox 569 1547 659 1572; x_wconf 91' lang='lat' dir='ltr'>ann.</span> <span class='ocrx_word' id='word_1_212' title='bbox 681 1547 697 1572; x_wconf 94' lang='lat'>1</span> <span class='ocrx_word' id='word_1_213' title='bbox 718 1535 765 1572; x_wconf 80' lang='lat' dir='ltr'>fr.</span> <span class='ocrx_word' id='word_1_214' title='bbox 786 1547 898 1572; x_wconf 80' lang='lat' dir='ltr'>xxm.</span> <span class='ocrx_word' id='word_1_215' title='bbox 931 1533 1080 1579; x_wconf 83' lang='lat' dir='ltr'>Quibus</span> <span class='ocrx_word' id='word_1_216' title='bbox 1113 1535 1260 1573; x_wconf 89' lang='lat' dir='ltr'>similia</span> <span class='ocrx_word' id='word_1_217' title='bbox 1292 1548 1338 1573; x_wconf 82' lang='lat' dir='ltr'>ex</span> <span class='ocrx_word' id='word_1_218' title='bbox 1369 1536 1588 1574; x_wconf 89' lang='lat' dir='ltr'>Euhemero</span> <span class='ocrx_word' id='word_1_219' title='bbox 1620 1538 1711 1574; x_wconf 90' lang='lat' dir='ltr'>sunt</span> <span class='ocrx_word' id='word_1_220' title='bbox 1741 1536 1855 1574; x_wconf 88' lang='lat' dir='ltr'>Pluto</span> 
     </span>
     <span class='ocr_line' id='line_1_24' title="bbox 292 1593 1856 1644; baseline 0.001 -13"><span class='ocrx_word' id='word_1_221' title='bbox 292 1594 436 1632; x_wconf 75' lang='lat' dir='ltr'>Latine</span> <span class='ocrx_word' id='word_1_222' title='bbox 461 1596 515 1632; x_wconf 87' lang='lat' dir='ltr'>est</span> <span class='ocrx_word' id='word_1_223' title='bbox 538 1594 615 1632; x_wconf 85' lang='lat' dir='ltr'>Dis</span> <span class='ocrx_word' id='word_1_224' title='bbox 632 1597 761 1642; x_wconf 86' lang='lat' dir='ltr'>pater,</span> <span class='ocrx_word' id='word_1_225' title='bbox 786 1595 858 1632; x_wconf 86' lang='lat' dir='ltr'>alii</span> <span class='ocrx_word' id='word_1_226' title='bbox 885 1593 1027 1632; x_wconf 87' lang='lat' dir='ltr'>Oreum</span> <span class='ocrx_word' id='word_1_227' title='bbox 1051 1597 1190 1632; x_wconf 79' lang='lat' dir='ltr'>vocant</span> <span class='ocrx_word' id='word_1_228' title='bbox 1214 1595 1315 1632; x_wconf 88' lang='lat' dir='ltr'>Euh.</span> <span class='ocrx_word' id='word_1_229' title='bbox 1339 1595 1412 1644; x_wconf 83' lang='lat'>783</span> <span class='ocrx_word' id='word_1_230' title='bbox 1441 1597 1485 1633; x_wconf 87' lang='lat' dir='ltr'>in</span> <span class='ocrx_word' id='word_1_231' title='bbox 1510 1606 1551 1633; x_wconf 91' lang='lat' dir='ltr'>eo</span> <span class='ocrx_word' id='word_1_232' title='bbox 1576 1596 1655 1633; x_wconf 84' lang='lat' dir='ltr'>loco</span> <span class='ocrx_word' id='word_1_233' title='bbox 1685 1596 1856 1642; x_wconf 72' lang='lat' dir='ltr'>suspexit</span> 
     </span>
     <span class='ocr_line' id='line_1_25' title="bbox 291 1653 1855 1702; baseline 0.001 -12"><span class='ocrx_word' id='word_1_234' title='bbox 291 1654 334 1690; x_wconf 88' lang='lat' dir='ltr'>in</span> <span class='ocrx_word' id='word_1_235' title='bbox 358 1653 507 1691; x_wconf 81' lang='lat' dir='ltr'>eaelum</span> <span class='ocrx_word' id='word_1_236' title='bbox 531 1653 633 1701; x_wconf 81' lang='lat' dir='ltr'>quod</span> <span class='ocrx_word' id='word_1_237' title='bbox 655 1665 760 1691; x_wconf 87' lang='lat' dir='ltr'>nune</span> <span class='ocrx_word' id='word_1_238' title='bbox 783 1664 854 1691; x_wconf 90' lang='lat' dir='ltr'>nos</span> <span class='ocrx_word' id='word_1_239' title='bbox 872 1655 1120 1692; x_wconf 78' lang='lat' dir='ltr'>nominamus</span> <span class='ocrx_word' id='word_1_240' title='bbox 1141 1683 1149 1691; x_wconf 95' lang='lat'>.</span> <span class='ocrx_word' id='word_1_241' title='bbox 1170 1683 1176 1690; x_wconf 97' lang='lat'>.</span> <span class='ocrx_word' id='word_1_242' title='bbox 1197 1654 1311 1701; x_wconf 82' lang='lat' dir='ltr'>idque</span> <span class='ocrx_word' id='word_1_243' title='bbox 1330 1654 1509 1702; x_wconf 85' lang='lat' dir='ltr'>Iuppiter</span> <span class='ocrx_word' id='word_1_244' title='bbox 1527 1655 1628 1702; x_wconf 79' lang='lat' dir='ltr'>quod</span> <span class='ocrx_word' id='word_1_245' title='bbox 1647 1655 1775 1693; x_wconf 86' lang='lat' dir='ltr'>aether</span> <span class='ocrx_word' id='word_1_246' title='bbox 1792 1665 1855 1692; x_wconf 81' lang='lat' dir='ltr'>vo—</span> 
     </span>
     <span class='ocr_line' id='line_1_26' title="bbox 293 1711 1854 1764; baseline 0.001 -14"><span class='ocrx_word' id='word_1_247' title='bbox 293 1715 405 1750; x_wconf 84' lang='lat' dir='ltr'>catur</span> <span class='ocrx_word' id='word_1_248' title='bbox 422 1713 591 1760; x_wconf 79' lang='lat' dir='ltr'>placans</span> <span class='ocrx_word' id='word_1_249' title='bbox 609 1714 768 1761; x_wconf 89' lang='lat' dir='ltr'>primus</span> <span class='ocrx_word' id='word_1_250' title='bbox 799 1713 948 1751; x_wconf 85' lang='lat' dir='ltr'>eaelum</span> <span class='ocrx_word' id='word_1_251' title='bbox 976 1714 1193 1751; x_wconf 84' lang='lat' dir='ltr'>nominavit</span> <span class='ocrx_word' id='word_1_252' title='bbox 1222 1712 1320 1750; x_wconf 85' lang='lat' dir='ltr'>Euh.</span> <span class='ocrx_word' id='word_1_253' title='bbox 1351 1715 1433 1751; x_wconf 86' lang='lat'>102</span> <span class='ocrx_word' id='word_1_254' title='bbox 1450 1725 1553 1762; x_wconf 88' lang='lat' dir='ltr'>sqq.;</span> <span class='ocrx_word' id='word_1_255' title='bbox 1584 1711 1670 1752; x_wconf 83' lang='grc' dir='ltr'>Ζὰν</span> <span class='ocrx_word' id='word_1_256' title='bbox 1695 1712 1854 1764; x_wconf 85' lang='grc' dir='ltr'><strong><em>Κρόνου</em></strong></span> 
     </span>
     <span class='ocr_line' id='line_1_27' title="bbox 291 1768 1855 1824; baseline 0.001 -15"><span class='ocrx_word' id='word_1_257' title='bbox 291 1771 334 1809; x_wconf 81' lang='lat' dir='ltr'>id</span> <span class='ocrx_word' id='word_1_258' title='bbox 366 1774 418 1809; x_wconf 87' lang='lat' dir='ltr'>est</span> <span class='ocrx_word' id='word_1_259' title='bbox 449 1771 594 1810; x_wconf 84' lang='lat' dir='ltr'>Latine</span> <span class='ocrx_word' id='word_1_260' title='bbox 624 1772 805 1820; x_wconf 88' lang='lat' dir='ltr'>Iuppiter</span> <span class='ocrx_word' id='word_1_261' title='bbox 834 1771 999 1810; x_wconf 79' lang='lat' dir='ltr'>Saturni</span> <span class='ocrx_word' id='word_1_262' title='bbox 1027 1772 1126 1809; x_wconf 86' lang='lat' dir='ltr'>Euh.</span> <span class='ocrx_word' id='word_1_263' title='bbox 1151 1773 1245 1810; x_wconf 93' lang='lat'>140.</span> <span class='ocrx_word' id='word_1_264' title='bbox 1278 1770 1381 1816; x_wconf 84' lang='lat' dir='ltr'>Quin</span> <span class='ocrx_word' id='word_1_265' title='bbox 1413 1773 1534 1810; x_wconf 86' lang='lat' dir='ltr'>etiam</span> <span class='ocrx_word' id='word_1_266' title='bbox 1562 1771 1780 1824; x_wconf 80' lang='grc' dir='ltr'><strong><em>παρήχησις</em></strong></span> <span class='ocrx_word' id='word_1_267' title='bbox 1798 1768 1855 1810; x_wconf 64' lang='lat' dir='ltr'>&#39;in</span> 
     </span>
     <span class='ocr_line' id='line_1_28' title="bbox 292 1830 1855 1881; baseline 0.001 -13"><span class='ocrx_word' id='word_1_268' title='bbox 292 1830 353 1868; x_wconf 88' lang='lat' dir='ltr'>his</span> <span class='ocrx_word' id='word_1_269' title='bbox 382 1830 575 1869; x_wconf 80' lang='lat' dir='ltr'>Curetes</span> <span class='ocrx_word' id='word_1_270' title='bbox 605 1832 682 1878; x_wconf 74' lang='lat' dir='ltr'>filii</span> <span class='ocrx_word' id='word_1_271' title='bbox 705 1833 769 1870; x_wconf 84' lang='lat' dir='ltr'>sui</span> <span class='ocrx_word' id='word_1_272' title='bbox 794 1834 1084 1869; x_wconf 85' lang='lat' dir='ltr'>curaverunt</span> <span class='ocrx_word' id='word_1_273' title='bbox 1109 1831 1208 1868; x_wconf 88' lang='lat' dir='ltr'>Euh.</span> <span class='ocrx_word' id='word_1_274' title='bbox 1232 1832 1313 1869; x_wconf 89' lang='lat'>137</span> <span class='ocrx_word' id='word_1_275' title='bbox 1347 1831 1445 1869; x_wconf 87' lang='lat' dir='ltr'>mihi</span> <span class='ocrx_word' id='word_1_276' title='bbox 1475 1832 1563 1870; x_wconf 85' lang='lat' dir='ltr'>visa</span> <span class='ocrx_word' id='word_1_277' title='bbox 1594 1834 1654 1870; x_wconf 87' lang='lat' dir='ltr'>est</span> <span class='ocrx_word' id='word_1_278' title='bbox 1685 1832 1855 1881; x_wconf 86' lang='lat' dir='ltr'>speciem</span> 
     </span>
     <span class='ocr_line' id='line_1_29' title="bbox 297 1890 1854 1942; baseline 0.001 -15"><span class='ocrx_word' id='word_1_279' title='bbox 297 1890 495 1938; x_wconf 87' lang='lat' dir='ltr'>quandam</span> <span class='ocrx_word' id='word_1_280' title='bbox 521 1890 745 1928; x_wconf 89' lang='lat' dir='ltr'>Ennianam</span> <span class='ocrx_word' id='word_1_281' title='bbox 776 1890 930 1929; x_wconf 88' lang='lat' dir='ltr'>habere.</span> <span class='ocrx_word' id='word_1_282' title='bbox 964 1890 1113 1936; x_wconf 81' lang='lat' dir='ltr'>Quibus</span> <span class='ocrx_word' id='word_1_283' title='bbox 1144 1891 1312 1928; x_wconf 85' lang='lat' dir='ltr'>fortasse</span> <span class='ocrx_word' id='word_1_284' title='bbox 1343 1904 1422 1928; x_wconf 94' lang='lat' dir='ltr'>non</span> <span class='ocrx_word' id='word_1_285' title='bbox 1446 1891 1612 1942; x_wconf 89' lang='lat' dir='ltr'>indigna</span> <span class='ocrx_word' id='word_1_286' title='bbox 1637 1893 1729 1929; x_wconf 88' lang='lat' dir='ltr'>sunt</span> <span class='ocrx_word' id='word_1_287' title='bbox 1754 1903 1854 1940; x_wconf 91' lang='lat' dir='ltr'>quae</span> 
     </span>
     <span class='ocr_line' id='line_1_30' title="bbox 293 1949 1854 1999; baseline 0.002 -14"><span class='ocrx_word' id='word_1_288' title='bbox 293 1961 397 1986; x_wconf 88' lang='lat' dir='ltr'>nunc</span> <span class='ocrx_word' id='word_1_289' title='bbox 430 1949 630 1987; x_wconf 80' lang='lat' dir='ltr'>addantur</span> <span class='ocrx_word' id='word_1_290' title='bbox 659 1950 833 1998; x_wconf 62' lang='lat' dir='ltr'>diligeret</span> <span class='ocrx_word' id='word_1_291' title='bbox 862 1952 1018 1998; x_wconf 73' lang='lat' dir='ltr'>auqeret</span> <span class='ocrx_word' id='word_1_292' title='bbox 1041 1953 1198 1988; x_wconf 83' lang='lat' dir='ltr'>ornaret</span> <span class='ocrx_word' id='word_1_293' title='bbox 1222 1949 1320 1988; x_wconf 78' lang='lat' dir='ltr'>Euh.</span> <span class='ocrx_word' id='word_1_294' title='bbox 1345 1951 1446 1999; x_wconf 77' lang='lat'>1293</span> <span class='ocrx_word' id='word_1_295' title='bbox 1479 1952 1579 1989; x_wconf 77' lang='lat' dir='ltr'>exim</span> <span class='ocrx_word' id='word_1_296' title='bbox 1603 1950 1702 1988; x_wconf 87' lang='lat' dir='ltr'>Euh.</span> <span class='ocrx_word' id='word_1_297' title='bbox 1725 1951 1780 1988; x_wconf 86' lang='lat'>64</span> <span class='ocrx_word' id='word_1_298' title='bbox 1807 1951 1854 1988; x_wconf 86' lang='lat' dir='ltr'>cf.</span> 
     </span>
     <span class='ocr_line' id='line_1_31' title="bbox 294 2009 1856 2058; baseline 0.001 -12"><span class='ocrx_word' id='word_1_299' title='bbox 294 2020 383 2046; x_wconf 85' lang='lat' dir='ltr'>ann.</span> <span class='ocrx_word' id='word_1_300' title='bbox 404 2010 472 2056; x_wconf 88' lang='lat'>44,</span> <span class='ocrx_word' id='word_1_301' title='bbox 494 2009 597 2058; x_wconf 79' lang='lat'>2313</span> <span class='ocrx_word' id='word_1_302' title='bbox 622 2009 842 2047; x_wconf 81' lang='lat' dir='ltr'>clanculum</span> <span class='ocrx_word' id='word_1_303' title='bbox 862 2009 961 2046; x_wconf 86' lang='lat' dir='ltr'>Euh.</span> <span class='ocrx_word' id='word_1_304' title='bbox 985 2009 1057 2057; x_wconf 82' lang='lat'>763</span> <span class='ocrx_word' id='word_1_305' title='bbox 1080 2009 1211 2047; x_wconf 82' lang='lat' dir='ltr'>solitos</span> <span class='ocrx_word' id='word_1_306' title='bbox 1236 2011 1374 2048; x_wconf 70' lang='lat' dir='ltr'>esimre</span> <span class='ocrx_word' id='word_1_307' title='bbox 1396 2011 1491 2057; x_wconf 83' lang='lat'>114,</span> <span class='ocrx_word' id='word_1_308' title='bbox 1516 2010 1558 2046; x_wconf 91' lang='lat' dir='ltr'>in</span> <span class='ocrx_word' id='word_1_309' title='bbox 1585 2022 1661 2058; x_wconf 92' lang='lat' dir='ltr'>quo</span> <span class='ocrx_word' id='word_1_310' title='bbox 1681 2011 1765 2047; x_wconf 90' lang='lat' dir='ltr'>tam</span> <span class='ocrx_word' id='word_1_311' title='bbox 1785 2011 1856 2047; x_wconf 86' lang='lat' dir='ltr'>esi-</span> 
     </span>
     <span class='ocr_line' id='line_1_32' title="bbox 294 2067 1854 2119; baseline 0.001 -14"><span class='ocrx_word' id='word_1_312' title='bbox 294 2071 375 2106; x_wconf 83' lang='lat' dir='ltr'>tare</span> <span class='ocrx_word' id='word_1_313' title='bbox 399 2068 573 2117; x_wconf 83' lang='lat' dir='ltr'>priscum</span> <span class='ocrx_word' id='word_1_314' title='bbox 598 2067 762 2106; x_wconf 84' lang='lat' dir='ltr'>verbum</span> <span class='ocrx_word' id='word_1_315' title='bbox 789 2080 908 2117; x_wconf 91' lang='lat' dir='ltr'>quam</span> <span class='ocrx_word' id='word_1_316' title='bbox 932 2069 1062 2106; x_wconf 79' lang='lat' dir='ltr'>solitos</span> <span class='ocrx_word' id='word_1_317' title='bbox 1087 2071 1147 2106; x_wconf 88' lang='lat' dir='ltr'>est</span> <span class='ocrx_word' id='word_1_318' title='bbox 1172 2069 1276 2117; x_wconf 90' lang='lat' dir='ltr'>quod</span> <span class='ocrx_word' id='word_1_319' title='bbox 1303 2069 1543 2119; x_wconf 88' lang='lat' dir='ltr'>attendatur,</span> <span class='ocrx_word' id='word_1_320' title='bbox 1576 2068 1623 2106; x_wconf 89' lang='lat' dir='ltr'>de</span> <span class='ocrx_word' id='word_1_321' title='bbox 1655 2081 1733 2118; x_wconf 92' lang='lat' dir='ltr'>quo</span> <span class='ocrx_word' id='word_1_322' title='bbox 1765 2068 1854 2106; x_wconf 87' lang='lat' dir='ltr'>vide</span> 
     </span>
     <span class='ocr_line' id='line_1_33' title="bbox 294 2127 1856 2177; baseline 0.002 -14"><span class='ocrx_word' id='word_1_323' title='bbox 294 2129 365 2164; x_wconf 89' lang='lat' dir='ltr'>sat.</span> <span class='ocrx_word' id='word_1_324' title='bbox 391 2129 462 2175; x_wconf 86' lang='grc' dir='ltr'>7ος</span> <span class='ocrx_word' id='word_1_325' title='bbox 487 2130 608 2166; x_wconf 87' lang='lat' dir='ltr'>aetate</span> <span class='ocrx_word' id='word_1_326' title='bbox 626 2139 786 2176; x_wconf 86' lang='lat' dir='ltr'>pessum</span> <span class='ocrx_word' id='word_1_327' title='bbox 812 2130 899 2166; x_wconf 85' lang='lat' dir='ltr'>aeta</span> <span class='ocrx_word' id='word_1_328' title='bbox 921 2128 1022 2175; x_wconf 77' lang='lat'>1363</span> <span class='ocrx_word' id='word_1_329' title='bbox 1049 2129 1088 2165; x_wconf 91' lang='lat' dir='ltr'>et</span> <span class='ocrx_word' id='word_1_330' title='bbox 1114 2127 1218 2177; x_wconf 89' lang='lat' dir='ltr'>quod</span> <span class='ocrx_word' id='word_1_331' title='bbox 1243 2140 1321 2166; x_wconf 92' lang='lat' dir='ltr'>non</span> <span class='ocrx_word' id='word_1_332' title='bbox 1347 2129 1474 2166; x_wconf 89' lang='lat' dir='ltr'>solum</span> <span class='ocrx_word' id='word_1_333' title='bbox 1499 2128 1644 2166; x_wconf 89' lang='lat' dir='ltr'>dicitur</span> <span class='ocrx_word' id='word_1_334' title='bbox 1666 2129 1795 2176; x_wconf 77' lang='lat' dir='ltr'>ibique</span> <span class='ocrx_word' id='word_1_335' title='bbox 1812 2130 1856 2166; x_wconf 84' lang='lat' dir='ltr'>in</span> 
     </span>
     <span class='ocr_line' id='line_1_34' title="bbox 297 2187 1855 2235; baseline 0.001 -13"><span class='ocrx_word' id='word_1_336' title='bbox 297 2196 337 2222; x_wconf 92' lang='lat' dir='ltr'>eo</span> <span class='ocrx_word' id='word_1_337' title='bbox 362 2189 486 2224; x_wconf 90' lang='lat' dir='ltr'>monte</span> <span class='ocrx_word' id='word_1_338' title='bbox 514 2188 598 2225; x_wconf 88' lang='lat'>100</span> <span class='ocrx_word' id='word_1_339' title='bbox 627 2187 695 2224; x_wconf 88' lang='lat' dir='ltr'>sed</span> <span class='ocrx_word' id='word_1_340' title='bbox 725 2187 847 2224; x_wconf 88' lang='lat' dir='ltr'>etiam</span> <span class='ocrx_word' id='word_1_341' title='bbox 877 2187 1014 2225; x_wconf 82' lang='lat' dir='ltr'>deinde</span> <span class='ocrx_word' id='word_1_342' title='bbox 1032 2189 1229 2235; x_wconf 85' lang='lat' dir='ltr'>posterius</span> <span class='ocrx_word' id='word_1_343' title='bbox 1257 2188 1309 2225; x_wconf 88' lang='grc'>73</span> <span class='ocrx_word' id='word_1_344' title='bbox 1337 2189 1377 2225; x_wconf 90' lang='grc'>01</span> <span class='ocrx_word' id='word_1_345' title='bbox 1394 2190 1486 2235; x_wconf 89' lang='lat' dir='ltr'>post</span> <span class='ocrx_word' id='word_1_346' title='bbox 1508 2188 1601 2225; x_wconf 87' lang='lat' dir='ltr'>haee</span> <span class='ocrx_word' id='word_1_347' title='bbox 1625 2187 1762 2225; x_wconf 78' lang='lat' dir='ltr'>deinde</span> <span class='ocrx_word' id='word_1_348' title='bbox 1788 2188 1855 2235; x_wconf 88' lang='lat'>91,</span> 
     </span>
     <span class='ocr_line' id='line_1_35' title="bbox 297 2244 1855 2296; baseline 0.001 -15"><span class='ocrx_word' id='word_1_349' title='bbox 297 2256 398 2292; x_wconf 88' lang='lat' dir='ltr'>quae</span> <span class='ocrx_word' id='word_1_350' title='bbox 419 2246 596 2284; x_wconf 84' lang='lat' dir='ltr'>conferas</span> <span class='ocrx_word' id='word_1_351' title='bbox 619 2258 707 2283; x_wconf 91' lang='lat' dir='ltr'>cum</span> <span class='ocrx_word' id='word_1_352' title='bbox 727 2259 815 2284; x_wconf 91' lang='lat' dir='ltr'>ann.</span> <span class='ocrx_word' id='word_1_353' title='bbox 834 2248 884 2284; x_wconf 92' lang='grc'>11</span> <span class='ocrx_word' id='word_1_354' title='bbox 908 2249 1037 2294; x_wconf 84' lang='lat' dir='ltr'>etpost</span> <span class='ocrx_word' id='word_1_355' title='bbox 1049 2247 1140 2284; x_wconf 84' lang='lat' dir='ltr'>inde</span> <span class='ocrx_word' id='word_1_356' title='bbox 1152 2248 1266 2290; x_wconf 80' lang='lat' dir='ltr'>venit,</span> <span class='ocrx_word' id='word_1_357' title='bbox 1285 2259 1357 2296; x_wconf 87' lang='lat' dir='ltr'>pro</span> <span class='ocrx_word' id='word_1_358' title='bbox 1372 2259 1449 2295; x_wconf 93' lang='lat' dir='ltr'>quo</span> <span class='ocrx_word' id='word_1_359' title='bbox 1463 2259 1542 2284; x_wconf 93' lang='lat' dir='ltr'>non</span> <span class='ocrx_word' id='word_1_360' title='bbox 1555 2248 1659 2284; x_wconf 84' lang='lat' dir='ltr'>recte</span> <span class='ocrx_word' id='word_1_361' title='bbox 1673 2246 1715 2284; x_wconf 90' lang='lat' dir='ltr'>P.</span> <span class='ocrx_word' id='word_1_362' title='bbox 1732 2244 1855 2284; x_wconf 89' lang='lat' dir='ltr'>Canal</span> 
     </span>
     <span class='ocr_line' id='line_1_36' title="bbox 297 2302 1856 2356; baseline 0.002 -16"><span class='ocrx_word' id='word_1_363' title='bbox 297 2303 396 2341; x_wconf 79' lang='lat' dir='ltr'>indu</span> <span class='ocrx_word' id='word_1_364' title='bbox 415 2304 533 2342; x_wconf 86' lang='lat' dir='ltr'>scribi</span> <span class='ocrx_word' id='word_1_365' title='bbox 551 2305 690 2354; x_wconf 88' lang='lat' dir='ltr'>voluit,</span> <span class='ocrx_word' id='word_1_366' title='bbox 710 2305 757 2343; x_wconf 82' lang='lat' dir='ltr'>ef.</span> <span class='ocrx_word' id='word_1_367' title='bbox 773 2305 931 2344; x_wconf 83' lang='lat' dir='ltr'>Servius</span> <span class='ocrx_word' id='word_1_368' title='bbox 951 2306 993 2342; x_wconf 88' lang='lat' dir='ltr'>in</span> <span class='ocrx_word' id='word_1_369' title='bbox 1012 2318 1142 2356; x_wconf 87' lang='lat' dir='ltr'>georg.</span> <span class='ocrx_word' id='word_1_370' title='bbox 1157 2318 1203 2342; x_wconf 90' lang='lat'>111</span> <span class='ocrx_word' id='word_1_371' title='bbox 1224 2307 1308 2344; x_wconf 87' lang='lat'>300</span> <span class='ocrx_word' id='word_1_372' title='bbox 1330 2303 1430 2353; x_wconf 73' lang='lat' dir='ltr'>‘post</span> <span class='ocrx_word' id='word_1_373' title='bbox 1446 2302 1549 2344; x_wconf 77' lang='lat' dir='ltr'>hine’</span> <span class='ocrx_word' id='word_1_374' title='bbox 1571 2318 1657 2344; x_wconf 88' lang='lat' dir='ltr'>eum</span> <span class='ocrx_word' id='word_1_375' title='bbox 1675 2306 1744 2343; x_wconf 85' lang='lat' dir='ltr'>hoe</span> <span class='ocrx_word' id='word_1_376' title='bbox 1761 2306 1856 2352; x_wconf 83' lang='lat' dir='ltr'>feee-</span> 
     </span>
     <span class='ocr_line' id='line_1_37' title="bbox 296 2358 1854 2417; baseline 0.001 -19"><span class='ocrx_word' id='word_1_377' title='bbox 296 2363 362 2399; x_wconf 82' lang='lat' dir='ltr'>ris.</span> <span class='ocrx_word' id='word_1_378' title='bbox 384 2365 417 2400; x_wconf 87' lang='lat' dir='ltr'>et</span> <span class='ocrx_word' id='word_1_379' title='bbox 437 2359 535 2410; x_wconf 78' lang='lat' dir='ltr'>‘post</span> <span class='ocrx_word' id='word_1_380' title='bbox 552 2361 654 2402; x_wconf 87' lang='lat' dir='ltr'>hine’</span> <span class='ocrx_word' id='word_1_381' title='bbox 676 2377 799 2402; x_wconf 90' lang='lat' dir='ltr'>unum</span> <span class='ocrx_word' id='word_1_382' title='bbox 818 2367 941 2409; x_wconf 83' lang='lat' dir='ltr'>vacat,</span> <span class='ocrx_word' id='word_1_383' title='bbox 959 2366 1060 2403; x_wconf 82' lang='lat' dir='ltr'>sieut</span> <span class='ocrx_word' id='word_1_384' title='bbox 1078 2361 1244 2413; x_wconf 74' lang='lat' dir='ltr'>‘primus</span> <span class='ocrx_word' id='word_1_385' title='bbox 1263 2365 1317 2403; x_wconf 68' lang='lat' dir='ltr'>ibi·</span> <span class='ocrx_word' id='word_1_386' title='bbox 1331 2368 1419 2403; x_wconf 88' lang='lat' dir='ltr'>ante</span> <span class='ocrx_word' id='word_1_387' title='bbox 1432 2362 1575 2403; x_wconf 83' lang='lat' dir='ltr'>omnes’</span> <span class='ocrx_word' id='word_1_388' title='bbox 1592 2359 1707 2417; x_wconf 87' lang='lat' dir='ltr'>(Aen.</span> <span class='ocrx_word' id='word_1_389' title='bbox 1722 2377 1752 2401; x_wconf 95' lang='lat'>11</span> <span class='ocrx_word' id='word_1_390' title='bbox 1767 2358 1854 2416; x_wconf 87' lang='lat'>40).</span> 
     </span>
     <span class='ocr_line' id='line_1_38' title="bbox 297 2420 1856 2472; baseline 0.002 -15"><span class='ocrx_word' id='word_1_391' title='bbox 297 2420 476 2469; x_wconf 86' lang='lat' dir='ltr'>Denique</span> <span class='ocrx_word' id='word_1_392' title='bbox 500 2423 618 2461; x_wconf 77' lang='lat' dir='ltr'>edicto</span> <span class='ocrx_word' id='word_1_393' title='bbox 636 2424 883 2471; x_wconf 84' lang='lat' dir='ltr'>prohibuisse</span> <span class='ocrx_word' id='word_1_394' title='bbox 907 2435 955 2462; x_wconf 90' lang='lat' dir='ltr'>ne</span> <span class='ocrx_word' id='word_1_395' title='bbox 985 2424 1112 2462; x_wconf 80' lang='lat' dir='ltr'>liceret</span> <span class='ocrx_word' id='word_1_396' title='bbox 1142 2435 1183 2462; x_wconf 91' lang='lat' dir='ltr'>eo</span> <span class='ocrx_word' id='word_1_397' title='bbox 1214 2424 1295 2462; x_wconf 80' lang='lat' dir='ltr'>cibo</span> <span class='ocrx_word' id='word_1_398' title='bbox 1326 2425 1426 2462; x_wconf 84' lang='lat' dir='ltr'>vesei</span> <span class='ocrx_word' id='word_1_399' title='bbox 1455 2425 1556 2472; x_wconf 86' lang='lat'>115,</span> <span class='ocrx_word' id='word_1_400' title='bbox 1589 2424 1695 2472; x_wconf 93' lang='lat' dir='ltr'>quod</span> <span class='ocrx_word' id='word_1_401' title='bbox 1727 2425 1787 2461; x_wconf 90' lang='lat' dir='ltr'>est</span> <span class='ocrx_word' id='word_1_402' title='bbox 1809 2436 1856 2460; x_wconf 85' lang='lat' dir='ltr'>ex</span> 
     </span>
     <span class='ocr_line' id='line_1_39' title="bbox 298 2481 1857 2533; baseline 0.003 -17"><span class='ocrx_word' id='word_1_403' title='bbox 298 2491 343 2517; x_wconf 93' lang='lat' dir='ltr'>eo</span> <span class='ocrx_word' id='word_1_404' title='bbox 369 2493 520 2530; x_wconf 88' lang='lat' dir='ltr'>genere,</span> <span class='ocrx_word' id='word_1_405' title='bbox 552 2481 599 2518; x_wconf 89' lang='lat' dir='ltr'>de</span> <span class='ocrx_word' id='word_1_406' title='bbox 626 2495 703 2530; x_wconf 93' lang='lat' dir='ltr'>quo</span> <span class='ocrx_word' id='word_1_407' title='bbox 730 2483 826 2521; x_wconf 91' lang='lat' dir='ltr'>alibi</span> <span class='ocrx_word' id='word_1_408' title='bbox 851 2483 1030 2532; x_wconf 90' lang='lat' dir='ltr'>pluribus</span> <span class='ocrx_word' id='word_1_409' title='bbox 1055 2483 1183 2521; x_wconf 85' lang='lat' dir='ltr'>verbis</span> <span class='ocrx_word' id='word_1_410' title='bbox 1209 2483 1283 2533; x_wconf 90' lang='lat' dir='ltr'>egi,</span> <span class='ocrx_word' id='word_1_411' title='bbox 1315 2495 1392 2531; x_wconf 91' lang='lat' dir='ltr'>quo</span> <span class='ocrx_word' id='word_1_412' title='bbox 1422 2482 1569 2520; x_wconf 85' lang='lat' dir='ltr'>dicitur</span> <span class='ocrx_word' id='word_1_413' title='bbox 1598 2486 1642 2520; x_wconf 90' lang='lat' dir='ltr'>ut</span> <span class='ocrx_word' id='word_1_414' title='bbox 1671 2482 1857 2530; x_wconf 83' lang='lat' dir='ltr'>complere</span> 
     </span>
     <span class='ocr_line' id='line_1_40' title="bbox 297 2539 1854 2591; baseline 0.002 -16"><span class='ocrx_word' id='word_1_415' title='bbox 297 2539 409 2577; x_wconf 83' lang='lat' dir='ltr'>liceat</span> <span class='ocrx_word' id='word_1_416' title='bbox 427 2541 683 2590; x_wconf 70' lang='lat' dir='ltr'>permittitur,</span> <span class='ocrx_word' id='word_1_417' title='bbox 714 2544 854 2590; x_wconf 73' lang='lat' dir='ltr'>vayari</span> <span class='ocrx_word' id='word_1_418' title='bbox 878 2545 922 2580; x_wconf 87' lang='lat' dir='ltr'>ut</span> <span class='ocrx_word' id='word_1_419' title='bbox 944 2543 1057 2580; x_wconf 82' lang='lat' dir='ltr'>liceat</span> <span class='ocrx_word' id='word_1_420' title='bbox 1081 2542 1315 2591; x_wconf 79' lang='lat' dir='ltr'>conceditur3</span> <span class='ocrx_word' id='word_1_421' title='bbox 1333 2543 1570 2589; x_wconf 81' lang='lat' dir='ltr'>permissum</span> <span class='ocrx_word' id='word_1_422' title='bbox 1596 2544 1649 2579; x_wconf 89' lang='lat' dir='ltr'>est</span> <span class='ocrx_word' id='word_1_423' title='bbox 1673 2544 1715 2579; x_wconf 91' lang='lat' dir='ltr'>ut</span> <span class='ocrx_word' id='word_1_424' title='bbox 1733 2542 1854 2579; x_wconf 79' lang='lat' dir='ltr'>liceat.</span> 
     </span>
     <span class='ocr_line' id='line_1_41' title="bbox 300 2597 1855 2650; baseline 0.002 -16"><span class='ocrx_word' id='word_1_425' title='bbox 300 2597 400 2635; x_wconf 89' lang='lat' dir='ltr'>Sunt</span> <span class='ocrx_word' id='word_1_426' title='bbox 420 2599 541 2635; x_wconf 89' lang='lat' dir='ltr'>etiam</span> <span class='ocrx_word' id='word_1_427' title='bbox 560 2599 641 2636; x_wconf 88' lang='lat' dir='ltr'>alia</span> <span class='ocrx_word' id='word_1_428' title='bbox 661 2612 762 2648; x_wconf 86' lang='lat' dir='ltr'>quae</span> <span class='ocrx_word' id='word_1_429' title='bbox 782 2601 954 2650; x_wconf 86' lang='lat' dir='ltr'>priscum</span> <span class='ocrx_word' id='word_1_430' title='bbox 973 2613 1189 2639; x_wconf 85' lang='lat' dir='ltr'>sermonem</span> <span class='ocrx_word' id='word_1_431' title='bbox 1209 2601 1394 2640; x_wconf 89' lang='lat' dir='ltr'>videntur</span> <span class='ocrx_word' id='word_1_432' title='bbox 1411 2601 1562 2648; x_wconf 83' lang='lat' dir='ltr'>testari,</span> <span class='ocrx_word' id='word_1_433' title='bbox 1587 2601 1697 2638; x_wconf 84' lang='lat' dir='ltr'>velut</span> <span class='ocrx_word' id='word_1_434' title='bbox 1719 2601 1771 2637; x_wconf 90' lang='lat'>74</span> <span class='ocrx_word' id='word_1_435' title='bbox 1792 2600 1855 2638; x_wconf 82' lang='lat' dir='ltr'>de-</span> 
     </span>
     <span class='ocr_line' id='line_1_42' title="bbox 298 2657 1857 2709; baseline 0.002 -15"><span class='ocrx_word' id='word_1_436' title='bbox 298 2657 397 2701; x_wconf 83' lang='lat' dir='ltr'>dere,</span> <span class='ocrx_word' id='word_1_437' title='bbox 417 2669 658 2706; x_wconf 89' lang='lat' dir='ltr'>quamquam</span> <span class='ocrx_word' id='word_1_438' title='bbox 681 2660 762 2697; x_wconf 85' lang='lat'>137</span> <span class='ocrx_word' id='word_1_439' title='bbox 783 2663 1017 2698; x_wconf 81' lang='lat' dir='ltr'>curaverunt</span> <span class='ocrx_word' id='word_1_440' title='bbox 1035 2661 1397 2709; x_wconf 71' lang='lat' dir='ltr'>decoraveruntque,</span> <span class='ocrx_word' id='word_1_441' title='bbox 1418 2660 1473 2697; x_wconf 88' lang='lat' dir='ltr'>sic</span> <span class='ocrx_word' id='word_1_442' title='bbox 1490 2659 1639 2697; x_wconf 88' lang='lat' dir='ltr'>Ennius</span> <span class='ocrx_word' id='word_1_443' title='bbox 1657 2661 1857 2706; x_wconf 77' lang='lat' dir='ltr'>scripsere,</span> 
     </span>
     <span class='ocr_line' id='line_1_43' title="bbox 299 2715 1855 2769; baseline 0.001 -16"><span class='ocrx_word' id='word_1_444' title='bbox 299 2715 366 2754; x_wconf 90' lang='lat' dir='ltr'>sed</span> <span class='ocrx_word' id='word_1_445' title='bbox 390 2716 494 2754; x_wconf 88' lang='lat' dir='ltr'>idem</span> <span class='ocrx_word' id='word_1_446' title='bbox 511 2718 778 2764; x_wconf 76' lang='lat' dir='ltr'>patefecerunt</span> <span class='ocrx_word' id='word_1_447' title='bbox 801 2719 970 2768; x_wconf 72' lang='lat' dir='ltr'>Bruqes,</span> <span class='ocrx_word' id='word_1_448' title='bbox 991 2719 1039 2757; x_wconf 86' lang='lat' dir='ltr'>cf.</span> <span class='ocrx_word' id='word_1_449' title='bbox 1059 2733 1096 2768; x_wconf 92' lang='lat' dir='ltr'>p.</span> <span class='ocrx_word' id='word_1_450' title='bbox 1117 2732 1233 2767; x_wconf 72' lang='lat' dir='ltr'>xn1113</span> <span class='ocrx_word' id='word_1_451' title='bbox 1264 2732 1381 2769; x_wconf 87' lang='lat' dir='ltr'>porro</span> <span class='ocrx_word' id='word_1_452' title='bbox 1413 2719 1529 2756; x_wconf 90' lang='lat' dir='ltr'>nimis</span> <span class='ocrx_word' id='word_1_453' title='bbox 1561 2719 1855 2767; x_wconf 85' lang='lat' dir='ltr'>frequentatum</span> 
     </span>
     <span class='ocr_line' id='line_1_44' title="bbox 299 2773 1855 2831; baseline 0.002 -18"><span class='ocrx_word' id='word_1_454' title='bbox 299 2778 411 2823; x_wconf 78' lang='lat' dir='ltr'>atque</span> <span class='ocrx_word' id='word_1_455' title='bbox 436 2778 476 2814; x_wconf 89' lang='lat' dir='ltr'>et</span> <span class='ocrx_word' id='word_1_456' title='bbox 501 2776 745 2814; x_wconf 86' lang='lat' dir='ltr'>cumulatum</span> <span class='ocrx_word' id='word_1_457' title='bbox 770 2779 828 2815; x_wconf 87' lang='lat' dir='ltr'>uti</span> <span class='ocrx_word' id='word_1_458' title='bbox 852 2790 924 2827; x_wconf 91' lang='lat' dir='ltr'>pro</span> <span class='ocrx_word' id='word_1_459' title='bbox 948 2781 991 2816; x_wconf 90' lang='lat' dir='ltr'>ut</span> <span class='ocrx_word' id='word_1_460' title='bbox 1015 2773 1103 2831; x_wconf 82' lang='lat'>(66.</span> <span class='ocrx_word' id='word_1_461' title='bbox 1127 2779 1192 2816; x_wconf 89' lang='grc'>68.</span> <span class='ocrx_word' id='word_1_462' title='bbox 1217 2779 1280 2817; x_wconf 86' lang='grc'>70.</span> <span class='ocrx_word' id='word_1_463' title='bbox 1305 2773 1378 2830; x_wconf 86' lang='grc'>71)</span> <span class='ocrx_word' id='word_1_464' title='bbox 1397 2777 1544 2816; x_wconf 87' lang='lat' dir='ltr'>habent</span> <span class='ocrx_word' id='word_1_465' title='bbox 1562 2778 1640 2815; x_wconf 86' lang='lat' dir='ltr'>nisi</span> <span class='ocrx_word' id='word_1_466' title='bbox 1658 2777 1776 2815; x_wconf 85' lang='lat' dir='ltr'>fallor</span> <span class='ocrx_word' id='word_1_467' title='bbox 1793 2790 1855 2816; x_wconf 90' lang='lat' dir='ltr'>ro-</span> 
     </span>
     <span class='ocr_line' id='line_1_45' title="bbox 298 2834 761 2885; baseline 0.004 -14"><span class='ocrx_word' id='word_1_468' title='bbox 298 2834 471 2885; x_wconf 84' lang='lat' dir='ltr'>biginem</span> <span class='ocrx_word' id='word_1_469' title='bbox 497 2834 761 2884; x_wconf 85' lang='lat' dir='ltr'>antiquitatis.</span> 
     </span>
    </p>
   </div>
   <div class='ocr_carea' id='block_1_3' title="bbox 1992 882 2004 1107">
    <p class='ocr_par' dir='ltr' id='par_1_4' title="bbox 1992 882 2004 1107">
     <span class='ocr_line' id='line_1_46' title="bbox 1992 882 2004 1107; textangle 90"><span class='ocrx_word' id='word_1_470' title='bbox 1992 1102 2001 1107; x_wconf 57' lang='grc'>1</span> <span class='ocrx_word' id='word_1_471' title='bbox 1998 1089 2002 1098; x_wconf 87' lang='grc'>-</span> <span class='ocrx_word' id='word_1_472' title='bbox 1992 1007 2004 1083; x_wconf 44' lang='grc' dir='ltr'>*κε-ψ..</span> <span class='ocrx_word' id='word_1_473' title='bbox 1995 976 2003 998; x_wconf 66' lang='grc' dir='ltr'>..ν</span> <span class='ocrx_word' id='word_1_474' title='bbox 1992 898 2004 969; x_wconf 58' lang='grc' dir='ltr'>-Μ</span> <span class='ocrx_word' id='word_1_475' title='bbox 1993 882 1995 886; x_wconf 53' lang='grc'>“</span> 
     </span>
    </p>
   </div>
  </div>
 </body>
</html>
