2054 3282
336 118 425 161 200
1012 107 1211 144 SOENICA

337 295 423 337 419
454 293 549 335 Heu
575 291 668 334 mea
693 290 846 346 puella,
872 304 946 344 spe
972 225 1214 342 quffld
1239 288 1459 330 succenset
1483 285 1565 330 tibi

1038 397 1190 432 XXXIV

336 465 422 506 420
454 462 682 517 Extemplo
715 463 934 515 acceptum
966 474 1033 501 me
1065 461 1212 501 necato
1244 462 1288 501 et
1319 458 1456 501 filium

1047 563 1183 598 XXXV

334 629 416 670 421
454 627 642 670 Vocibus
670 625 854 677 concide,
879 625 1058 667 facimus
1089 627 1246 667 musset
1278 625 1456 667 obrutus

331 780 484 816 futitum
503 779 725 814 naturaliter
744 779 801 813 est
818 779 862 813 ut
882 777 983 823 apud
1002 777 1164 812 Ennium
1184 777 1327 814 «hehae
1346 777 1428 824 ipse
1446 778 1584 824 clipeus
1601 779 1780 815 cecidit»)

332 835 404 869 Inc.
421 834 466 868 de
481 832 566 867 dub.
581 844 678 868 nom.
696 831 735 866 G.
751 832 790 866 L.
805 832 847 866 K.
863 844 886 866 v
898 843 934 876 p.
951 834 1030 874 574,
1046 834 1090 866 24
1107 831 1118 848 ‘
1128 830 1270 876 clipeus
1285 831 1464 877 (clypeus)
1477 832 1624 878 generis
1640 832 1838 868 masquini
1853 834 1896 868 ut

332 887 472 922 Ennius
487 886 637 922 «cecidit
649 886 784 931 clipeus
798 885 1029 931 (clypeus)».’
1128 884 1187 918 Ad
1200 884 1370 920 Hectoris
1383 885 1484 931 lytra
1496 885 1643 921 rettulit
1654 885 1895 929 Ribbeckius‚

333 940 545 976 comoediae
566 939 753 985 arrogavit
772 939 813 973 A.
831 938 1063 984 Spengelius.

449 992 600 1028 XXXIH
621 994 716 1038 (419)
748 991 865 1027 Varro
887 991 933 1026 de
952 991 976 1026 1.
991 991 1030 1026 L.
1045 1004 1097 1027 vn
1117 994 1160 1026 93
1180 993 1267 1037 post
1286 991 1477 1037 adscripta
1497 991 1546 1027 ad
1564 1005 1666 1027 xxxn
1682 992 1805 1038 ‘apud
1823 993 1895 1028 En-

331 1047 435 1082 nium
455 1047 577 1083 «heu.
595 1074 601 1080 .
617 1057 703 1092 spe.
721 1074 727 1080 .
743 1046 936 1081 succenset
954 1044 1072 1090 tibi»3
1100 1045 1201 1090 apud
1226 1045 1453 1091 Pompilium
1472 1046 1574 1082 «heu
1600 1057 1675 1092 qua
1698 1057 1758 1081 me
1785 1057 1898 1082 causa

331 1101 481 1135 fortuna
505 1099 640 1134 infeste
667 1098 846 1144 promis».
869 1098 969 1144 quod
996 1098 1051 1133 ait
1070 1097 1238 1144 (Plautus
1264 1098 1409 1134 scilicet
1427 1099 1475 1134 ad
1496 1099 1600 1134 cuius
1620 1110 1765 1135 versum
1783 1099 1897 1136 inter-

333 1153 438 1189 iectis
458 1154 608 1198 propter
628 1163 740 1187 euax
760 1152 938 1197 exemplis
959 1151 1184 1197 quibusdam
1197 1152 1351 1188 tandem
1366 1151 1478 1198 redit)
1493 1152 1672 1198 «iurgio»,
1692 1152 1733 1188 id
1753 1154 1810 1188 est
1821 1152 1898 1188 liti-

332 1208 417 1251 bus;
443 1206 572 1251 itaque
593 1206 727 1250 quibus
753 1216 811 1241 res
832 1206 914 1241 erat
932 1206 971 1240 in
992 1205 1253 1249 controversia,
1274 1216 1319 1242 ea
1338 1205 1542 1242 vocabatur
1559 1205 1624 1250 lis3
1643 1206 1728 1242 ideo
1747 1205 1788 1241 in
1807 1206 1898 1242 acti-

332 1260 463 1295 onibus
482 1259 649 1294 videmus
670 1259 745 1294 dici
766 1270 903 1303 «quam
921 1270 999 1294 rem
1020 1259 1095 1294 sive
1115 1258 1256 1295 stlitem
1275 1259 1399 1294 dicere
1414 1260 1560 1305 oportet
1573 1259 1763 1305 (stlitem
1781 1260 1898 1295 Lach—

331 1324 487 1349 mannus
502 1312 583 1348 coll.
600 1313 777 1358 Porphyr.
793 1313 833 1348 in
846 1312 932 1348 Hor.
943 1323 1049 1348 serm.
1064 1326 1078 1348 1
1091 1317 1123 1356 9,
1132 1317 1176 1348 41
1196 1313 1206 1330 ‘
1217 1313 1270 1348 sic
1283 1313 1444 1357 denique
1458 1313 1547 1348 etin
1559 1312 1706 1359 legibus
1720 1313 1899 1359 scriptum

333 1367 490 1401 inveniri
514 1366 608 1401 solet
628 1377 728 1403 «rem
749 1366 826 1401 sive
844 1366 1002 1410 litem»’‚
1023 1366 1214 1402 militem
1232 1366 1395 1413 Flor.)».'
1494 1365 1651 1401 Versum
1669 1365 1793 1411 Ennii,
1811 1378 1899 1402 nam

331 1420 471 1456 Naevio
498 1420 577 1454 sine
603 1420 677 1455 fide
703 1419 939 1463 adscribitur,
966 1420 1050 1465 ipsa
1075 1420 1262 1455 sententia
1286 1419 1470 1465 patefacit
1499 1420 1680 1455 comicum
1709 1431 1798 1464 esse,
1824 1432 1899 1457 non

334 1474 529 1520 tragicum.

450 1527 603 1562 XXXIV
616 1528 712 1573 (420)
738 1527 857 1562 Varro
877 1528 924 1562 de
942 1527 967 1562 l.
982 1527 1021 1563 L.
1036 1541 1087 1563 v11
1109 1532 1152 1563 12
1167 1528 1302 1572 ‘quare
1323 1538 1345 1562 a
1364 1526 1503 1562 tuendo
1523 1527 1562 1562 et
1579 1526 1722 1573 templa
1741 1528 1780 1563 et
1797 1528 1900 1563 tesca

333 1581 435 1616 dicta
455 1592 538 1616 cum
558 1581 772 1616 discrimine
792 1591 835 1616 eo
856 1581 955 1626 quod
977 1581 1054 1616 dixi
1076 1581 1179 1627 (ibid.
1200 1584 1255 1624 10,
1271 1582 1339 1627 11).
1360 1580 1390 1601 ¹³
1404 1580 1517 1615 etiam
1537 1580 1705 1616 indidem
1718 1580 1813 1615 illud
1829 1583 1898 1617 eui

333 1634 486 1680 (Ennii
505 1634 684 1680 Scaliger)
700 1634 909 1680 «extemplo
923 1639 1084 1680 ateptum
1093 1638 1197 1679 (corr.
1214 1645 1235 1669 a
1244 1635 1468 1680 coeptum)
1482 1644 1542 1669 me
1553 1638 1684 1681 ueyato
1697 1635 1735 1669 et
1747 1634 1898 1671 filium».

334 1688 518 1733 extemplo
539 1688 637 1723 enim
658 1689 715 1723 est
734 1688 921 1732 continuo,
942 1688 1042 1734 quod
1062 1699 1170 1723 omne
1189 1687 1370 1733 templum
1390 1698 1469 1722 esse
1489 1687 1602 1723 debet
1621 1687 1796 1723 continuo
1819 1698 1900 1733 sep·-

335 1743 414 1776 tum
434 1752 501 1776 nec
520 1741 604 1786 plus
623 1753 739 1776 unum
758 1741 954 1777 introitum
973 1741 1139 1776 habere.’

454 1794 588 1829 XXXV
602 1796 699 1841 (421)
731 1794 849 1830 Varro
864 1795 946 1830 del.
963 1795 1000 1830 L.
1016 1809 1068 1830 vn
1083 1798 1148 1830 101
1167 1796 1178 1813 ‘
1188 1795 1289 1841 apud
1302 1794 1464 1830 Ennium
1479 1794 1654 1831 «vocibus
1669 1794 1822 1830 concide
1841 1795 1900 1839 fa-

333 1848 448 1884 cimus
466 1852 499 1884 ct
517 1848 671 1883 obrutus
692 1849 796 1894 (corr.
811 1850 855 1883 ut
873 1849 945 1883 vid.
962 1849 1171 1884 obrutum
1190 1848 1335 1895 Flor.)».
1350 1858 1517 1883 mussare
1537 1847 1679 1883 dictum
1692 1848 1793 1893 quod
1805 1848 1901 1884 muti

453 2022 535 2059 419
557 2022 641 2070 ipse
661 2020 819 2071 quidem
837 2020 1118 2060 Lachmawnus
1139 2020 1199 2059 Eu
1218 2034 1268 2059 m.
1288 2034 1324 2071 p.
1347 2033 1366 2059 e
1386 2032 1454 2070 spe
1474 2019 1633 2070 quidem
1652 2019 1693 2058 id
1714 2022 1900 2060 successit

336 2074 420 2133 (hoc
439 2080 484 2117 dc
506 2080 546 2118 Ο.
561 2080 744 2119 Muellcri
763 2074 996 2134 coniectura)
1010 2080 1242 2120 Ribbeckius
1362 2081 1448 2117 420
1467 2081 1606 2118 necato
1625 2078 1814 2128 Scaliyer:
1833 2093 1900 2118 ne-

335 2140 429 2190 gato
533 2141 732 2188 acceptam
748 2134 824 2193 (vel
843 2134 1059 2193 arreptam)
1075 2141 1129 2179 ad
1141 2138 1458 2178 Andromacham
1475 2141 1508 2177 et
1519 2136 1763 2188 Astyanacta
1774 2140 1902 2187 filiwm

334 2198 428 2236 haec
441 2198 611 2245 referens
627 2198 673 2237 G.
688 2200 723 2236 I.
741 2200 899 2238 Vossius
913 2201 1042 2247 castiq.
1050 2212 1092 2247 p.
1115 2209 1129 2235 1
1142 2207 1162 2247 7
1174 2213 1188 2245 ;
1209 2200 1410 2249 acceptam
1424 2191 1663 2251 (arreptam)
1680 2229 1686 2235 .
1704 2229 1710 2235 .
1727 2200 1766 2236 et
1777 2198 1902 2237 filiam

336 2257 502 2295 Bothius
521 2258 567 2295 de
586 2257 747 2296 Hecuba
765 2262 798 2296 et
810 2259 1007 2308 Polyxena
1026 2258 1113 2305 filia
1130 2260 1403 2306 interpretatus
1419 2258 1499 2296 coll.
1514 2257 1607 2296 Hec.
1625 2266 1678 2305 39
1690 2267 1703 2293 1
1730 2256 1839 2307 ὑμεῖς
1860 2255 1903 2297 δέ

336 2312 376 2367 μ’
400 2313 495 2354 ἀλλὰ
513 2314 681 2368 θυγατρὶ
700 2318 997 2368 συμφονεύσατε
1012 2313 1077 2371 (cf.
1089 2318 1179 2356 ibid.
1194 2315 1278 2365 396
1295 2319 1329 2355 et
1343 2310 1469 2369 385);
1484 2317 1550 2364 qui
1565 2319 1747 2355 neutrum
1757 2318 1904 2365 probat

335 2374 385 2414 A.
405 2375 631 2424 Speuyclius
656 2378 856 2426 arreptum
877 2409 883 2414 .
907 2409 913 2415 .
935 2379 975 2416 et
999 2376 1125 2415 filium
1150 2378 1196 2415 dc
1220 2387 1329 2415 servo
1356 2379 1390 2413 et
1407 2375 1488 2422 filio
1509 2375 1593 2414 erili
1619 2377 1844 2424 accipienda
1870 2379 1904 2415 et

337 2436 551 2473 comoediae
578 2446 731 2473 verswm
759 2437 1004 2475 tribuendum
1028 2439 1170 2482 censen
1199 2437 1266 2484 qui
1292 2436 1492 2485 arreptum
1522 2435 1581 2473 vel
1606 2437 1806 2485 arreptam
1824 2446 1902 2484 pro

338 2495 541 2544 acceptum
559 2495 742 2538 scribunt,
764 2507 824 2533 cos
841 2497 944 2544 fuyit
960 2497 1079 2534 ratio:
1105 2497 1309 2545 acceptum
1333 2507 1394 2533 me
1413 2496 1551 2533 necato
1570 2495 1605 2532 h.
1621 2506 1648 2532 e.
1669 2497 1817 2533 κτεῖναι
1834 2496 1901 2533 λα-

337 2552 421 2605 βών
451 2554 510 2592 vcl
536 2553 683 2608 κτάνῃς
712 2553 843 2605 λαβών
871 2555 982 2603 Soph.
1009 2555 1098 2593 Ocd.
1124 2567 1156 2593 r.
1182 2553 1261 2601 641
1292 2556 1326 2592 ct
1354 2551 1450 2601 607,
1474 2554 1521 2602 cf.
1545 2553 1612 2591 El.
1638 2563 1722 2602 949

338 2613 421 2651 421
444 2612 653 2651 Senarium
673 2624 752 2651 csse
772 2616 805 2651 ct
823 2610 994 2652 Vocibus
1015 2614 1173 2653 concide
1195 2613 1396 2662 leyendwm
1417 2612 1719 2651 Lachmamiwm
1739 2624 1818 2651 uon
1838 2613 1901 2660 fu-

335 2674 411 2719 mi,-
430 2672 595 2711 facimus
615 2674 763 2711 musset
785 2672 954 2712 Turnebi
973 2674 1098 2718 codex,
1117 2673 1283 2722 fortasse
1300 2674 1408 2717 recte,
1430 2675 1464 2710 et
1482 2672 1608 2718 leuui‚·
1633 2672 1734 2712 faxis
1753 2673 1902 2711 musset

338 2731 569 2770 Ribbeckius
587 2732 709 2770 facito
729 2734 877 2771 musset
896 2732 944 2770 L.
958 2732 1175 2771 Muellerus
1194 2732 1257 2771 fac
1275 2733 1356 2770 iam
1375 2744 1425 2768 m.
1439 2731 1669 2777 Zamderus‚·
1686 2732 1729 2770 id
1748 2732 1900 2778 quidem

339 2793 482 2829 certum
500 2793 648 2831 musset
667 2791 830 2830 obrutus
849 2802 982 2830 verwm
1001 2802 1090 2836 esse,
1109 2804 1189 2830 nou
1207 2792 1269 2831 fac
1289 2793 1322 2830 si
1341 2792 1489 2829 musset
1503 2784 1690 2843 (mussat)
1705 2790 1900 2829 obrutum.

342 2849 516 2889 Ceterum
534 2861 668 2889 versus
687 2852 879 2890 comoedia
898 2851 1039 2899 aliquus
