2054 3282
347 150 403 191 82
859 143 1119 180 ANNALIUM
1142 141 1369 178 1113.me

343 326 429 368 454
1101 260 1135 294 Π
1305 335 1398 362 aere
1429 319 1548 362 fulva

820 519 1136 563 ANNALIUM
1166 520 1273 562 LIB.
1298 519 1363 563 IN
1365 519 1408 563 O.

1109 635 1126 670 1

337 699 423 741 455
456 698 538 741 Sed
569 699 658 740 sola
689 700 895 739 terrarum
927 699 1155 751 postquam
1187 711 1408 751 permensa
1437 712 1666 753 parumper

1096 801 1130 835 H

335 863 421 906 456
454 862 511 906 «O
545 863 712 919 genitor
741 865 886 904 noster
918 861 1127 918 Saturnie,
1158 862 1342 904 maxime
1374 863 1519 905 divum

1083 966 1134 1002 Π]

333 1029 416 1072 457
450 1028 642 1084 Iuppiter
671 1027 743 1069 hic
773 1027 870 1070 risit
900 1030 1259 1084 tempestatesque
1290 1043 1459 1071 serenae

449 1100 650 1142 Riserunt
682 1114 827 1141 omnes
858 1098 948 1142 risu
979 1098 1096 1142 Iovis
1129 1100 1446 1155 omnipotentis.

331 1228 460 1263 eodem
486 1239 604 1262 sensu.
717 1226 768 1262 Cf.
789 1227 928 1262 Paulus
953 1227 1055 1262 Festi
1080 1239 1116 1273 p.
1133 1231 1187 1270 68,
1203 1230 1248 1262 30
1264 1227 1331 1262 Th.
1355 1229 1506 1274 ‘groma
1532 1228 1746 1273 appellatur
1770 1239 1887 1274 genus

329 1281 563 1316 machinulae
589 1280 782 1315 cuiusdam
808 1291 881 1326 quo
907 1280 1077 1327 regiones
1103 1281 1184 1326 agri
1210 1281 1389 1326 cuiusque
1408 1281 1582 1327 cognosci
1600 1283 1768 1326 possunt,
1788 1282 1887 1326 quod

328 1345 443 1380 genus
458 1333 589 1368 Graeci
608 1334 782 1380 γνώμονα
802 1334 958 1369 dicunt.'
981 1333 1122 1368 Gellius
1141 1347 1169 1368 11
1189 1337 1243 1376 20,
1260 1338 1280 1369 6
1296 1336 1353 1380 (ex
1372 1335 1540 1369 oratione
1560 1334 1744 1380 Scipionis
1763 1334 1887 1369 Aemi-

327 1387 431 1433 liani)
455 1387 513 1421 ‘in
538 1386 597 1421 his
622 1386 837 1432 regionibus
863 1387 1113 1422 excelsissimo
1138 1387 1220 1422 loco
1246 1398 1416 1433 grumam
1442 1389 1605 1422 statuere
1631 1387 1775 1432 aiebat3
1800 1387 1887 1422 inde

328 1440 493 1486 derigere
513 1439 631 1475 viam'
653 1450 728 1484 eqs.
750 1440 803 1475 sic
822 1440 922 1475 enim
940 1440 1033 1475 haec
1052 1441 1264 1486 Madvigius
1283 1443 1393 1484 recte,
1414 1443 1518 1487 puto,
1538 1441 1713 1476 restituit.

444 1493 478 1527 Π
498 1495 593 1539 (454)
632 1492 773 1528 Gellius
793 1506 859 1528 xm
880 1497 935 1536 21,
952 1498 995 1529 14
1018 1494 1169 1529 ‘contra
1187 1505 1272 1529 vero
1297 1494 1398 1529 idem
1416 1494 1558 1529 Ennius
1583 1494 1623 1529 in
1649 1494 1776 1528 annali
1796 1494 1886 1529 duo-

326 1546 546 1582 devicesimo
567 1557 675 1583 «aere
694 1547 822 1590 fulva»
844 1546 954 1590 dixit,
978 1558 1052 1582 non
1073 1547 1190 1591 fulvo,
1214 1559 1289 1582 non
1311 1547 1359 1582 ob
1380 1548 1421 1582 id
1441 1548 1561 1582 solum
1583 1547 1683 1592 quod
1705 1546 1886 1582 Homerus

325 1598 417 1645 ἠέρα
437 1601 600 1646 βαθεῖαν
621 1599 725 1643 dicit,
746 1600 811 1634 sed
831 1600 931 1645 quod
943 1600 1005 1635 hic
1020 1612 1130 1636 sonus
1144 1601 1276 1646 opinor
1288 1600 1491 1636 vocabilior
1503 1601 1603 1635 visus
1617 1602 1655 1636 et
1668 1601 1883 1636 amoenior.’

394 1653 496 1688 Idem
515 1666 543 1688 11
563 1657 619 1696 26,
636 1656 677 1687 11
702 1652 846 1687 ‘fulvus
867 1655 992 1688 autem
1011 1654 1159 1689 videtur
1178 1654 1224 1689 de
1243 1654 1325 1689 rufo
1347 1656 1460 1699 atque
1473 1654 1584 1689 viridi
1595 1654 1734 1689 mixtus
1747 1654 1786 1689 in
1801 1654 1885 1689 aliis

324 1706 407 1751 plus
426 1706 566 1749 viridis,
586 1706 625 1741 in
646 1706 730 1741 aliis
756 1706 840 1751 plus
865 1706 934 1740 rufi
959 1707 1114 1751 habere3
1141 1707 1194 1742 sic
1219 1709 1332 1752 poeta
1352 1707 1566 1753 (Vergilius)
1586 1707 1780 1742 verborum
1800 1707 1884 1754 dili-

323 1759 561 1804 gentissimus
580 1759 721 1794 fulvam
742 1759 908 1804 aquilam
927 1759 1020 1794 dicit
1033 1761 1071 1795 et
1082 1760 1268 1805 iaspidem
1283 1789 1289 1794 .
1307 1789 1312 1794 .
1330 1789 1336 1794 .
1354 1789 1359 1794 .
1377 1760 1503 1805 sicque
1517 1760 1601 1806 (sic
1621 1760 1661 1803 Q.
1677 1760 1766 1795 olim
1779 1762 1884 1806 corr.)

323 1812 462 1848 Ennius
482 1813 521 1847 in
541 1813 739 1848 annalibus
760 1823 869 1849 «aere
887 1813 1011 1856 fulvo»
1033 1813 1154 1848 dixit?

434 1883 520 1918 LIB.
541 1883 632 1919 INC.
671 1883 687 1918 I
702 1885 797 1930 (455)
818 1884 950 1919 Festus
963 1896 999 1929 p.
1015 1888 1094 1928 426,
1107 1887 1150 1919 33
1162 1884 1228 1918 Th.
1246 1884 1257 1901 ‘
1268 1884 1387 1919 solum
1400 1885 1538 1919 terram
1551 1884 1692 1919 Ennius
1705 1885 1729 1919 1.
1741 1898 1783 1920 111
1797 1885 1883 1932 [rv];

323 1938 360 1971 et
380 1937 498 1972 aliubi
518 1937 628 1973 «sed.
646 1965 652 1971 .
670 1965 675 1971 .
690 1938 942 1983 parumper».’
1018 1937 1070 1972 Cf.
1085 1937 1202 1972 Varro
1223 1937 1268 1972 de
1287 1937 1311 1972 1.
1327 1937 1365 1972 L.
1380 1950 1402 1972 v
1420 1941 1464 1972 22
1487 1938 1588 1973 ‘tera
1607 1939 1707 1973 terra
1726 1939 1764 1972 et
1778 1937 1825 1972 ab
1839 1948 1882 1972 eo

322 1992 456 2034 poetae
471 1990 712 2036 appellarunt
726 2001 869 2025 summa
885 1992 1007 2026 terrae
1021 2001 1117 2035 quae
1132 1990 1211 2026 sola
1224 1991 1295 2026 teri
1307 1992 1464 2036 possunt
1478 1990 1581 2027 «sola
1594 1992 1766 2027 terrae».'

437 2043 472 2078 H
491 2045 586 2090 (456)
625 2043 837 2079 Priscianus
856 2057 932 2079 xvn
951 2056 987 2089 p.
1003 2047 1083 2088 205,
1098 2047 1142 2079 20
1162 2043 1207 2078 Η.
1231 2044 1364 2079 ‘tertia
1383 2055 1467 2079 vero
1492 2044 1701 2089 possessiva
1727 2044 1797 2078 etsi
1816 2054 1881 2079 na-

321 2097 443 2131 turam
465 2096 621 2140 habeat,
641 2099 684 2132 ut
709 2108 775 2143 per
797 2097 1007 2132 vocativum
1030 2097 1105 2132 dici
1130 2097 1250 2143 possit
1270 2126 1276 2131 .
1300 2126 1306 2131 .
1330 2126 1335 2131 .
1356 2108 1552 2142 possumus
1575 2097 1674 2132 enim
1696 2097 1810 2132 etiam
1833 2097 1881 2132 ad

322 2149 483 2185 alienam
501 2151 772 2196 possessionem
793 2150 954 2197 dirigere
975 2161 1189 2193 sermonem,
1204 2152 1247 2185 ut
1261 2162 1304 2187 «o
1322 2179 1327 2184 .
1346 2179 1351 2184 .
1368 2150 1540 2185 Saturnie
1555 2151 1760 2196 (saturne
1779 2150 1879 2184 Parr.

320 2202 353 2236 R
373 2205 410 2238 et
430 2203 458 2238 O
479 2203 599 2249 Bern.)
619 2216 666 2238 m.
689 2204 843 2240 divum»
866 2233 871 2238 .
896 2233 902 2238 .
926 2233 932 2238 .
953 2216 1041 2239 usus
1066 2206 1193 2239 tamen
1219 2204 1372 2239 deficit.'
1396 2204 1508 2239 Ennii
1532 2214 1678 2238 versum
1703 2214 1799 2246 esse,
1821 2203 1880 2238 cui

321 2255 481 2291 editores
501 2257 728 2300 adscribunt,
750 2257 945 2302 probabile
965 2257 1007 2292 fit
1027 2257 1199 2292 similiter
1218 2258 1423 2302 composito
1442 2269 1473 2292 v.
1495 2260 1561 2292 491
1586 2256 1749 2302 ‘optima
1769 2256 1880 2291 caeli-

321 2309 451 2353 colum,
479 2309 662 2352 Saturnia,
689 2321 828 2356 magna
854 2311 1033 2346 dearum.'
1054 2310 1122 2345 Ille
1141 2321 1225 2345 vero
1245 2321 1439 2355 expressus
1459 2311 1516 2345 est
1535 2321 1579 2345 ex
1598 2309 1777 2345 familiari
1795 2309 1879 2344 Pal-

320 2361 417 2396 ladis
443 2363 818 2407 appellatione-Iovis
843 2363 1040 2399 Homerica
1065 2360 1093 2399 ὦ
1112 2362 1229 2407 πάτερ
1254 2362 1405 2408 ἡμέτερε
1431 2362 1612 2409 Κρονίδη,
1637 2362 1756 2398 ὕπατε
1781 2375 1879 2407 κρει-

321 2412 450 2458 όντων,
471 2415 574 2450 cuius
594 2426 718 2450 versus
741 2418 849 2461 parte
871 2416 994 2462 prima
1012 2416 1233 2462 Apollonius
1252 2416 1354 2451 Alex.
1377 2417 1423 2451 de
1449 2418 1582 2452 constr.
1603 2429 1644 2450 m
1665 2419 1685 2449 9
1705 2428 1740 2460 p.
1762 2419 1841 2458 220,
1858 2419 1878 2450 5

319 2466 435 2502 Bekk.
456 2468 494 2502 in
514 2468 644 2504 eadem
664 2480 738 2514 qua
757 2469 970 2505 Priscianus
990 2469 1246 2515 disputatione
1264 2481 1353 2503 usus
1373 2471 1439 2504 est.

437 2520 488 2555 111
502 2523 596 2567 (457)
633 2522 778 2557 Servius
792 2523 831 2558 in
844 2523 934 2558 Aen.
950 2536 962 2557 1
976 2527 1044 2558 254
1058 2535 1093 2568 p.
1110 2526 1165 2566 94,
1181 2526 1224 2557 25
1239 2522 1335 2557 Thil.
1352 2523 1363 2539 ‘
1374 2522 1585 2557 subridens:
1600 2522 1741 2557 laetum
1755 2523 1878 2557 osten-

319 2573 377 2609 dit
394 2573 516 2609 Iovem
536 2576 574 2609 et
592 2575 707 2611 talem
727 2576 849 2620 qualis
869 2587 948 2611 esse
968 2576 1063 2612 solet
1082 2587 1165 2611 cum
1184 2575 1276 2611 facit
1295 2586 1480 2620 serenum3
1500 2576 1694 2620 poetarum
1708 2574 1807 2610 enim
1821 2576 1878 2609 est

438 2746 521 2783 455
548 2746 669 2783 terrai
694 2746 924 2792 Lambinus,
950 2748 1053 2786 vebat
1076 2749 1203 2786 terrae
1229 2747 1314 2786 sola
1335 2746 1512 2786 Catullus
1532 2744 1637 2795 63‚7
1662 2741 1728 2799 (cf.
1751 2746 1876 2785 Varro

317 2816 441 2852 supra
460 2799 616 2858 adscr.),
636 2806 703 2844 sed
722 2806 806 2844 sola
824 2807 1018 2845 terrarum
1038 2807 1267 2845 ultimarum
1291 2806 1421 2845 Cicero
1434 2817 1510 2854 pro
1529 2805 1656 2844 Balbo
1679 2814 1716 2854 5,
1736 2814 1784 2852 13

317 2875 523 2912 permensa
541 2877 753 2915 parumper
771 2867 814 2903 ut
835 2873 855 2913 7
868 2875 881 2901 1
