2004 3278
285 188 408 225 CCXX
771 186 815 220 Π.
841 184 905 219 DE
930 183 1085 219 LIBRIS
1110 182 1344 218 ENNIANIs

400 300 521 338 Porro
554 311 599 336 ex
631 296 834 335 Plutarchi
864 295 1009 334 consol.
1034 294 1168 345 Apoll.
1200 307 1302 344 quae
1333 296 1551 334 afferuntur
1579 291 1684 348 (245
1706 293 1840 353 Kaib.)

284 362 408 404 καλῶς
433 351 505 396 οὖν
531 354 551 394 ὁ
573 352 807 407 Ἐπίχαρμός
832 359 932 404 φησι

402 415 618 467 συνεκρίθη
643 412 709 453 καὶ
734 413 916 465 διεκρίθη
941 411 1149 464 κάπῆλθεν
1174 411 1271 451 ὅθεν
1295 407 1421 464 ἦλθεν
1443 413 1576 466 πάλιν,

399 480 447 527 γᾶ
474 471 544 525 μὲν
569 473 623 519 εἰς
648 478 733 525 γᾶν,
758 478 912 523 πνεῦμα
938 467 974 510 δ’
1003 469 1104 510 ἅνω·
1130 471 1170 511 τί
1190 471 1311 511 τῶνδε
1335 472 1519 524 χαλεπόν;
1546 472 1639 513 οὐδὲ
1663 472 1707 513 ἕν

283 548 448 585 quorum
474 532 703 582 Euripidem
728 544 941 570 memorem
964 531 1086 570 fuisse
1111 533 1251 571 volunt
1276 544 1365 570 cum
1391 532 1528 571 scribit
1553 533 1688 584 Suppl.
1716 535 1798 573 531

563 587 686 630 ἐάσατ’
714 588 793 641 ἤδη
818 596 867 645 γῇ
893 592 1154 641 καλυφθῆναι
1178 590 1357 643 νεκρούς,

564 649 662 689 ὅθεν
688 645 725 688 δ’
754 648 916 688 ἕκαστον
941 649 998 696 εἰς
1021 648 1063 689 τὸ
1090 646 1181 702 σῶμ’
1209 648 1385 701 ἀφίκετο,

565 704 726 748 ἐνταῦθ’
748 707 949 760 ἀπελθεῖν,
969 714 1123 761 πνεῦμα
1141 707 1212 761 μὲν
1230 708 1306 763 πρὸ
1327 708 1503 763 ςαίθέρα,

562 767 604 807 τὸ
630 774 740 819 σῶμα
766 763 803 807 δ’
830 767 886 816 εἰς
911 774 1000 820 γῆν,

282 826 400 883 (quae
426 831 517 868 sunt
542 829 610 878 qui
636 829 684 866 ab
703 828 895 878 Euripide
921 823 1179 881 abiudicent),
1205 841 1251 867 ea
1275 829 1356 867 iam
1374 829 1577 879 Hauptius
1597 831 1734 869 eadem
1759 844 1841 870 esse

281 889 422 927 statuit
447 900 534 926 cum
554 888 746 926 Ennianis
772 887 819 925 de
840 888 1077 937 Epicharmo
1104 888 1236 927 allatis
1262 901 1289 927 v
1314 883 1411 941 (vid.
1438 884 1546 942 adn.)
1572 893 1677 929 terra
1702 903 1841 939 eorpus

281 951 344 993 est,
370 951 410 986 at
433 949 570 986 mentis
594 948 697 996 tynis
722 950 777 986 est
801 949 841 986 et
866 961 966 997 quae
992 947 1063 987 sub
1083 960 1125 986 VI
1148 950 1367 998 sequuntur
1390 949 1573 998 idemque
1593 951 1652 988 est
1670 950 1840 989 Kaibelii

280 1007 478 1046 iudicium.
508 1006 580 1045 Sed
609 1008 713 1044 certe
739 1007 843 1055 quod
869 1020 1064 1045 summum
1090 1009 1150 1046 est
1173 1008 1214 1045 in
1239 1007 1407 1057 Graecis,
1434 1007 1537 1057 quod
1562 1009 1692 1047 verbis
1718 1010 1841 1048 conti-

281 1069 395 1105 netur
414 1064 594 1116 ἀπῆλθεν
614 1064 712 1104 ὄθεν
730 1061 855 1117 ἦλθεν
873 1065 1005 1112 πάλιν,
1026 1066 1138 1105 abest
1157 1066 1205 1104 ab
1223 1067 1427 1115 Ennianis,
1448 1069 1488 1105 et
1506 1068 1666 1106 illorum
1686 1071 1840 1107 senten-

280 1127 338 1164 tia
364 1139 407 1164 ex
434 1126 559 1163 altera
585 1125 743 1174 quidem
767 1127 881 1175 parte
901 1126 1008 1175 quod
1029 1126 1079 1164 ad
1098 1139 1237 1176 corpus
1259 1127 1402 1164 attinet
1428 1128 1560 1176 potius
1586 1127 1626 1164 in
1647 1128 1784 1177 Epich.
1799 1141 1841 1168 1v

281 1186 514 1235 agnoscatur
534 1186 646 1223 terris
662 1187 786 1234 yentis
808 1187 933 1224 omnis
951 1187 1105 1234 peperit
1129 1189 1163 1224 et
1186 1187 1347 1224 resumit
1371 1186 1506 1230 denuo,
1532 1187 1595 1224 cui
1621 1187 1842 1226 consimilia

280 1247 370 1283 sunt
390 1257 477 1282 ann.
502 1245 619 1294 13sq.
646 1248 750 1283 terra
769 1256 908 1293 eorpus
927 1257 1025 1294 quae
1044 1246 1147 1284 dedit
1164 1246 1253 1293 ipsa
1274 1247 1377 1293 capit
1401 1257 1520 1294 neque
1545 1246 1724 1294 dispendi
1747 1248 1843 1295 facit

279 1298 452 1354 hilum.*)

397 1363 537 1412 Itaque
565 1366 731 1413 apparet
756 1376 834 1402 non
859 1365 987 1403 multa
1013 1377 1095 1403 esse
1120 1365 1162 1402 in
1181 1364 1360 1413 reliquiis
1380 1364 1651 1413 Epicharmeis
1671 1377 1771 1415 quae
1792 1366 1841 1403 ad

281 1422 554 1472 explicandum
580 1423 700 1461 Ennii
727 1435 884 1462 carmen
910 1423 1184 1473 adhibeantur,
1216 1423 1283 1462 sed
1308 1426 1442 1462 tamen
1468 1423 1572 1473 quod
1597 1425 1693 1463 satis
1720 1424 1772 1463 sit
1797 1427 1842 1463 ut

278 1482 526 1533 intelligatur
550 1482 723 1520 Ennium
748 1484 790 1521 in
815 1483 1053 1533 Epicharmo
1080 1495 1150 1521 sua
1177 1496 1221 1521 ex
1247 1481 1405 1521 Graecis
1432 1483 1661 1533 Epicharmi
1689 1496 1840 1533 expres-

279 1542 386 1589 sisse,
407 1542 487 1580 sive
506 1542 540 1580 is
560 1554 675 1580 verus
695 1543 774 1579 fuit
790 1543 1050 1592 Epicharmus
1071 1543 1154 1581 sive
1172 1543 1308 1591 falsus,
1328 1542 1432 1591 quod
1451 1555 1530 1580 non
1550 1542 1702 1581 dirimo.
1722 1543 1841 1581 Ennii

280 1613 369 1638 ann.
394 1602 539 1650 lOsqq.
567 1601 662 1651 quid
688 1602 961 1640 similitudinis
986 1602 1159 1640 habeant
1184 1615 1272 1640 cum
1293 1603 1489 1640 sententia
1508 1602 1768 1651 Epicharmea
1794 1603 1841 1641 de

280 1660 480 1698 comoedia
506 1673 625 1710 supra
643 1675 680 1710 p.
703 1672 855 1700 CXLVIII
878 1661 1108 1712 significavi.
1135 1661 1468 1710 Epicharmum
1490 1663 1622 1699 autem
1640 1662 1842 1711 inscripsit

280 1719 430 1757 Ennius
457 1721 622 1758 carmini
655 1733 733 1769 quo
760 1720 842 1759 eius
867 1722 1007 1770 poetae
1039 1721 1183 1758 librum
1215 1721 1405 1769 expressit
1431 1733 1475 1758 eo
1505 1733 1619 1759 sensu
1646 1734 1723 1770 quo
1750 1721 1841 1766 Eu—

279 1779 516 1817 hemerum
536 1781 575 1818 et
595 1779 755 1818 Sotam
775 1780 987 1829 inscripsit,
1007 1780 1054 1818 de
1074 1792 1151 1829 quo
1171 1792 1244 1818 usu
1265 1779 1309 1817 O.
1326 1779 1484 1817 Crusius
1498 1781 1523 1817 l.
1538 1793 1574 1829 p.
1591 1791 1728 1819 ccxvn
1745 1775 1839 1833 s.**)

278 1838 366 1876 Nisi
391 1839 496 1887 quod
521 1840 616 1888 quia
634 1839 761 1877 Varro
787 1840 907 1878 semel
933 1841 973 1877 et
996 1841 1141 1877 iterum
1160 1840 1424 1886 Epicharmus
1449 1839 1542 1877 dicit
1565 1840 1628 1878 vel
1648 1840 1840 1888 Epichar-

279 1909 364 1935 mus
389 1899 516 1936 Ennii
541 1899 634 1937 dicit
658 1899 799 1937 citavit
825 1893 890 1950 (cf.
910 1912 948 1947 p.
969 1894 1142 1951 xxxvm)
1169 1898 1242 1936 hoc
1267 1900 1380 1936 teneo
1407 1898 1514 1947 quod
1537 1898 1633 1936 olim
1651 1911 1840 1948 proposu-

280 1969 385 1994 eram
400 1957 681 2007 Epicharmum
701 1959 831 2007 ipsum
850 1959 891 1995 in
911 1959 985 1996 hoc
1005 1959 1175 1996 carmine
1195 1958 1421 2006 loquentem
1441 1969 1609 2006 suasque
1625 1959 1840 1996 sententias

279 2018 570 2066 expromentem
589 2017 734 2066 induci,
754 2018 922 2056 forsitan
941 2018 999 2055 ita
1019 2019 1064 2054 ut
1078 2017 1291 2055 somnianti
1305 2017 1432 2055 Ennio
1448 2011 1499 2069 (Ι)
1520 2016 1677 2055 obviam
1691 2018 1840 2056 factum

280 2074 453 2126 fingatur
472 2076 802 2126 quemadmodum
821 2078 863 2114 in
881 2076 1089 2115 annalibus
1102 2076 1331 2124 Homerum,
1351 2078 1391 2114 et
1404 2076 1684 2126 Epicharmum
1696 2077 1841 2115 habere

281 2135 343 2171 cui
368 2135 502 2174 tradat
527 2149 562 2174 v.
586 2137 639 2174 57
666 2148 765 2184 quae
789 2136 873 2174 dico
898 2137 968 2174 tibi
994 2136 1228 2174 documento
1254 2137 1322 2174 est.

398 2195 538 2233 Restat
563 2196 731 2234 alterum
757 2197 798 2233 et
823 2197 1039 2234 extremum
1062 2208 1172 2245 opus,
1198 2196 1261 2232 cui
1281 2195 1432 2233 Ennius
1452 2195 1762 2232 Euhemerum
1781 2195 1839 2232 in-

281 2253 438 2302 scripsit
457 2267 502 2292 ex
522 2267 566 2293 eo
587 2268 694 2293 more
714 2268 831 2304 quem
851 2255 901 2293 ad
923 2254 1059 2293 Sotam
1078 2257 1118 2293 et
1136 2255 1418 2304 Epicharmum
1437 2254 1553 2305 tetigi
1573 2253 1674 2292 libro
1699 2266 1840 2292 nomen

282 2313 364 2350 eius
391 2313 592 2362 scriptoris
617 2314 836 2366 praefigens
863 2327 979 2363 quem
1004 2314 1254 2364 potissimum
1281 2315 1435 2352 secutus
1462 2315 1530 2352 est.
1557 2313 1617 2350 De
1643 2326 1720 2362 quo
1739 2313 1839 2351 libro

281 2384 382 2420 quae
413 2372 507 2410 olim
539 2375 717 2423 exposui,
758 2387 999 2423 quamquam
1029 2373 1176 2411 habent
1208 2385 1307 2422 quae
1339 2385 1442 2410 nunc
1472 2372 1602 2411 minus
1636 2372 1840 2422 probanda

397 2484 428 2528 ³³²)
455 2485 509 2520 De
533 2486 665 2521 horum
690 2486 833 2532 origine
865 2487 909 2521 ut
938 2486 1038 2521 recte
1067 2485 1254 2520 iudicetur
1284 2496 1358 2519 non
1389 2484 1574 2519 inutiliter
1605 2484 1840 2519 conferentur

281 2531 394 2566 etiam
420 2532 631 2568 Pacuviana
658 2537 701 2568 93
715 2534 758 2568 R.
785 2538 899 2569 mater
923 2539 975 2569 est
1005 2539 1122 2576 terra;
1153 2544 1195 2568 ea
1220 2534 1325 2577 parit
1356 2543 1496 2577 corpus,
1527 2533 1690 2567 animam
1721 2533 1840 2567 aether

280 2580 455 2625 adamat,-
475 2581 512 2614 et
532 2584 575 2614 90
603 2582 657 2626 (ut
681 2581 829 2616 videtur
848 2581 894 2615 de
914 2581 1077 2625 aethere)
1098 2581 1276 2625 quidquid
1295 2584 1345 2615 est
1363 2580 1437 2622 hoc,
1463 2581 1586 2614 omnia
1605 2580 1747 2614 animat
1764 2580 1839 2622 for-

279 2631 355 2662 mat
380 2628 449 2662 alit
472 2632 577 2672 auyet
602 2633 699 2664 creat
721 2630 844 2673 sepelit
869 2630 1062 2673 recipitque
1086 2629 1128 2662 in
1151 2639 1222 2663 sese
1247 2628 1380 2663 omnia.

380 2674 431 2718 ²³⁰⁸)
458 2674 573 2716 Quem
598 2687 672 2709 non
691 2676 807 2720 probo
828 2676 928 2720 quod
946 2675 1058 2710 verba
1078 2677 1224 2711 animus
1242 2676 1366 2717 cernit,
1391 2675 1538 2709 animus
1557 2674 1674 2716 audit,
1699 2674 1839 2717 reliqua

279 2722 394 2757 surda
419 2726 453 2756 et
476 2733 580 2757 caeca
598 2727 695 2765 sunt,
720 2722 855 2767 quibus
876 2723 976 2767 apud
996 2722 1267 2758 Tertullianum
1286 2721 1501 2767 Epicharmi
1522 2720 1586 2764 qui
1606 2720 1743 2754 dicitur
1761 2731 1838 2755 ver-

281 2780 341 2803 sus
368 2775 456 2809 νοῦς
481 2768 549 2812 ὁρῇ
575 2770 637 2803 καὶ
664 2775 752 2810 νοῦς
777 2770 922 2804 ἀκούει·
949 2769 1061 2804 τᾶλλα
1087 2769 1197 2814 κωφὰ
1217 2770 1281 2805 καὶ
1299 2768 1420 2813 τυφλά
1441 2769 1522 2812 (249
1536 2767 1661 2810 Kaib.)
1680 2767 1837 2802 transla-

280 2818 339 2850 tus
359 2816 508 2862 legitur,
528 2816 750 2861 Epicharmo
770 2816 881 2851 Ennii
902 2817 1102 2862 adscripsit
1120 2817 1372 2862 adstipulatus
1391 2814 1628 2857 Baehrensio,
1649 2814 1712 2858 qui
1731 2817 1768 2849 et
1780 2815 1839 2848 his

281 2864 318 2897 et
338 2863 422 2898 aliis
447 2863 662 2908 Epicharmi
688 2863 849 2898 Enniani
874 2864 1052 2908 reliquias
1076 2863 1322 2909 locupletavit
1346 2874 1390 2898 ea
1414 2862 1570 2898 levitate
1592 2872 1687 2907 quae
1706 2863 1840 2907 regnat

279 2909 318 2945 in
344 2910 402 2946 his
427 2910 648 2956 fragmentis
672 2913 866 2958 poetarum
893 2911 1153 2947 Romanorum.
