2054 3282
634 183 876 219 ATHAMAs.
905 184 1246 220 CRESPHONTES
1363 161 1368 165 ’
1629 184 1712 226 139

158 306 240 348 126
272 305 450 363 Ignotus
477 306 678 348 iuvenum
704 307 849 348 coetus
882 305 1044 348 alterna
1067 305 1158 348 vice

272 375 427 432 hibat,
452 377 600 420 alacris
625 376 836 420 Bacchico
863 377 1071 420 insultans
1097 377 1235 419 modo.

732 552 1147 597 CRESPHONTES

929 653 945 688 I

161 716 243 759 128
276 715 345 760 An
372 715 484 760 inter
503 732 547 759 se
572 716 758 759 sortiunt
784 715 932 759 urbem
957 716 1086 771 atque
1111 729 1236 772 agros

920 808 954 843 H

863 869 1016 896 MEROPA

161 919 243 961 129
276 918 408 961 Ducit
432 932 499 961 me
526 932 701 960 uxorem
727 917 958 960 liberorum
985 917 1068 959 sibi
1095 917 1383 973 quaesendum
1409 917 1558 974 gratia.

913 1010 964 1045 ΙΠ

862 1072 1012 1099 MEROPA

162 1121 246 1164 130
272 1120 307 1164 Ο
323 1121 469 1177 pietas,
481 1134 573 1163 eam
588 1134 731 1163 secum
745 1120 965 1174 advocant,
976 1123 1078 1164 eunt
1091 1120 1144 1163 ad
1158 1121 1334 1176 fontem,
1345 1120 1531 1164 nitidant
1544 1130 1722 1176 corpora

279 1249 621 1286 CRESPHONTES
652 1249 772 1285 Huius
786 1249 1004 1296 tragoediae
1017 1260 1142 1285 versus
1157 1249 1374 1295 superstites
1388 1251 1473 1295 post
1483 1248 1723 1285 Wecklinum

160 1295 290 1350 Cllber
304 1304 376 1339 den
389 1302 640 1348 Kresphontes
656 1303 720 1338 des
731 1302 944 1348 Euripides'
963 1304 1067 1348 1880>
1082 1302 1289 1348 disceptavi
1302 1303 1341 1338 in
1355 1303 1543 1348 prooemio
1560 1306 1649 1338 1888
1655 1303 1719 1349 s89

158 1370 193 1403 p.
211 1360 253 1392 17
268 1368 346 1402 sqq.

276 1410 293 1445 Ι
313 1412 409 1457 (128)
446 1409 589 1445 Nonius
608 1422 644 1455 p.
659 1413 739 1452 471,
755 1413 774 1444 9
792 1410 802 1426 ‘
813 1408 989 1444 sortirent
1006 1420 1073 1454 pro
1094 1409 1314 1444 sortirentur
1327 1409 1443 1445 Varro
1458 1420 1579 1444 rerum
1592 1409 1722 1445 huma-

159 1475 291 1499 narum
309 1463 373 1499 lib.
389 1477 436 1498 xx
454 1474 561 1499 «cum
580 1463 748 1498 venerint
768 1473 936 1498 censores
956 1462 1054 1498 inter
1073 1473 1111 1498 se
1132 1463 1322 1499 sortiant».
1344 1462 1541 1498 Moderant
1559 1474 1625 1508 pro
1646 1474 1722 1499 mo-

160 1518 338 1553 derantur
356 1516 539 1552 Pacuvius
556 1545 561 1550 .
579 1545 585 1550 .
603 1545 608 1551 .
631 1516 799 1552 Sortiunt
817 1516 959 1551 Ennius
980 1515 1163 1552 cressonte
1183 1528 1255 1552 «an
1274 1516 1372 1552 inter
1391 1527 1429 1552 se
1445 1545 1450 1551 .
1468 1545 1474 1551 .
1492 1545 1497 1551 .
1515 1516 1673 1563 agros».’

278 1571 311 1605 H
332 1571 428 1617 (129)
466 1570 596 1606 Festus
616 1583 651 1616 p.
668 1573 747 1613 346,
764 1573 807 1605 17
828 1569 893 1604 Th.
912 1570 1071 1614 ‘quaeso
1092 1571 1133 1604 ut
1158 1570 1346 1616 significat
1371 1570 1470 1606 idem
1496 1571 1595 1616 quod
1621 1581 1722 1617 rogo,

160 1626 214 1661 ita
234 1635 411 1670 quaesere
429 1623 582 1670 ponitur
602 1623 649 1659 ab
664 1624 828 1669 antiquis
841 1634 908 1669 pro
923 1634 1110 1669 quaerere,
1125 1625 1167 1658 ut
1180 1625 1237 1659 est
1250 1624 1350 1670 apud
1364 1624 1526 1659 Ennium
1538 1624 1561 1658 l.
1574 1637 1601 1659 11
1615 1623 1721 1671 [xxn]

160 1680 199 1714 et
210 1678 250 1714 in
264 1678 484 1723 chresponte
498 1677 626 1714 «ducit
640 1706 646 1711 .
661 1706 667 1711 .
682 1706 687 1711 .
704 1688 775 1724 que
790 1678 945 1712 sendum
958 1677 1105 1723 gratia»
1119 1678 1158 1712 et
1170 1677 1571 1724 inAndromeda[v11].'
1584 1677 1723 1713 Paulus

162 1733 315 1777 ‘quaeso
329 1730 517 1778 significat
529 1731 569 1766 id
583 1731 683 1776 quod
696 1742 796 1777 rogo.
810 1741 987 1776 quaesere
1000 1732 1127 1766 tamen
1140 1731 1283 1766 Ennius
1296 1743 1363 1777 pro
1378 1742 1556 1776 quaerere
1569 1731 1720 1776 posuit.’

247 1807 252 1812 ·
277 1785 328 1820 ΙΠ
347 1786 445 1832 (130)
464 1783 606 1820 Nonius
626 1796 661 1830 p.
679 1788 757 1828 144,
774 1788 817 1819 14
834 1784 1020 1820 ‘nitidant
1039 1783 1207 1828 abluunt,
1228 1785 1370 1820 dictum
1390 1795 1412 1820 a
1431 1785 1560 1821 nitore.
1581 1784 1723 1819 Ennius

161 1840 355 1884 cresponte
369 1850 412 1875 «o
422 1839 484 1884 pie
497 1849 580 1874 eam
595 1867 601 1872 .
616 1867 622 1873 .
637 1867 642 1873 .
660 1838 707 1874 ad
721 1837 863 1874 fontem
877 1837 992 1884 (Harl.
1008 1837 1146 1882 Escur.‚
1162 1849 1181 1873 e
1196 1849 1284 1874 corr.
1301 1838 1396 1874 Flor.
1411 1837 1577 1874 fortem
1597 1838 1724 1885 ceteri)

160 1906 194 1928 n.
211 1893 414 1938 corpora».’

162 2040 251 2081 εὐοῖ
265 2041 323 2080 vel
342 2039 432 2080 εὐοῖ
444 2039 562 2087 εὐάν,·
581 2041 627 2088 cf.
642 2040 783 2089 Eurip.
802 2040 943 2080 Troad.
961 2049 1012 2088 32
1022 2048 1044 2088 5
1061 2043 1095 2079 et
1113 2041 1224 2079 schol.
1234 2054 1249 2087 ,·
1267 2041 1377 2079 schol.
1393 2041 1538 2080 Phoen.
1555 2038 1639 2089 656
1654 2055 1723 2094 γυ-

162 2099 291 2147 ναιξὶν
310 2098 452 2146 εὐίοις.
469 2129 476 2137 .
491 2097 533 2137 τὸ
554 2097 646 2137 εὐοῖ
657 2097 753 2138 εὐάν
772 2097 1151 2152 ἐπιφθεγγομέναις;
1163 2099 1306 2138 Bacch.
1328 2109 1341 2135 1
1353 2108 1404 2148 57
1421 2096 1508 2139 εὔια
1527 2097 1595 2139 τὸν
1615 2097 1725 2140 εὔιον

163 2157 420 2212 ἀγαλλόμεναι
439 2156 537 2197 θεόν
557 2160 592 2196 et
609 2170 723 2206 saepe
738 2156 864 2205 Εὔιος
882 2159 941 2197 vel
960 2155 1065 2205 εὔιος
1081 2157 1177 2205 θεός
1195 2159 1239 2196 in
1255 2159 1328 2197 hac
1346 2159 1494 2207 fabula.
1510 2171 1630 2208 quare
1642 2159 1723 2198 Fa-

163 2220 274 2258 bricii
292 2218 557 2266 supplementa
575 2218 672 2256 satis
691 2220 793 2256 certa
811 2229 880 2255 nec
897 2218 1007 2256 hiatu
1024 2219 1067 2256 in
1085 2218 1153 2256 hoc
1168 2229 1305 2266 yenere
1322 2219 1586 2267 impediantur

166 2279 248 2317 126
275 2278 440 2329 Ignotus
464 2288 544 2315 non
567 2277 735 2325 intelliyo
757 2279 791 2315 et
807 2277 1000 2325 putabam
1019 2271 1172 2330 (Herm.
1187 2289 1246 2315 ΧΠ
1264 2290 1305 2326 p.
1321 2286 1404 2327 399
1419 2272 1494 2332 sq.)
1515 2278 1671 2317 Unosus
1688 2278 1722 2317 h.

165 2350 191 2376 e.
206 2339 426 2382 univorsus,
447 2337 494 2375 dc
513 2348 591 2385 qua
615 2347 703 2375 voce
722 2337 804 2375 dixi
824 2337 876 2375 acl
896 2348 986 2375 mm.
1012 2346 1117 2383 240:
1137 2338 1238 2385 qaod
1256 2339 1464 2377 sententiae
1489 2339 1671 2383 convenit,
1690 2339 1726 2376 si

164 2398 317 2446 quidem
340 2397 408 2435 hoc
433 2397 525 2435 dicit
548 2397 719 2446 primum
746 2396 920 2446 singulos
946 2396 1066 2445 varie,
1089 2396 1161 2435 hos
1181 2396 1396 2446 Bromium,
1416 2398 1506 2436 illos
1525 2397 1725 2436 Bacchum

163 2458 328 2507 patrem,
343 2457 441 2494 alios
454 2455 631 2506 Lyaeum
645 2457 763 2494 cantu
783 2455 1009 2504 celebrasse,
1022 2457 1108 2494 tum
1126 2457 1276 2505 pariter
1294 2457 1521 2495 universum
1540 2458 1725 2496 iuvenum

165 2517 325 2554 chorum
346 2510 469 2568 (nunc
486 2515 637 2565 pariter
657 2514 771 2553 ambo
791 2515 919 2553 Plaut.
932 2514 1044 2553 Stich.
1064 2511 1166 2568 772)
1182 2517 1335 2554 alterna
1353 2518 1438 2555 vice
1453 2511 1503 2570 (Ι).
1521 2530 1548 2555 c.
1564 2516 1725 2568 διάδοχοι

164 2577 206 2614 in
224 2576 343 2613 simili
362 2577 478 2613 canta
490 2574 632 2623 Earip.
641 2572 828 2612 Awdrom.
844 2583 859 2610 1
870 2583 943 2610 201
957 2588 971 2620 ,·
987 2575 1126 2613 Troad.
1144 2570 1269 2628 1307)
1283 2575 1425 2614 Euhan
1438 2576 1610 2614 Euhium
1622 2575 1726 2614 inter

165 2634 390 2673 saltandum
404 2634 656 2672 concinuisse.
676 2632 734 2681 Of.
743 2631 920 2682 Apollon.
930 2633 1052 2672 Rhod.
1067 2646 1108 2673 1v
1129 2644 1143 2670 1
1158 2644 1172 2671 1
1182 2633 1297 2683 96-1
1313 2645 1327 2671 1
1337 2644 1391 2683 99
1402 2649 1414 2681 ‚·
1428 2635 1458 2673 I
1458 2636 1479 2673 l.
1489 2647 1589 2673 xvm
1606 2632 1726 2682 569-

168 2702 248 2742 572
374 2694 457 2732 127
484 2693 618 2731 Inibat
636 2694 670 2731 h.
690 2705 717 2731 e.
739 2690 870 2745 ἐξῆρχε
893 2687 965 2746 (Il.
978 2705 1080 2732 xvm
1100 2688 1217 2748 316),
1239 2697 1273 2733 ct
1295 2695 1423 2733 inibat
1443 2694 1615 2732 Euhium
1634 2695 1725 2732 dici-

166 2756 229 2792 twr
251 2755 296 2792 at
319 2752 386 2792 τὸν
413 2749 623 2805 Ἁρμόδιον
648 2749 778 2807 ᾄσεται
805 2753 912 2801 apud
936 2750 1255 2802 Aristophanem:
1281 2754 1327 2802 cf.
1348 2754 1552 2802 Haaptias
1574 2765 1658 2802 opp.
1679 2765 1726 2791 111

159 2826 201 2861 p.
217 2820 266 2860 27
279 2823 293 2848 1
403 2813 598 2851 insultans
614 2813 668 2850 cd.
677 2813 803 2860 princ.
917 2811 1092 2851 Getermn
1105 2814 1246 2852 alacris
1260 2813 1454 2852 insultans
1469 2814 1724 2860 conimtqitan

165 2874 208 2909 at
226 2872 334 2919 apud
347 2872 507 2910 Liviam
520 2884 590 2909 xx1
612 2880 679 2917 42,
692 2881 715 2916 3
732 2872 882 2910 alacer.
899 2902 905 2907 .
921 2872 1100 2911 exultans
1225 2874 1306 2911 128
1327 2874 1430 2911 inter
1449 2884 1531 2910 sese
1546 2872 1705 2910 Vossius
1713 2886 1726 2917 ,-

160 2931 351 2978 patabam
370 2930 433 2968 An
452 2931 595 2968 iterum
609 2931 712 2968 inter
726 2942 765 2968 se
878 2932 959 2969 129
981 2931 1105 2969 Duxit
1117 2932 1333 2970 Seriverius
1446 2934 1464 2969 1
1475 2931 1530 2969 30
1550 2930 1583 2969 Ο
1596 2932 1723 2980 pietas
1760 2971 1764 2998 ἱ
