2054 3282
675 189 936 226 ANNALIUM
961 189 1048 224 LIB.
1069 188 1161 224 INC.
1646 186 1700 228 97

877 307 976 343 LXII

141 371 227 414 532
260 371 463 414 «Pandite
488 370 591 412 sulti
617 384 746 426 genas
773 372 816 412 et
841 370 966 412 corde
990 368 1220 424 relinquite
1246 381 1455 410 somnum.

865 473 981 508 LXIII

143 536 229 579 533
260 535 451 579 Invictus
477 537 595 579 cauis
618 550 721 579 nare
745 548 877 589 sayaoe
901 538 939 576 et
961 534 1122 577 viribus
1147 533 1280 575 fretus

866 638 983 674 LXIV

143 701 231 745 534
261 700 353 745 Aut
377 703 659 758 permarceret
682 701 822 756 paries
848 714 1071 756 percussus
1097 699 1239 742 trifaci

261 830 359 865 LXH
377 832 473 876 (532)
516 830 648 865 Festus
667 841 702 874 p.
719 831 797 871 510,
813 832 856 863 21
872 828 938 863 Th.
956 828 1083 864 ‘sultis
1104 827 1135 863 si
1153 827 1263 863 voltis
1284 826 1482 873 significat,
1502 826 1706 872 composito

143 884 335 928 vocabulo,
355 884 410 919 ita
429 886 472 918 ut
492 883 568 919 alia
587 884 683 925 sunt,
702 881 733 917 si
747 882 872 926 audes,
888 882 947 925 sis,
963 882 994 916 si
1007 881 1061 916 vis
1077 910 1083 916 .
1101 910 1107 916 .
1125 910 1131 916 .
1146 881 1288 916 Ennius
1302 880 1480 926 «pandite
1492 880 1708 926 sultiye‘nias

145 938 184 972 et
204 966 210 972 .
234 966 240 971 .
262 937 479 973 somnum».⁷
501 936 639 972 Paulus
662 935 790 970 ‘sultis
816 935 847 970 si
872 935 995 970 vultis.
1022 935 1164 969 Ennius
1191 933 1369 980 «pandite
1394 934 1593 980 sultiyeuas
1612 934 1649 967 et
1670 961 1676 967 .
1700 961 1705 967 .

145 991 363 1026 somnum».'
462 990 600 1025 Paulus
619 1002 655 1035 p.
672 993 726 1032 66,
742 993 786 1023 37
801 988 867 1023 Th.
885 990 1021 1035 ‘genas
1040 988 1182 1023 Ennius
1201 987 1400 1033 palpebras
1419 988 1531 1032 putat
1550 998 1633 1021 cum
1653 986 1706 1020 di-

146 1044 197 1079 cit
215 1044 284 1079 hoc
303 1055 410 1079 versu
430 1043 608 1089 «pandite
625 1043 839 1089 sulpiqenas
859 1043 897 1077 et
917 1071 923 1077 .
945 1071 950 1076 .
972 1042 1191 1078 somnum».'

260 1097 375 1131 Lxm
407 1098 501 1143 (533)
528 1097 658 1132 Festus
679 1109 714 1141 p.
730 1099 810 1141 470,
823 1099 842 1130 3
857 1096 923 1130 Th.
942 1096 1116 1142 ‘sagaces
1134 1094 1373 1140 appellantur
1388 1093 1499 1129 multi
1519 1105 1562 1129 ac
1582 1092 1707 1128 soller-

145 1150 194 1185 tis
221 1150 411 1186 acuminis.
432 1150 608 1185 Afranius
634 1149 674 1184 in
693 1149 919 1184 Brundisina
939 1150 996 1195 (15
1016 1149 1073 1195 R.)
1095 1148 1200 1194 «quis
1220 1149 1300 1183 tam
1319 1147 1446 1193 sagaci
1466 1147 1575 1182 corde
1596 1148 1709 1192 atque

145 1203 296 1249 ingenio
310 1203 454 1239 unico».
470 1203 662 1238 Lucretius
675 1202 698 1237 l.
711 1216 739 1237 11
753 1204 848 1248 (840)
863 1213 955 1240 «nec
973 1202 1096 1237 minus
1114 1202 1208 1236 haec
1229 1201 1394 1236 animum
1410 1200 1414 1249 1
1430 1211 1650 1247 cognoscere
1664 1221 1708 1226 —

147 1278 190 1282 —
209 1256 212 1304 Ι
229 1256 344 1291 etiam
369 1267 499 1292 canem
519 1278 562 1282 —-
584 1278 627 1282 -—
645 1255 649 1303 Ι
667 1256 848 1292 «invictus
869 1267 912 1291 ca
926 1277 970 1282 —-
985 1277 1029 1282 -
1046 1255 1050 1303 Ι
1067 1255 1168 1290 ribus
1193 1254 1360 1291 fretus».'
1381 1254 1519 1289 Paulus
1536 1255 1709 1300 ‘sagaces

147 1310 386 1355 appellantur
411 1310 569 1345 sollertis
596 1309 788 1353 acuminis,
807 1309 906 1344 unde
927 1309 1042 1344 etiam
1062 1319 1172 1343 canes
1191 1308 1431 1354 indagatores
1451 1318 1604 1353 sagaces
1624 1308 1711 1341 sunt

148 1363 355 1409 appellati.’
479 1363 530 1398 Of.
554 1363 679 1399 Cicero
707 1363 752 1397 de
779 1363 850 1397 div.
871 1376 884 1397 1
905 1366 961 1407 31,
977 1366 1020 1397 65
1046 1362 1189 1408 ‘sagire
1215 1362 1314 1397 enim
1340 1361 1476 1396 sentire
1502 1362 1610 1396 acute
1636 1361 1708 1405 est3

147 1427 191 1451 ex
211 1428 283 1461 quo
304 1427 417 1462 sagae
437 1428 529 1451 anus
550 1417 638 1461 quia
656 1416 776 1451 multa
797 1416 890 1451 scire
909 1415 1038 1451 volunt
1057 1416 1095 1450 et
1114 1426 1266 1461 sagaces
1294 1415 1386 1450 dicti
1413 1415 1549 1450 canes.'
1570 1413 1709 1449 Paulus

146 1482 182 1515 p.
196 1473 274 1512 337,
284 1474 304 1504 2
316 1469 382 1504 Th.
398 1470 408 1486 ⁸
418 1470 632 1515 praesagire
646 1471 702 1504 est
716 1470 823 1504 acute
838 1469 984 1504 sentire.
996 1469 1095 1503 unde
1110 1479 1223 1514 sagae
1234 1468 1357 1503 dictae
1375 1479 1467 1503 anus
1482 1478 1577 1512 quae
1590 1467 1710 1502 multa

148 1523 271 1557 sciunt
290 1524 328 1557 et
347 1533 499 1568 sagaces
521 1534 630 1558 canes
654 1523 718 1568 qui
737 1522 899 1558 ferarum
919 1522 1058 1557 cubilia
1077 1521 1360 1567 praesentiunt'
1468 1521 1579 1556 Ennii
1597 1521 1710 1556 hexa-

147 1577 306 1611 metrum
326 1588 409 1611 cum
429 1576 585 1611 Dacerio
606 1576 759 1622 agnovit
778 1576 818 1611 O.
833 1575 1044 1610 Muellerus.

266 1629 381 1664 LXIV
400 1631 495 1675 (534)
527 1629 664 1664 Paulus
681 1629 781 1664 Festi
794 1642 829 1674 p.
844 1632 921 1672 559,
933 1632 951 1663 7
963 1628 1029 1663 Th.
1047 1628 1181 1663 ‘trifax
1196 1628 1313 1663 telum
1331 1627 1578 1674 longitudinis
1597 1627 1711 1662 trium

148 1682 357 1718 cubitorum
374 1683 474 1728 quod
495 1683 687 1728 catapulta
699 1683 872 1718 mittitur.
887 1682 1028 1717 Ennius
1043 1683 1132 1719 «aut
1144 1683 1393 1727 permarceret
1404 1681 1471 1727 (sic
1482 1680 1708 1716 Guelf.V0ss.

148 1737 433 1781 permaceret
452 1736 564 1782 vulg.)
581 1765 587 1770 .
605 1765 611 1770 .
626 1736 802 1773 trifaci».’

270 1862 352 1900 532
374 1861 470 1899 sulti
488 1863 571 1899 siue
590 1873 607 1900 s
626 1863 812 1910 scriptum
829 1862 917 1909 fuit,
939 1861 984 1909 cf.
999 1860 1280 1899 Lachmannus
1299 1861 1352 1899 ad
1370 1859 1490 1899 Lucr.
1507 1872 1522 1898 1
1548 1869 1561 1896 1
1573 1857 1626 1896 86

152 1921 234 1958 533
263 1921 370 1958 canis
397 1922 516 1970 atque
541 1932 664 1971 sagax
689 1923 728 1959 et
752 1920 902 1959 viribus
928 1921 1120 1968 supplevit
1136 1919 1353 1966 Ducarius;
1377 1920 1445 1958 sed
1467 1919 1592 1958 ‘malui
1616 1931 1710 1957 nare

151 1992 284 2030 sagax,
310 1980 413 2018 velut
435 1979 557 2018 Silius
581 1992 628 2017 111
650 1978 732 2028 296
760 1980 883 2030 exigit
907 1979 1055 2017 Umber
1078 1991 1173 2017 nare
1199 1991 1320 2030 sagax
1346 1991 1366 2017 e
1392 1978 1490 2016 calle
1514 1978 1617 2016 feras
1643 1980 1713 2016 aut

154 2038 399 2077 Claudianus
423 2051 521 2078 xxw
543 2048 625 2088 299
652 2040 726 2077 hae
750 2039 915 2088 pedibus
941 2038 1095 2087 celeres,
1119 2038 1194 2075 hae
1219 2050 1313 2076 nare
1339 2049 1497 2088 sagaces
1509 2051 1522 2083 ,·
1550 2036 1711 2076 Ovidius

152 2100 279 2136 autem
302 2098 454 2136 halieut.
479 2106 531 2145 75
552 2099 639 2136 laus
663 2098 794 2148 prima
822 2110 963 2136 canum
989 2097 1130 2146 quibus
1159 2098 1219 2135 est
1245 2097 1411 2135 audacia
1434 2108 1620 2146 praeceps
1646 2109 1710 2134 ve-

150 2156 349 2205 nandique
375 2169 496 2207 sagax
514 2157 640 2195 virtus
660 2157 840 2206 viresque
867 2156 1064 2206 sequendi.
1102 2155 1252 2194 viribus
1276 2156 1400 2194 fretus
1427 2158 1482 2194 est
1505 2156 1605 2204 quod
1625 2153 1710 2194 ἀλκὶ

151 2215 353 2262 πεποιθώς
368 2217 476 2264 apud
489 2216 713 2254 Homerum.
729 2217 796 2254 sed
815 2217 933 2265 atque
954 2227 1075 2266 sagax
1094 2217 1134 2253 et
1151 2214 1312 2253 naribus
1331 2215 1455 2253 fretus
1471 2215 1572 2263 quod
1587 2226 1712 2263 nuper

152 2276 391 2313 coniecerunt
413 2287 491 2313 nou
509 2278 636 2323 potest
652 2275 819 2323 placere.
846 2288 892 2313 ex
919 2287 1013 2312 nare
1039 2274 1173 2324 sagaci
1199 2274 1321 2313 sensit
1344 2286 1468 2322 supra
1490 2283 1567 2321 341

154 2335 237 2372 534
258 2336 519 2383 permarceret
538 2335 584 2373 de
602 2346 674 2382 quo
687 2335 919 2372 restituendo
934 2335 1144 2382 coyitaram
1157 2336 1245 2372 ante
1261 2335 1327 2382 qui
1338 2335 1495 2381 primus
1515 2334 1620 2371 codd.
1634 2334 1712 2380 fide

151 2395 393 2442 recuperavit
419 2394 702 2432 Thewrewkius
726 2387 1081 2446 (Testusstudien'
1106 2390 1211 2428 1882
1233 2404 1276 2441 ρ.
1298 2403 1311 2428 1
1324 2401 1345 2428 2
1368 2393 1426 2430 vel
1446 2388 1457 2407 ‘
1474 2392 1712 2440 Unqarische

151 2449 297 2490 Revue'
313 2463 326 2488 1
338 2450 390 2488 88
399 2462 418 2488 2
429 2465 470 2501 p.
483 2451 505 2489 8
514 2447 556 2506 7)
567 2453 694 2491 attulit
706 2453 820 2491 etiam
835 2463 878 2490 ex
888 2452 1065 2490 Petronio
1077 2460 1098 2500 5
1106 2460 1128 2499 5
1137 2451 1229 2501 Syri
1241 2463 1394 2490 versum
1400 2451 1596 2490 Luxuriae
1608 2452 1712 2490 rictu

152 2511 291 2549 Martis
310 2514 486 2550 marcent
504 2512 678 2551 moenia:
697 2523 769 2560 quo
783 2512 877 2550 duce
891 2511 975 2549 licet
986 2513 1108 2549 nostri
1120 2513 1345 2550 senteutiam
1358 2512 1575 2550 declarare:
1595 2523 1712 2559 quam

154 2582 233 2609 esse
245 2572 300 2609 sic
311 2573 579 2610 ratiocinantis
584 2573 681 2619 puto
696 2567 781 2609 taut
794 2565 846 2622 (si
863 2570 932 2608 hoc
949 2571 1006 2609 ita
1025 2565 1136 2623 esset)
1144 2571 1283 2619 paries
1302 2571 1454 2619 quidem
1473 2571 1606 2618 trifaci
1616 2582 1711 2618 per-

153 2641 289 2668 cussus
307 2633 578 2678 permarceret,
603 2632 711 2668 homo
737 2630 895 2668 luxuria
920 2641 967 2668 ac
985 2629 1136 2669 desidia
1161 2633 1364 2678 corruptus
1388 2642 1467 2668 mm
1490 2625 1710 2668 marceret'.

152 2688 216 2727 Sic
240 2690 440 2728 marcendi
464 2691 621 2728 verbum
646 2701 732 2728 cum
755 2688 963 2726 Lucretius
984 2690 1120 2736 posuit
1141 2701 1188 2727 m
1209 2687 1292 2737 946
1320 2689 1433 2727 annis
1463 2700 1602 2738 corpus
1630 2688 1711 2725 iam

153 2750 301 2787 marcet
319 2751 399 2787 tum
417 2749 559 2788 Livius
577 2761 679 2786 xxm
700 2756 766 2797 45,
784 2757 804 2783 2
829 2749 867 2785 et
887 2748 955 2796 qui
973 2750 1161 2798 pugnent,
1180 2761 1352 2787 marcere
1375 2747 1575 2796 Campana
1599 2747 1712 2784 luxu-

152 2807 224 2852 ria,
240 2810 274 2845 et
284 2809 462 2856 saepius,-
473 2809 652 2847 Iustiuus
666 2820 747 2845 xxx
765 2816 830 2855 1,3
847 2807 1035 2856 depositis
1048 2808 1215 2845 militiae
1235 2807 1374 2846 studiis
1395 2808 1475 2844 otio
1497 2818 1542 2844 ac
1561 2805 1712 2844 desidia

155 2867 329 2915 corrupti
346 2868 583 2906 marcebant.
597 2867 803 2905 Diomedes
817 2878 895 2913 1110.
906 2874 1003 2915 450,
1014 2864 1065 2902 28
1080 2867 1131 2904 K.
1146 2866 1343 2904 «marcido
1357 2865 1439 2903 dies
1454 2865 1534 2903 sole
1552 2865 1712 2914 pallet»,

156 2937 243 2962 cum
261 2928 463 2964 marceant
480 2922 650 2965 terrena'

226 3003 376 3029 Eunnss
396 3005 441 3030 ed.
451 3005 579 3030 Vahlen.
1480 2993 1498 3023 7
