2054 3282
345 195 426 241 196
555 205 559 209 ·
1016 186 1217 226 scnch

341 318 427 359 399
459 316 587 366 Quasi
618 315 762 356 lumen
794 313 844 354 de
876 327 952 354 suo
984 311 1145 352 lumine
1177 310 1378 354 accendat
1409 310 1523 352 facit.

457 386 606 428 Nihilo
640 385 780 426 minus
812 384 894 438 ipsi
925 382 1051 437 lucet,
1084 396 1180 424 cum
1213 381 1278 423 illi
1310 381 1547 424 accenderit

1056 504 1176 539 XVIH

337 576 420 617 401
457 574 535 616 Cui
556 574 668 628 quod
689 574 733 615 in
752 588 819 614 me
845 574 909 614 est
935 569 1174 627 execrabor,
1199 571 1282 614 hoc
1307 571 1422 626 quod
1446 570 1574 627 lucet,
1600 571 1808 626 quidquid
1833 574 1897 614 est

1073 693 1157 728 XIX

335 765 420 806 402
453 763 586 813 Quem
618 764 814 804 metuunt
841 761 1034 817 oderunt,
1059 775 1185 815 quem
1212 761 1392 816 quisque
1420 761 1511 803 odit
1535 761 1711 815 periisse
1737 761 1899 815 expetit

1086 890 1152 924 XX

335 959 422 1000 403
455 956 490 999 O
516 957 641 999 Fides
668 957 780 998 alma
805 959 906 1011 apta
930 957 1075 1012 pinnis
1101 959 1143 999 et
1169 957 1235 999 ius
1262 956 1487 999 iurandum
1513 956 1628 1000 Iovis

335 1122 423 1158 ferri
443 1122 482 1157 in
501 1121 706 1167 permultas
725 1122 860 1166 potest.
876 1121 1010 1158 «homo
1026 1150 1033 1156 .
1054 1150 1060 1156 .
1077 1123 1283 1157 .monstrat
1302 1122 1487 1168 (mostrat)
1505 1151 1510 1156 .
1529 1151 1534 1156 .
1552 1150 1559 1156 .
1574 1121 1648 1167 ipsi
1662 1122 1800 1157 luceat.
1818 1149 1824 1155 .
1841 1131 1901 1156 ac-

335 1175 532 1211 cenderit».
548 1185 624 1209 una
638 1185 682 1209 ex
695 1185 735 1210 re
753 1175 845 1210 satis
864 1175 1052 1220 praecipit
1069 1176 1112 1210 ut
1131 1175 1311 1221 quicquid
1331 1175 1410 1210 sine
1430 1175 1653 1210 detrimento
1674 1174 1900 1210 commodari

333 1229 451 1274 possit
463 1228 503 1263 id
516 1228 704 1263 tribuatur
716 1228 775 1264 vel
788 1228 929 1274 ignoto.
948 1228 980 1248 ⁵²
994 1257 1000 1263 .
1018 1256 1025 1263 .
1042 1258 1048 1263 .
1065 1229 1242 1273 quoniam
1257 1229 1387 1274 copiae
1400 1239 1538 1274 parvae
1558 1228 1789 1274 singulorum
1803 1228 1900 1271 sunt,

334 1292 458 1316 eorum
480 1282 604 1317 autem
625 1281 690 1327 qui
708 1281 767 1316 his
788 1283 925 1327 egeant
944 1282 1092 1317 infinita
1117 1283 1174 1317 est
1192 1282 1407 1326 multitudo,
1426 1282 1591 1328 vulgaris
1616 1281 1825 1317 liberalitas
1844 1292 1900 1316 re-

332 1335 485 1370 ferenda
511 1336 568 1370 est
593 1335 641 1370 ad
667 1334 775 1370 illum
795 1335 906 1370 Ennii
925 1335 1036 1370 finem
1056 1335 1197 1372 «nihilo
1217 1336 1339 1371 minus
1359 1335 1433 1381 ipsi
1452 1336 1578 1379 lucet»,
1598 1336 1641 1369 ut
1665 1334 1826 1370 facultas
1852 1334 1901 1369 sit

333 1400 406 1433 qua
424 1388 463 1422 in
483 1389 630 1423 nostros
651 1388 765 1423 simus
785 1388 987 1424 liberales.'
1004 1388 1057 1423 Cf.
1073 1388 1163 1424 ibid.
1178 1402 1220 1423 111
1236 1393 1291 1433 13,
1306 1392 1351 1424 54
1367 1389 1479 1434 ‘quid
1499 1390 1556 1423 est
1578 1389 1677 1423 enim
1704 1388 1808 1423 aliud
1833 1399 1900 1423 er-

331 1441 453 1476 ranti
473 1441 589 1476 viam
609 1453 696 1476 non
714 1442 988 1485 monstrare,
1007 1442 1107 1487 quod
1120 1442 1277 1478 Athenis
1291 1441 1607 1478 exsecrationibus
1620 1441 1782 1487 publicis
1796 1452 1900 1476 sanc-

331 1496 411 1529 tum
438 1497 504 1538 est,
527 1495 558 1530 si
577 1495 647 1530 hoc
667 1506 741 1530 non
761 1496 828 1538 est,
856 1496 1062 1541 emptorem
1087 1495 1170 1541 pati
1191 1507 1298 1531 ruere
1318 1497 1356 1531 et
1374 1506 1442 1541 per
1461 1506 1621 1530 errorem
1640 1495 1680 1529 in
1698 1494 1900 1529 maximam

330 1548 500 1583 fraudem
519 1548 721 1584 incurrere’
744 1549 804 1594 (cf.
820 1548 1045 1594 Bernaysius
1066 1560 1150 1594 opp.
1166 1562 1179 1583 1
1198 1561 1233 1595 p.
1250 1551 1343 1595 278).
1442 1548 1545 1584 Idem
1564 1559 1631 1594 pro
1651 1548 1769 1583 Balbo
1785 1552 1839 1591 16,
1855 1551 1900 1582 36

335 1602 395 1636 ‘in
415 1613 487 1645 quo
508 1602 589 1637 erat
608 1602 836 1637 accusatoris
856 1602 1119 1647 interpretatio
1138 1602 1296 1648 indigna
1320 1602 1572 1648 responsione,
1593 1602 1657 1646 qui
1676 1602 1732 1637 ita
1751 1601 1901 1636 dicebat

332 1655 486 1690 comiter
505 1666 585 1691 esse
605 1655 866 1691 communiter:
888 1656 997 1700 quasi
1015 1666 1101 1691 vero
1117 1655 1281 1701 priscum
1296 1655 1450 1701 aliquod
1464 1657 1530 1691 aut
1541 1655 1734 1690 insolitum
1748 1655 1899 1689 verbum

331 1709 648 1754 interpretaretur.
671 1720 793 1744 comes
812 1709 977 1755 benigni,
999 1709 1141 1753 faciles,
1162 1720 1292 1745 suaves
1311 1709 1479 1745 homines
1500 1720 1580 1744 esse
1600 1709 1790 1744 dicuntur:
1812 1708 1900 1752 «qui

332 1762 470 1797 erranti
496 1761 651 1798 comiter
675 1763 861 1797 monstrat
880 1763 994 1808 (cofn
1016 1763 1279 1798 monstrant
1304 1762 1446 1798 Gembl.
1469 1762 1629 1798 comiti
1654 1762 1901 1797 monstrat

331 1815 421 1861 Erf.)
435 1815 557 1852 viam»
576 1815 739 1861 benigne
758 1827 833 1851 non
852 1817 1006 1861 gravate
1020 1816 1249 1862 (monstrat);
1270 1816 1516 1852 communiter
1535 1816 1687 1861 quidem
1708 1816 1806 1851 certe
1825 1826 1900 1850 non

332 1868 532 1904 convenit.'

449 1922 568 1957 XVIH
587 1923 685 1968 (401)
718 1921 845 1958 Cicero
866 1922 912 1957 de
931 1923 1007 1957 nat.
1024 1922 1123 1958 deor.
1138 1936 1166 1957 11
1180 1926 1236 1966 25,
1251 1926 1295 1958 65
1313 1923 1432 1958 ‘hunc
1451 1921 1568 1969 igitur
1582 1922 1732 1968 (Iovem)
1746 1922 1899 1966 Ennius,

331 1977 373 2010 ut
387 1987 499 2020 supra
513 1975 601 2019 dixi,
615 1977 809 2020 nuncupat
821 1975 876 2010 ita
891 1976 1018 2011 dicens
1031 1976 1131 2023 [345]
1145 1976 1295 2021 planius
1309 1987 1422 2021 quam
1437 1978 1449 2022 (
1457 1988 1512 2021 qu
1521 1987 1585 2011 em
1598 1975 1703 2012 Voss.
1719 1976 1751 2010 A
1771 1986 1900 2021 quem

333 2040 421 2064 corr.
443 2039 527 2073 que
541 2028 667 2075 Vind.)
688 2028 762 2064 alio
782 2029 863 2064 loco
884 2028 984 2064 idem
1005 2029 1088 2066 «cui
1103 2058 1110 2064 .
1128 2058 1134 2064 .
1152 2058 1158 2064 .
1173 2029 1274 2065 lucet
1293 2029 1477 2075 quidquid
1498 2029 1705 2076 (quicquid)
1725 2029 1831 2066 est»)

449 2081 534 2116 XIX
553 2083 650 2128 (402)
677 2081 803 2118 Cicero
824 2082 870 2117 de
890 2081 950 2118 off.
966 2096 994 2118 11
1010 2085 1041 2126 7,
1056 2086 1100 2117 23
1118 2083 1303 2118 ‘omnium
1324 2084 1449 2118 autem
1468 2093 1591 2118 rerum
1610 2093 1679 2118 nec
1699 2082 1823 2128 aptius
1843 2083 1901 2117 est

336 2135 537 2180 quicquam
564 2135 613 2170 ad
638 2146 727 2181 opes
747 2136 907 2171 tuendas
928 2147 972 2171 ac
991 2136 1172 2171 tenendas
1192 2147 1305 2182 quam
1326 2137 1435 2183 diligi
1454 2147 1522 2172 nec
1542 2136 1700 2172 alienius
1720 2147 1833 2182 quam
1852 2136 1899 2171 ti-

332 2188 433 2223 meri.
455 2187 647 2234 praeclare
668 2189 768 2223 enim
787 2188 929 2224 Ennius
950 2200 1090 2234 «quem
1111 2218 1118 2224 .
1136 2218 1142 2225 .
1159 2219 1165 2225 .
1187 2190 1328 2236 perisse
1351 2190 1494 2236 expetit
1515 2190 1663 2237 (cupit
1685 2190 1791 2225 Bern.
1814 2190 1897 2235 c)».’

451 2241 504 2277 Cf.
519 2241 766 2287 Hieronymus
793 2242 900 2288 epist.
919 2246 976 2286 82,
991 2246 1011 2277 3
1031 2244 1119 2279 tom.
1135 2257 1148 2278 1
1163 2256 1199 2289 p.
1215 2243 1322 2279 5100
1340 2243 1498 2279 Vallars.
1516 2243 1695 2288 ‘antiqua
1714 2242 1900 2278 sententia

333 2296 389 2329 est
408 2306 541 2340 «quem
561 2295 696 2330 metuit
712 2296 795 2341 quis
813 2296 910 2332 odit:
933 2307 1043 2341 quem
1063 2297 1144 2332 odit
1162 2297 1318 2343 periisse
1337 2298 1492 2343 cupit»)
1509 2297 1662 2333 Ovidius
1683 2308 1753 2332 am.
1768 2310 1795 2331 11
1810 2301 1842 2340 2,
1855 2299 1899 2331 10

335 2349 465 2392 ‘quem
484 2349 620 2384 metuit
639 2349 807 2394 quisque,
827 2349 969 2395 perisse
990 2350 1121 2396 cupit.’

450 2401 518 2436 XX
537 2403 634 2448 (403)
673 2401 799 2439 Cicero
821 2403 867 2438 de
887 2403 947 2439 off.
962 2416 1004 2438 111
1019 2407 1075 2447 29,
1091 2407 1159 2438 104
1175 2405 1254 2439 ‘est
1273 2403 1371 2439 enim
1390 2404 1449 2439 ius
1468 2403 1667 2439 iurandum
1688 2403 1898 2439 adfirmatio

453 2574 535 2612 399
563 2572 684 2618 Quasi
708 2574 841 2613 lumen
866 2575 913 2614 de
933 2588 1026 2614 suae
1046 2577 1194 2614 lumine
1214 2575 1393 2614 accendit
1417 2576 1515 2614 facis
1537 2576 1572 2613 Ι.
1594 2576 1630 2613 Ι.
1651 2576 1900 2614 Hartmwnus

332 2632 520 2671 Mnemos.
535 2645 606 2670 xm
620 2627 659 2686 (1
671 2628 826 2686 893)p.
837 2631 918 2681 382
1038 2637 1120 2674 401
1142 2635 1339 2674 Sententia
1349 2647 1499 2683 parum
1509 2636 1732 2683 perspicua,
1746 2635 1813 2673 sed
1825 2634 1899 2672 hoc

334 2691 438 2740 quod
458 2693 563 2730 lucet
581 2693 683 2731 idem
701 2693 794 2732 dicit
811 2694 947 2742 opinor
965 2695 1066 2742 quod
1084 2706 1182 2733 scen.
1199 2703 1254 2742 34
1260 2703 1282 2742 5
1304 2695 1378 2733 hoc
1397 2694 1563 2733 sublime
1583 2694 1751 2732 candens
1769 2694 1898 2741 appel-

332 2751 448 2797 lavit,-
470 2754 503 2789 et
519 2752 588 2789 hoe
608 2754 662 2790 est
678 2753 798 2800 iyitur
817 2753 892 2798 cui,
904 2754 1040 2801 effluit,
1057 2753 1161 2803 quod
1173 2755 1215 2791 in
1228 2767 1291 2792 me
1304 2755 1365 2793 est
1383 2753 1591 2792 execrabor
1607 2754 1642 2791 h.
1659 2765 1687 2791 e.
1700 2755 1745 2791 ut
1754 2755 1900 2800 putam

334 2810 566 2848 consecrabo
575 2824 589 2857 ,·
615 2822 662 2849 ac
685 2812 818 2850 videor
837 2823 973 2860 preces
996 2813 1204 2862 intelliyere
1223 2824 1352 2861 paene
1377 2813 1510 2860 quales
1533 2812 1717 2850 Hecubae
1741 2814 1833 2850 sumt
1855 2813 1899 2849 in

336 2870 501 2908 Troasin
522 2867 607 2916 884
626 2881 704 2918 sqq.
850 2872 934 2910 403
959 2874 1054 2921 apta
1078 2872 1231 2922 pinnis:
1249 2873 1296 2920 ef.
1310 2871 1504 2920 Apuleius
1528 2871 1627 2919 apol.
1650 2869 1703 2917 83
1726 2873 1759 2910 si
1778 2871 1898 2909 verba

333 2929 391 2965 ita
410 2931 454 2966 ut
473 2931 613 2978 poetae
634 2931 748 2968 aiunt
766 2931 898 2980 pinnis
919 2932 1014 2981 apta
1032 2932 1153 2982 vulgo
1172 2931 1354 2970 volarent
