2004 3278
148 2514 213 2538 cap.
227 2513 278 2531 v11

281 187 338 223 CC
779 184 822 219 Π.
849 183 914 218 DE
933 182 1089 218 LIBRIS
1108 182 1342 218 ENNIANIS

280 310 400 337 nexus
427 296 542 346 quasi
566 295 740 334 diluculo
765 294 1014 345 perspicitur,
1038 294 1106 333 sed
1130 293 1322 333 indicium
1347 295 1452 344 quod
1470 308 1542 335 nos
1561 296 1725 335 edoceat
1742 309 1841 346 quas

280 370 340 395 res
372 358 502 407 gestas
533 356 652 405 poeta
683 356 838 392 enarret
871 356 910 392 et
940 355 982 392 in
1013 354 1155 403 quibus
1186 354 1429 403 temporibus
1458 357 1637 394 versetur
1666 368 1746 394 non
1781 369 1841 394 re-

279 416 406 466 perio:
438 428 530 453 nam
557 414 662 463 quod
686 426 819 464 regem
852 413 920 463 qui
952 412 1098 451 dicitur
1122 425 1166 450 XI
1189 425 1284 461 quos
1307 414 1376 452 ubi
1404 426 1473 453 rex
1503 416 1613 463 epulo
1643 416 1768 463 spexit
1796 415 1842 454 de

280 476 424 514 cotibus
456 474 564 512 celsis
595 486 685 511 eum
716 485 798 512 esse
830 474 1055 511 statuerunt
1086 473 1155 522 qui
1181 485 1205 510 a
1228 472 1343 511 Livio
1370 468 1458 525 (xm
1480 476 1546 522 11,
1569 471 1611 520 1)
1645 474 1686 512 111
1710 474 1840 513 medio

280 534 382 572 bello
407 533 583 571 Histrico
610 545 643 571 a.
666 533 748 570 577
775 532 933 581 reyulus
950 531 1103 580 Aepulo
1127 533 1347 580 vocaretur,
1378 534 1418 570 et
1441 533 1515 572 hoc
1539 534 1666 584 igitur
1695 533 1843 571 bellum

281 593 329 631 ab
362 594 587 643 expugnata
612 591 825 630 Ambracia
857 604 958 640 quae
990 592 1075 629 erat
1106 592 1148 628 in
1173 604 1227 630 xv
1257 591 1390 630 decem
1417 605 1540 641 prope
1572 594 1686 630 annis
1719 605 1843 631 semo-

280 654 365 690 tum
391 652 507 689 huius
532 651 626 689 libri
650 650 902 700 potissimum
921 662 1003 689 esse
1025 652 1300 701 argumentum
1320 650 1477 700 aliaque
1497 651 1613 701 plura
1634 664 1735 701 quae
1755 664 1844 690 cum

279 711 342 750 his
374 712 584 749 coniuncta
616 722 698 749 esse
729 712 799 748 aut
825 723 871 748 ex
895 711 945 749 iis
972 711 1215 748 consectaria
1245 710 1332 748 fieri
1363 710 1549 749 videntur
1579 711 1654 749 sibi
1685 723 1843 761 persua-

281 772 427 818 serunt,
453 783 499 808 ea
524 772 621 819 quot
647 770 882 819 quantisque
903 768 1216 807 dubitationibus
1237 781 1319 808 esse
1341 770 1510 808 obnoxia
1531 770 1738 818 crederem,
1756 771 1844 820 plu-

280 830 388 868 ribus
419 829 549 867 verbis
580 831 623 867 in
654 829 727 866 illa
755 841 875 878 quam
901 828 982 866 dixi
1007 830 1212 867 comment.
1239 829 1411 867 academ.
1437 843 1473 879 p.
1497 830 1550 868 28
1561 842 1644 879 sqq.
1671 829 1843 878 exposui.

280 889 418 938 Neque
445 890 479 926 si
502 889 599 927 haec
618 900 712 926 vera
731 889 871 936 essent,
898 900 998 937 quae
1016 901 1095 926 non
1114 900 1274 937 possum
1293 901 1372 927 non
1390 889 1671 939 improbabilia
1689 888 1846 937 habere,

283 948 333 986 ad
365 947 621 986 declarandas
646 948 837 996 reliquias
863 960 963 996 quae
989 949 1082 986 sunt
1106 948 1148 984 in
1167 947 1241 986 hoc
1259 947 1360 986 libro
1381 948 1594 998 quicquam
1613 961 1659 986 ex
1678 948 1845 986 Histrici

282 1007 377 1045 belli
400 1008 568 1046 historia
593 1019 712 1056 quam
736 1008 874 1044 narrat
898 1006 1036 1045 Livius
1061 1007 1101 1044 in
1128 1007 1231 1045 libro
1257 1019 1325 1044 xm
1349 1008 1682 1046 nancisceremur:
1712 1008 1846 1045 omnia

282 1067 373 1104 inde
399 1079 423 1104 a
449 1065 631 1104 Caeciliis
651 1066 811 1104 Teucris
836 1065 956 1104 unius
975 1066 1098 1104 Plinii
1121 1067 1350 1105 testimonio
1377 1066 1546 1118 cognitis
1570 1068 1655 1105 tam
1682 1067 1847 1105 obscura

282 1127 487 1164 manerent
512 1138 632 1174 quam
656 1125 818 1163 fuerunt
843 1127 945 1163 ante.

400 1185 539 1234 Neque
564 1185 720 1222 felicior
743 1196 806 1222 res
832 1186 892 1222 est
916 1185 958 1221 in
982 1183 1085 1222 libro
1119 1183 1299 1222 decimo
1332 1186 1558 1234 septimo,
1591 1197 1636 1222 ex
1669 1197 1746 1233 quo
1779 1186 1847 1234 qui

283 1244 429 1283 servati
455 1246 547 1283 sunt
571 1256 706 1282 versus
731 1256 856 1293 paene
882 1256 1015 1282 omnes
1040 1244 1290 1293 perspicuam
1308 1243 1456 1282 habent
1480 1244 1718 1282 sententiam
1742 1245 1783 1282 et
1805 1244 1846 1282 id

283 1316 405 1354 genus
430 1316 562 1340 rerum
588 1304 789 1353 gestarum
814 1315 909 1352 prae
935 1314 975 1340 se
999 1303 1133 1340 ferunt
1153 1303 1258 1352 quod
1277 1303 1399 1340 Ennii
1418 1304 1622 1341 annalium
1640 1304 1847 1353 proprium

284 1365 359 1411 est,
398 1365 443 1400 ut
475 1363 509 1400 si
540 1375 664 1399 unum
694 1363 866 1400 frustum
897 1363 999 1400 esset
1031 1362 1135 1410 quod
1165 1362 1296 1400 lucem
1327 1363 1486 1400 afferret
1521 1363 1676 1411 reliqua
1707 1364 1848 1412 suapte

284 1423 422 1471 sponte
448 1424 630 1460 secutura
655 1423 795 1460 essent.
824 1421 939 1459 Nunc
964 1422 1097 1459 omnia
1122 1422 1164 1458 in
1183 1422 1364 1460 incertis:
1390 1434 1633 1471 quamquam
1652 1421 1848 1471 quaedam

283 1482 387 1519 inter
412 1493 452 1519 se
478 1482 592 1530 iungi
617 1480 812 1528 videntur,
837 1481 950 1518 velut
973 1493 999 1518 1.
1025 1493 1067 1518 11.
1094 1493 1151 1518 111.
1178 1493 1220 1519 lv
1245 1481 1416 1519 similem
1442 1481 1642 1530 quandam
1672 1481 1849 1519 indicare

285 1541 554 1579 condicionem
578 1553 709 1578 rerum
733 1541 937 1590 putaveris
964 1553 1052 1578 cum
1078 1552 1124 1578 ea
1151 1552 1269 1589 quam
1294 1540 1335 1578 in
1355 1553 1381 1577 x
1401 1541 1536 1579 31111311
1558 1540 1731 1578 vidimus
1757 1540 1848 1578 Fla-

283 1600 434 1637 minino
461 1599 663 1637 obvenisse
691 1601 746 1652 (Ρ.
768 1595 922 1651 cxciv),
949 1600 989 1637 et
1013 1599 1094 1637 dux
1117 1601 1199 1647 ipse
1218 1601 1305 1638 vias
1324 1594 1408 1651 (111)
1427 1600 1505 1637 11131
1523 1600 1643 1638 fallor
1662 1613 1748 1638 eam
1767 1601 1848 1638 vim

284 1659 403 1697 habet
424 1671 543 1708 quam
562 1658 698 1696 Livius
718 1671 814 1696 xmv
836 1660 873 1706 5,
894 1659 919 1696 8
946 1659 1132 1708 exprimit
1154 1659 1284 1697 verbis
1304 1659 1399 1697 adeo
1418 1662 1462 1696 ut
1478 1671 1526 1698 ne
1545 1660 1625 1697 dux
1643 1659 1796 1707 quidem
1816 1662 1851 1697 et

285 1721 419 1756 auctor
436 1719 587 1756 itineris
605 1718 843 1764 infitiaretur
854 1730 987 1765 parva
1005 1729 1128 1755 manu
1147 1718 1266 1756 deleri
1284 1729 1434 1756 omnem
1453 1720 1658 1757 exercitum
1664 1719 1848 1766 potuisse.

285 1777 375 1815 Non
406 1778 537 1814 minus
570 1789 670 1825 quae
703 1778 905 1825 composui
930 1789 1238 1815 VI.VI1.V111.1X
1263 1778 1450 1827 coniungi
1481 1780 1521 1815 et
1549 1778 1599 1816 ad
1630 1778 1850 1815 orationem

287 1836 484 1885 quandam
508 1835 756 1885 imperatoris
781 1837 920 1874 referri
943 1836 1129 1873 videntur
1155 1837 1223 1884 qui
1248 1836 1563 1875 accusationibus
1588 1837 1763 1875 militum
1790 1849 1849 1875 re-

286 1895 494 1944 spondeat,
527 1895 631 1943 quod
656 1907 778 1945 genus
811 1897 871 1932 est
903 1895 1009 1944 apud
1039 1894 1199 1933 Livium
1224 1889 1324 1947 (xnv
1345 1897 1412 1944 37,
1434 1891 1479 1949 9)
1505 1898 1547 1933 111
1573 1897 1849 1935 controversiis

286 1954 333 1991 de
366 1953 568 2003 triumpho
593 1954 757 1992 Aemilii
781 1953 907 1992 Pauli.
933 1954 981 1991 In
1007 1955 1180 1992 extremo
1206 1954 1308 1993 libro
1336 1956 1453 2004 posui
1479 1950 1542 2008 (x)
1574 1956 1850 1993 testimonium

288 2012 488 2051 Ciceronis
519 2013 567 2050 de
593 2012 735 2063 Lepidi
767 2015 807 2051 et
830 2013 965 2051 Fulvii
991 2025 1155 2051 censura
1174 2026 1208 2052 a.
1228 2027 1265 2051 u.
1286 2026 1317 2052 c.
1340 2015 1438 2063 575,
1469 2015 1575 2064 quod
1601 2014 1652 2052 ad
1676 2014 1850 2052 Ennium

286 2073 413 2111 redire
438 2074 523 2122 ipse
549 2074 685 2122 aperte
711 2072 920 2122 significat.

404 2132 452 2169 In
477 2132 578 2170 libro
606 2132 1011 2179 duodevicesimo,
1036 2134 1249 2181 postquam
1275 2144 1321 2170 ea
1346 2145 1448 2182 quae
1474 2132 1569 2171 olim
1591 2133 1696 2171 hunc
1720 2133 1851 2171 locum

287 2191 519 2229 obtinebant
544 2192 782 2230 testimoniis
808 2193 936 2230 victus
961 2192 1004 2228 in
1029 2191 1262 2230 duodecimo
1288 2193 1458 2241 reposui,
1482 2193 1755 2230 remanserunt
1773 2192 1850 2230 duo

287 2250 473 2288 versiculi
498 2263 544 2287 ex
569 2250 711 2299 quibus
737 2251 838 2288 nihil
864 2251 1125 2302 cognoscitur.
1150 2251 1289 2300 Neque
1313 2251 1539 2289 mirandum
1564 2252 1624 2289 est
1650 2251 1754 2300 quod
1774 2263 1850 2300 quo

287 2311 450 2359 propius
477 2309 528 2347 ad
551 2309 668 2347 finem
693 2310 897 2348 annalium
921 2309 1171 2359 pervenimus
1197 2323 1241 2348 eo
1267 2310 1455 2349 incertior
1478 2310 1550 2348 fiat
1575 2323 1695 2360 opera
1718 2311 1761 2348 in
1786 2310 1850 2348 de-

289 2368 470 2406 finiendis
495 2368 687 2406 librorum
713 2370 958 2419 argumentis
985 2370 1229 2419 consumpta,
1256 2369 1324 2407 sed
1348 2371 1481 2407 tamen
1514 2371 1574 2408 ita
1606 2370 1734 2408 sentio
1764 2370 1851 2407 uni-

289 2440 443 2466 versam
462 2427 653 2466 librorum
672 2428 972 2478 dispositionem
992 2441 1016 2466 a
1033 2441 1095 2466 me
1108 2429 1214 2466 recte
1229 2430 1268 2466 et
1281 2429 1361 2466 suis
1374 2429 1490 2466 lineis
1505 2441 1587 2467 esse
1602 2429 1850 2478 descriptam.

410 2487 582 2525 Tantum
608 2487 655 2524 de
676 2487 882 2525 annalium
904 2488 1026 2526 libris.
1054 2486 1358 2525 Scenicorum
1377 2487 1498 2525 titulo
1519 2488 1745 2536 complexus
1765 2499 1850 2525 sum

290 2546 461 2595 primum
485 2546 722 2597 tragoedias,
755 2546 894 2584 deinde
919 2548 1188 2596 praetextatas
1222 2558 1320 2595 quae
1352 2546 1562 2584 creduntur
1593 2546 1702 2594 duas,
1732 2558 1851 2595 porro

291 2605 512 2644 comoedias
542 2605 640 2643 item
671 2605 781 2654 duas,
811 2608 1009 2655 postremo
1039 2607 1281 2644 incertarum
1311 2605 1536 2643 fabularum
1567 2618 1702 2644 versus
1727 2606 1850 2642 maxi-

291 2676 397 2701 mam
416 2666 571 2712 partem
590 2664 641 2702 ad
659 2665 907 2715 tragoediam
926 2666 1180 2714 pertinentes,
1207 2665 1306 2703 alias
1326 2664 1376 2703 ad
1396 2664 1651 2712 comoediam,
1675 2664 1850 2713 reliquas

291 2723 507 2772 ambiguas.
557 2723 795 2774 Tragoedias
822 2726 954 2762 autem
978 2736 1230 2762 numeramus
1254 2725 1398 2775 viginti
1424 2735 1521 2773 quas
1546 2736 1624 2762 non
1645 2736 1851 2773 argumen-

291 2784 423 2820 torum
448 2782 683 2832 cognatione
709 2782 776 2821 sed
801 2783 852 2820 ad
876 2784 1101 2822 litterarum
1127 2783 1269 2822 seriem
1294 2783 1484 2821 ordinavi.
1516 2783 1563 2820 In
1590 2783 1730 2831 quibus
1757 2794 1851 2831 quo-

291 2842 400 2878 niam
425 2842 507 2879 sive
532 2841 582 2879 ad
606 2841 754 2880 indices
780 2843 862 2880 sive
888 2842 938 2880 ad
962 2854 1096 2881 versus
1122 2842 1352 2892 superstites
1376 2854 1476 2891 quae
1496 2842 1614 2879 utilia
1634 2843 1763 2880 essent
1782 2842 1852 2878 aut

292 2901 514 2939 necessaria
538 2900 738 2950 adnotavi,
763 2913 843 2939 non
867 2902 993 2939 multa
1017 2903 1171 2941 restant
1197 2914 1297 2952 quae
1321 2902 1395 2940 hoc
1417 2902 1502 2940 loco
1523 2903 1778 2951 exponantur.
