2054 3282
715 183 974 219 ANNALIUM
998 183 1085 218 LIB.
1106 183 1158 219 VI
1656 185 1712 226 33

155 363 240 406 180
646 363 851 405 stolidum
883 302 1017 419 ἔξω
1048 361 1347 406 Aeacidarum:

271 433 581 488 Bellipotentes
614 437 713 475 sunt
745 434 882 490 magis
915 449 1044 488 quam
1076 434 1468 488 sapientipotentes.

154 603 160 609 .
178 603 184 609 .
202 603 208 609 .
228 585 370 619 posse».
391 574 552 619 primum
574 574 707 609 Latine
732 573 865 619 Apollo
891 585 1095 619 numquam
1119 573 1265 608 locutus
1286 575 1357 618 est;
1385 574 1521 609 deinde
1545 574 1619 609 ista
1639 586 1715 609 sors

151 627 324 662 inaudita
341 627 491 662 Graecis
512 628 584 672 est3
603 628 798 672 praeterea
810 626 943 671 Pyrrhi
962 626 1192 671 temporibus
1211 627 1287 661 iam
1300 626 1435 672 Apollo
1449 638 1573 662 versus
1593 627 1716 663 facere

153 681 331 725 desieram
350 682 548 726 postremo,
569 691 796 725 quamquam
816 690 961 725 semper
973 679 1055 722 fuit,
1076 681 1119 714 ut
1138 680 1239 725 apud
1252 680 1414 714 Ennium
1434 682 1500 723 est,
1516 681 1716 717 «stolidum

153 762 159 769 .
178 763 183 769 .
201 763 207 768 .
222 734 485 779 bellipotentes
500 733 635 779 (belli
659 746 684 779 p
695 734 872 768 etentes
886 733 990 768 Voss.
1006 734 1035 767 B
1049 745 1095 767 m.
1111 735 1180 778 pr.)
1197 762 1203 767 .
1221 762 1226 767 .
1245 762 1250 767 .
1267 734 1625 778 sapientipotentes»
1641 736 1714 780 (νι),

151 789 277 822 tamen
296 787 393 822 hanc
413 787 682 832 amphiboliam
695 798 820 822 versus
840 787 1058 832 intellegere
1071 787 1256 832 potuisset
1278 787 1443 822 ‘vincere
1462 789 1500 822 te
1514 788 1715 822 Romanos’

152 840 270 875 nihilo
289 840 410 886 magis
430 840 469 874 in
490 851 528 875 se
548 851 661 885 quam
680 840 719 874 in
739 840 926 875 Romanos
946 840 1094 875 valere.'
1171 839 1342 874 Aurelius
1357 840 1486 875 Victor
1512 841 1558 875 de
1577 841 1642 875 vir.
1664 841 1716 875 ill.

152 897 207 937 35,
224 898 242 928 1
260 893 441 938 ‘Pyrrhus
461 904 525 928 rex
538 894 776 939 Epirotarum
791 922 797 928 .
816 922 821 927 .
839 922 845 927 .
862 905 946 928 cum
958 893 1157 938 imperium
1177 893 1276 928 orbis
1298 894 1460 939 agitaret
1480 895 1518 929 et
1530 894 1717 929 Romanos

151 948 322 992 potentes
336 946 488 989 videret,
503 946 716 991 Apollinem
730 947 775 981 de
789 947 887 982 bello
903 947 1103 981 consuluit:
1122 946 1136 966 ²
1149 946 1213 982 ille
1227 946 1402 992 ambigue
1421 948 1615 992 respondit
1635 948 1716 983 «aio

154 1000 387 1045 ...posse».’
487 999 705 1035 Ammianus
735 1000 975 1035 Marcellinus
1004 1013 1094 1035 xxm
1121 1003 1151 1044 5,
1169 1004 1188 1034 9
1221 1002 1327 1035 ‘nam
1356 1002 1394 1035 et
1422 1001 1574 1035 oracula
1603 1000 1718 1035 dubia

152 1053 311 1099 legimus
334 1082 339 1087 .
358 1082 363 1087 .
381 1082 387 1087 .
410 1054 621 1098 sortemque
645 1054 703 1088 his
729 1054 972 1099 posteriorem
998 1064 1122 1088 veram
1148 1053 1300 1097 quidem
1321 1054 1385 1088 sed
1406 1065 1479 1088 non
1498 1054 1620 1088 minus
1642 1064 1718 1088 am-

152 1107 306 1152 biguam
327 1106 409 1143 «aio
429 1108 467 1141 te
487 1107 618 1141 eacida
640 1135 645 1141 .
663 1135 669 1141 .
687 1135 693 1141 .
714 1107 873 1152 posse».'
973 1107 1005 1141 A
1025 1106 1200 1141 Cicerone
1220 1107 1387 1152 pendens
1408 1107 1593 1141 Minucius
1614 1107 1719 1141 Felix

153 1160 278 1195 Octav.
301 1164 355 1202 26,
378 1164 398 1195 6
427 1160 495 1195 ‘de
525 1160 665 1205 Pyrrho
686 1160 833 1195 'Ennius
860 1160 1045 1206 Apollinis
1071 1160 1198 1204 Pythii
1223 1170 1401 1205 responsa
1427 1160 1613 1203 confinxit,
1635 1171 1719 1194 cum

152 1214 228 1249 iam
246 1214 380 1259 Apollo
406 1224 531 1248 versus
556 1213 680 1248 facere
706 1214 880 1257 desisset3
907 1214 1011 1248 cuius
1037 1215 1126 1248 tunc
1152 1215 1303 1248 cautum
1328 1214 1423 1248 illud
1444 1215 1482 1248 et
1501 1214 1718 1259 ambiguum

153 1267 291 1302 defecit
309 1267 509 1309 oraculum,
526 1278 609 1301 cum
623 1268 661 1301 et
672 1267 865 1312 politiores
878 1267 1046 1302 homines
1062 1268 1098 1301 et
1108 1267 1230 1302 minus
1245 1267 1387 1302 creduli
1398 1278 1477 1302 esse
1489 1268 1716 1312 coeperunt.’

240 1321 471 1366 Augustinus
492 1321 538 1355 de
553 1320 618 1355 civ.
635 1321 696 1355 dei
709 1334 752 1355 111
767 1324 809 1354 17
823 1333 858 1365 p.
877 1324 954 1363 125,
970 1324 990 1354 2
1006 1320 1136 1354 Domb.
1155 1321 1166 1338 ‘
1176 1321 1235 1355 cui
1250 1320 1417 1366 (Pyrrho)
1433 1331 1521 1355 sane
1536 1321 1582 1355 de
1595 1331 1718 1355 rerum

152 1373 276 1409 futuro
297 1375 431 1409 eventu
451 1373 659 1408 consulenti
685 1374 776 1408 satis
801 1374 943 1408 urbane
963 1373 1096 1419 Apollo
1117 1373 1170 1407 sic
1191 1372 1408 1418 ambiguum
1428 1373 1619 1407 oraculum
1640 1373 1718 1408 edi-

153 1427 219 1470 dit,
239 1429 283 1462 ut
302 1438 321 1462 e
342 1427 485 1462 duobus
506 1427 690 1471 quidquid
711 1427 910 1462 accidisset
928 1427 1008 1472 ipse
1029 1427 1175 1461 divinus
1189 1426 1407 1470 haberetur;
1427 1426 1482 1461 ait
1496 1427 1595 1461 enim
1610 1427 1716 1463 «dico

152 1483 189 1515 te
202 1480 341 1526 Pyrrhe
361 1480 507 1514 vincere
526 1491 634 1524 posse
647 1480 883 1515 Romanos».'
960 1480 1206 1525 Hieronymus
1227 1490 1355 1514 comm.
1378 1480 1417 1514 in
1436 1479 1573 1514 Isaiam
1586 1480 1650 1514 lib.
1664 1493 1716 1514 ΧΠ

153 1545 182 1568 c.
203 1538 247 1568 41
269 1535 294 1568 t.
316 1546 352 1568 1v
377 1546 412 1578 p.
434 1537 502 1567 504
519 1533 551 1567 A
570 1533 728 1568 Vallars.
753 1534 826 1568 ‘sic
854 1534 1058 1568 sententias
1087 1533 1340 1578 temperarint,
1370 1535 1413 1567 ut
1442 1543 1507 1568 seu
1536 1533 1624 1568 boni
1653 1544 1718 1568 seu

152 1587 242 1621 mali
269 1587 359 1631 quid
390 1587 596 1629 accidisset,
626 1588 826 1630 utrumque
854 1588 980 1632 posset
998 1586 1172 1632 intelligi,
1192 1588 1234 1620 ut
1260 1587 1316 1621 est
1340 1586 1435 1620 illud
1460 1586 1593 1631 Pyrrhi
1618 1587 1717 1632 regis

152 1640 390 1685 Epirotarum
410 1640 492 1676 «aio
509 1668 515 1674 .
533 1668 538 1674 .
556 1668 562 1674 .
577 1650 709 1685 posse»
730 1641 768 1674 et
788 1639 912 1675 Croesi
926 1639 1104 1676 «Croesus
1123 1641 1376 1685 transgressus
1396 1639 1535 1684 Halym
1554 1640 1717 1674 maxima

151 1704 267 1739 regna
285 1694 467 1739 perdet».’
544 1693 796 1735 Quintilianus
809 1707 861 1729 vn
875 1697 906 1736 9,
920 1697 940 1728 6
963 1694 1022 1727 ‘in
1042 1693 1248 1728 coniunctis
1267 1693 1351 1738 plus
1372 1693 1631 1738 ambiguitatis
1651 1695 1716 1728 est.

151 1747 193 1781 fit
206 1748 331 1782 autem
340 1758 407 1792 per
418 1757 535 1789 casus,
546 1748 589 1781 ut
600 1747 682 1783 «aio
696 1748 734 1782 te
748 1747 880 1782 eacida
892 1776 898 1782 .
911 1776 916 1782 .
928 1776 933 1781 .
946 1748 1103 1792 posse».’
1173 1747 1378 1792 Porphyrio
1393 1747 1433 1781 in
1446 1747 1532 1782 Hor.
1542 1748 1609 1782 art.
1618 1749 1716 1792 poet.

152 1803 220 1835 403
244 1801 254 1817 ‘
264 1800 387 1835 dictae
406 1811 474 1845 per
488 1800 653 1835 carmina
667 1802 798 1835 sortes:
818 1811 886 1846 per
898 1811 1023 1836 versus
1038 1802 1244 1836 exametros
1256 1801 1423 1835 reddidit
1435 1811 1613 1845 responsa
1625 1801 1718 1836 Phe-

151 1864 284 1888 monoe
294 1855 310 1888 t
319 1853 502 1898 pyrroclio
514 1855 706 1899 tamquam
716 1854 917 1899 purphoeri
927 1855 1061 1899 poetae
1075 1854 1181 1900 (haec
1191 1855 1355 1889 extrema
1365 1853 1602 1899 Plasbergius
1616 1854 1675 1899 Py
1684 1867 1717 1888 r-

151 1907 229 1941 rho
241 1906 458 1952 Epirotae
470 1906 747 1952 interpretatur,
756 1908 849 1942 mihi
860 1907 953 1943 talia
963 1907 1087 1953 legere
1098 1907 1251 1942 videbar
1261 1907 1483 1942 Phemono
1493 1918 1512 1942 e
1527 1907 1716 1951 ethrro

153 1960 249 1995 Clio
275 1961 503 2004 tamquam
527 1964 739 2009 προφορᾷ
760 1961 972 2006 (prophora)
992 1962 1175 2006 poetae)
1194 1961 1299 1997 «aio.
1317 1989 1322 1994 .
1340 1961 1519 2005 posse».'
1591 1959 1718 1995 Chari-

153 2013 227 2048 sius
247 2027 284 2048 1v
296 2026 331 2058 p.
347 2017 426 2055 271,
442 2016 486 2047 28
500 2013 542 2047 Κ.
566 2014 818 2059 ‘amphibolia
833 2043 839 2048 .
857 2043 862 2048 .
880 2043 886 2048 .
902 2014 1098 2056 sententia,
1119 2015 1162 2048 ut
1181 2014 1264 2050 «aio
1284 2015 1322 2048 te
1342 2013 1473 2048 eacida
1489 2041 1494 2047 .
1512 2041 1517 2046 .
1535 2041 1541 2046 .
1556 2013 1714 2057 posse».’

244 2067 442 2101 Diomedes
462 2080 490 2100 11
509 2079 544 2112 p.
561 2070 640 2109 450,
657 2071 677 2102 3
697 2067 740 2101 K.
765 2067 1018 2112 ‘amphibolia
1039 2095 1045 2101 .
1063 2095 1068 2100 .
1086 2095 1092 2101 .
1113 2067 1153 2100 in
1179 2066 1355 2112 ambiguo
1381 2066 1505 2111 posita
1530 2065 1717 2101 sententia

152 2122 195 2154 ut
220 2119 302 2155 «aio
319 2148 325 2153 .
343 2147 348 2153 .
367 2147 372 2153 .
387 2121 546 2164 posse».'
631 2119 793 2154 Isidorus
807 2120 898 2165 orig.
914 2133 927 2154 1
948 2123 1002 2162 33,
1020 2123 1063 2153 13
1081 2119 1382 2164 ‘amphibologia
1402 2118 1580 2164 ambigua
1600 2119 1715 2153 dictio

157 2201 162 2206 .
180 2201 185 2207 .
203 2201 209 2207 .
224 2183 291 2217 per
311 2183 437 2207 casum
457 2173 710 2207 accusativum
734 2174 777 2207 ut
800 2173 896 2207 illud
920 2183 1138 2217 responsum
1157 2171 1342 2217 Apollinis
1363 2172 1411 2206 ad
1430 2171 1612 2216 Pyrrhum
1633 2172 1715 2208 «aio

155 2255 161 2260 .
179 2254 185 2260 .
204 2255 209 2260 .
224 2226 382 2271 posse».’
482 2225 692 2260 Priscianus
706 2239 796 2261 xvm
809 2238 844 2271 p.
858 2229 935 2268 234,
947 2229 988 2260 21
1004 2225 1048 2259 H.
1067 2226 1078 2242 ‘
1088 2226 1256 2260 auctores
1270 2224 1569 2269 frequentissime
1582 2225 1716 2270 hyper—

153 2279 251 2314 batis
272 2279 311 2314 id
331 2280 388 2314 est
406 2279 690 2314 transitionibus
715 2281 881 2321 utuntur,
910 2281 953 2313 ut
973 2279 1055 2315 «aio
1076 2280 1113 2313 te
1132 2278 1298 2314 Aeacida
1319 2278 1476 2323 (eacida>
1499 2307 1504 2312 .
1523 2307 1528 2312 .
1546 2307 1551 2313 .
1572 2289 1714 2323 posse».

153 2334 210 2367 est
235 2333 334 2367 enim
359 2333 464 2367 ordo:
486 2333 523 2367 te
542 2332 724 2367 Aeacida:
744 2333 784 2367 id
804 2334 861 2367 est
880 2332 979 2377 quod
998 2332 1158 2367 Romani
1183 2333 1221 2366 te
1239 2333 1397 2376 possunt
1421 2332 1594 2366 vincere.’

154 2386 320 2421 Donatus
335 2387 401 2420 art.
418 2398 470 2432 gr.
487 2385 527 2421 G.
543 2386 580 2420 L.
596 2386 638 2420 K.
654 2399 691 2421 iv
704 2398 739 2431 p.
753 2389 831 2428 369,
849 2390 868 2420 2
884 2385 1083 2431 (positione
1095 2385 1232 2431 longae
1245 2385 1338 2419 fiunt
1352 2385 1521 2430 syllabae
1535 2396 1618 2420 cum
1638 2396 1716 2420 cor-

152 2441 260 2484 repta
278 2439 415 2474 vocalis
437 2439 586 2485 desinit)
605 2439 664 2474 ‘in
677 2440 690 2474 i
702 2439 868 2474 litteram
882 2439 999 2474 solam
1017 2439 1115 2474 inter
1134 2439 1226 2473 duas
1246 2438 1391 2473 vocales
1411 2438 1492 2473 loco
1513 2439 1723 2474 consonam

152 2493 201 2527 tis
220 2493 382 2537 positam
402 2493 531 2538 [quam
549 2492 719 2527 nonnulli
738 2493 958 2539 geminant],
978 2494 1021 2527 ut
1040 2493 1123 2529 «aio
1139 2521 1145 2527 .
1162 2521 1168 2527 .
1186 2521 1192 2527 .
1207 2493 1366 2537 posse».’
1486 2492 1560 2527 Inc.
1582 2493 1628 2527 de
1647 2492 1713 2527 ult.

154 2545 234 2590 syll.
251 2545 291 2580 G.
307 2546 345 2580 L.
360 2545 403 2579 K.
419 2559 456 2580 1v
467 2557 502 2590 p.
519 2549 598 2588 221,
616 2549 657 2579 11
676 2546 709 2580 ‘i
728 2546 856 2581 littera
882 2546 1070 2591 duplicem
1095 2557 1226 2580 sonum
1251 2545 1426 2591 designat
1449 2556 1525 2580 una
1547 2546 1715 2590 quamvis

153 2599 273 2644 figura
299 2598 362 2641 sit,
391 2599 422 2633 si
446 2599 613 2642 undique
638 2599 752 2633 fuerit
778 2599 900 2634 cincta
925 2599 1115 2634 vocalibus
1140 2600 1183 2633 ut
1203 2627 1209 2633 .
1227 2627 1256 2633 ..
1279 2599 1362 2635 «aio
1385 2627 1390 2633 .
1409 2627 1414 2633 .
1432 2627 1438 2632 .
1459 2599 1617 2644 posse».’

153 2651 281 2686 Velius
307 2652 455 2696 Longus
477 2651 517 2686 G.
532 2652 570 2686 L.
586 2652 628 2686 K.
645 2665 696 2687 vn
709 2665 743 2697 p.
761 2655 815 2695 55,
827 2656 870 2687 24
887 2652 1078 2696 ‘quotiens
1095 2681 1100 2686 .
1119 2681 1124 2687 .
1141 2652 1286 2687 duabus
1305 2651 1495 2686 vocalibus
1518 2651 1715 2686 interiecta

153 2705 246 2739 haec
264 2704 391 2739 littera
412 2705 450 2750 (i)
472 2706 537 2748 est,
559 2706 717 2740 duarum
737 2706 1019 2740 consonantium
1039 2706 1184 2740 obtinet
1203 2705 1337 2749 vicem3
1365 2705 1417 2739 sic
1439 2716 1514 2739 non
1539 2705 1610 2739 erit
1633 2715 1714 2739 ace-

153 2757 288 2802 phalus
313 2769 438 2793 versus
460 2786 466 2792 .
484 2786 489 2791 .
508 2786 513 2792 .
536 2759 573 2792 et
592 2759 674 2795 «aio
698 2787 703 2792 .
722 2787 726 2792 .
745 2787 750 2792 .
771 2759 929 2803 posse».’
1021 2759 1106 2794 Non
1128 2759 1301 2804 imperite
1321 2758 1491 2793 Valesius
1511 2768 1656 2792 versum
1674 2758 1714 2791 in

154 2811 252 2845 hunc
271 2811 423 2845 modum
439 2810 578 2846 Graece
598 2812 794 2846 convertit:
811 2818 921 2847 νικᾶν
942 2810 974 2847 σ’
992 2811 1155 2857 Αἰακίὸη
1167 2810 1372 2857 Ῥωμαίους
1395 2812 1489 2856 φημὶ
1512 2811 1712 2846 δύνασθαι.

272 2863 323 2898 VI
342 2866 437 2910 (180)
477 2863 602 2899 Cicero
623 2865 669 2899 de
690 2865 761 2899 div.
776 2878 804 2899 11
819 2869 873 2908 56,
891 2869 957 2900 116
972 2866 1020 2901 ad
1033 2878 1054 2900 v
1069 2866 1287 2911 adscriptus
1309 2865 1367 2898 Ad
1382 2864 1607 2898 sententiam
1621 2864 1713 2898 scite

157 2916 344 2951 confertur
363 2917 518 2951 Hesiodi
538 2917 580 2951 fr.
597 2921 664 2952 225
684 2917 818 2952 Rzach.

226 2988 377 3014 Emuus
398 2989 443 3014 ed.
453 2990 580 3015 Vahlen.
1409 2980 1429 3010 3
