2054 3282
711 184 969 220 ANNALIUM
993 185 1080 220 LIB.
1102 185 1152 221 Ἦ
1649 186 1706 227 35

149 305 233 347 190
264 305 396 347 Pinus
427 319 625 360 proceras
657 308 926 360 pervortunt:
959 320 1084 348 omne
1116 307 1295 349 sonabat

264 375 503 418 Arbustum
534 377 709 419 fremitu
740 377 864 419 silvai
894 377 1124 419 frondosai.

904 481 955 515 XI

150 542 232 584 192
266 541 372 592 «Qui
404 542 584 584 antehac
615 543 765 585 invicti
796 542 914 584 fuere
946 542 1037 596 viri,
1070 545 1191 597 pater
1223 544 1384 597 optime
1415 542 1601 599 Olympi,

264 613 356 655 Hos
388 628 467 670 ego
501 614 545 655 in
575 628 721 669 pugna
750 613 835 655 vici
866 613 1090 667 victusque
1122 628 1215 655 sum
1248 614 1300 655 ab
1333 614 1478 656 isdem.

896 717 964 751 ΧΠ

154 779 240 821 194
273 778 387 822 <<Νο0
418 779 478 820 mi
510 793 659 821 aurum
690 793 820 833 posco
852 793 931 821 nec
962 779 1022 820 mi
1052 779 1238 833 pretium
1270 779 1494 821 dederitis:

262 850 363 894 Non
396 853 684 905 cauponantes
716 849 878 892 bellum
911 850 985 892 sed
1016 849 1330 906 belligerantes,

150 922 232 965 196
264 921 406 976 Ferro,
437 936 524 963 non
555 935 671 975 auro,
702 921 837 962 vitam
868 935 1090 963 cernamus
1125 921 1308 974 utrique.

266 1074 316 1108 XI
336 1075 431 1120 (192)
471 1073 622 1108 Orosius
641 1072 727 1107 hist.
743 1086 780 1108 1v
801 1076 831 1117 1,
848 1076 892 1107 14
906 1073 944 1107 in
958 1073 1171 1108 narratione
1183 1083 1334 1118 pugnae
1347 1072 1604 1108 Heracleensis
1626 1074 1712 1109 ‘sed

146 1127 308 1172 Pyrrhus
329 1127 564 1162 atrocitatem
584 1126 701 1161 cladis
722 1137 835 1170 quam
853 1126 923 1161 hoc
942 1126 1040 1161 bello
1056 1127 1252 1171 exceperat
1266 1126 1322 1160 dis
1337 1126 1412 1160 suis
1426 1126 1713 1172 hominibusque

147 1182 306 1216 testatus
328 1182 384 1215 est
404 1180 570 1226 adfigens
590 1179 743 1214 titulum
762 1180 802 1214 in
821 1179 960 1225 templo
974 1180 1168 1214 Tarentini
1181 1179 1286 1223 Iovis,
1307 1180 1348 1213 in
1367 1191 1439 1224 quo
1459 1180 1552 1215 haec
1566 1181 1715 1226 scripsit

147 1234 235 1278 «qui
256 1235 407 1270 antehae
426 1233 639 1279 (antehoc
657 1233 790 1279 Rehd.)
811 1233 941 1268 invicti
959 1233 1062 1268 fuere
1081 1234 1154 1269 viri
1178 1245 1213 1278 p.
1236 1244 1267 1267 o.
1291 1233 1331 1267 O.
1352 1233 1419 1267 hos
1440 1244 1509 1278 ego
1529 1234 1568 1268 in
1582 1246 1714 1281 puyna

146 1287 219 1322 vici
243 1288 426 1332 vietusque
452 1299 533 1321 sum
559 1286 606 1321 ab
626 1287 745 1321 isdem
766 1286 978 1332 (hisdem)»;
999 1288 1037 1321 et
1056 1298 1140 1321 cum
1160 1297 1182 1320 a
1204 1286 1313 1321 sociis
1338 1287 1625 1332 increpitaretur
1650 1299 1714 1322 cur

147 1351 186 1376 se
207 1340 346 1376 victum
368 1341 509 1375 diceret
531 1340 596 1384 qui
618 1340 776 1384 vicisset,
796 1340 1031 1385 respondisse
1048 1339 1180 1374 fertur:
1208 1351 1254 1374 ne
1278 1350 1346 1386 ego
1370 1340 1402 1374 si
1424 1340 1558 1375 iterum
1584 1341 1714 1375 eodem

147 1394 256 1428 modo
283 1394 403 1428 vicero
431 1393 510 1428 sine
535 1393 611 1427 ullo
637 1393 758 1427 milite
777 1393 931 1438 Epirum
950 1394 1138 1428 revertar.'
1161 1393 1303 1427 Eadem
1323 1393 1480 1428 historia
1498 1393 1666 1428 miscella
1685 1407 1714 1428 11

150 1451 192 1481 16
212 1459 247 1492 p.
270 1450 324 1490 31,
341 1451 360 1481 3
381 1447 497 1491 Eyss.,
519 1446 623 1481 cuius
647 1446 725 1481 cod.
747 1446 876 1481 Bamb.
899 1450 967 1481 514
987 1447 1139 1481 titulum
1159 1446 1214 1481 ita
1240 1446 1419 1491 scriptum
1439 1447 1604 1481 exhibet:
1628 1447 1714 1490 ‘qui

148 1504 257 1535 aulea
276 1500 406 1534 invicti
424 1499 527 1534 fuere
540 1501 633 1535 vires
644 1512 679 1545 p.
695 1511 726 1534 0.
743 1499 783 1534 Ο.
798 1500 865 1534 hos
880 1511 948 1545 ego
962 1499 1002 1533 in
1016 1501 1148 1546 puyria
1164 1499 1236 1533 vici
1255 1500 1371 1535 vietus
1384 1511 1465 1534 sum
1479 1499 1526 1534 ab
1540 1500 1711 1534 hisdem)

219 1553 338 1588 Ennio
366 1553 456 1587 Lud.
479 1553 634 1587 Lautius
663 1553 867 1588 vindicavit
895 1564 1029 1587 versus.
1059 1552 1110 1587 Cf.
1131 1552 1298 1587 Naekius
1325 1564 1448 1597 opusc.
1471 1566 1483 1586 1
1505 1556 1572 1587 212
1594 1553 1658 1597 qui
1678 1554 1715 1587 et

147 1607 228 1652 ipse
253 1617 378 1641 versus
404 1606 593 1641 Ennianos
619 1606 745 1650 habet,
770 1606 964 1651 mitigatos
990 1606 1148 1641 fortasse
1174 1605 1221 1640 ab
1248 1616 1301 1649 eo,
1329 1606 1390 1640 cui
1413 1606 1562 1641 Orosius
1592 1606 1714 1650 debet,

148 1660 267 1695 Livio:
289 1671 380 1704 quos
401 1659 464 1694 1110
484 1659 676 1705 eleganter
700 1660 770 1694 hoc
791 1659 930 1695 Graeco
951 1659 1236 1706 epigrammatio
1263 1659 1460 1705 expressit:
1491 1662 1561 1695 Ζεῦ
1586 1659 1716 1704 πάτερ,

148 1712 184 1748 οἳ
202 1713 244 1749 τὸ
263 1712 451 1758 πάροιθεν
471 1711 644 1749 &vinceret
666 1712 778 1748 πέλον
795 1712 940 1758 ἄνδρες,
961 1712 997 1748 οἱ
1016 1713 1082 1758 μὲν
1102 1712 1343 1758 ἐνικήθησαν,
1360 1711 1542 1758 ἐνικήθην
1563 1712 1603 1749 δὲ
1622 1714 1716 1758 πρὸς

150 1780 282 1802 avvcov.

266 1820 334 1854 ΧΠ
353 1821 449 1866 (194)
488 1819 614 1855 Cicero
636 1820 681 1855 de
701 1819 761 1855 off.
777 1834 789 1854 1
811 1824 865 1863 12,
881 1823 924 1854 38
948 1819 1101 1865 ‘Pyrrhi
1118 1820 1270 1864 quidem
1284 1820 1330 1854 de
1344 1820 1501 1865 captivis
1515 1820 1715 1855 reddendis

149 1873 216 1908 illa
234 1873 428 1918 praeclara
448 1884 539 1910 «nec
554 1901 560 1907 .
578 1902 584 1907 .
602 1902 608 1907 .
624 1873 682 1908 dis
703 1874 833 1919 (201)».
854 1873 991 1919 regalis
1012 1883 1100 1908 sane
1121 1875 1158 1908 et
1177 1874 1294 1919 digna
1313 1873 1562 1908 Aeacidarum
1581 1885 1715 1919 genere

150 1926 361 1961 sententia.'
465 1926 610 1961 Servius
630 1926 670 1961 in
689 1926 778 1961 Aen.
795 1940 817 1961 x
832 1930 899 1961 532
917 1926 1062 1972 ‘gnatis
1075 1937 1187 1972 parce
1206 1927 1297 1962 tuis:
1314 1955 1320 1961 .
1338 1955 1344 1961 .
1362 1955 1368 1961 .
1383 1938 1494 1972 parce
1515 1928 1640 1962 autem
1660 1929 1717 1962 est

271 2088 354 2125 190
380 2098 523 2144 pceros
543 2087 636 2124 Par.
656 2098 835 2135 proceres
856 2087 925 2124 alii
1039 2076 1233 2136 pussrtunt
1251 2086 1344 2123 Par.
1457 2087 1538 2124 192
1559 2085 1715 2133 Reliqui

151 2157 249 2194 quae
276 2145 436 2183 Orosius
461 2146 576 2189 dedit,
603 2146 670 2192 qui
694 2157 780 2183 eum
804 2157 852 2183 ue
878 2156 1012 2182 versus
1037 2145 1190 2191 quidem
1215 2145 1460 2192 descripserit
1483 2146 1526 2182 iu
1551 2146 1715 2192 afferen-

151 2206 212 2243 dis
243 2205 370 2243 verbis
402 2205 540 2252 lapsus
570 2205 742 2250 videtum
773 2205 839 2242 sed
869 2215 937 2241 uec
969 2203 1136 2241 antehac
1162 2201 1228 2251 (ef.
1259 2212 1339 2250 203
1376 2206 1410 2241 et
1433 2204 1584 2242 Paulus
1607 2204 1717 2243 Festi

144 2261 236 2313 μό,
251 2273 300 2311 19
318 2264 391 2301 Th.
408 2263 573 2301 antehac
588 2263 793 2301 Terentius
813 2275 884 2312 pro
905 2264 1021 2300 antea
1041 2263 1175 2312 ponit,·
1196 2275 1231 2311 q.
1249 2264 1274 2300 i.
1293 2263 1384 2301 ante
1404 2263 1512 2300 fuere
1530 2264 1716 2302 Pithoeus

149 2325 193 2361 iu
217 2324 302 2361 hisi.
322 2322 447 2370 mise.)
473 2334 594 2370 neque
618 2334 706 2360 vero
732 2323 808 2360 viri
835 2317 1012 2375 (fuerant
1035 2322 1119 2360 siue
1143 2323 1219 2359 viri
1243 2322 1424 2370 Heyuius
1449 2334 1533 2370 opp.
1555 2323 1664 2361 acad.
1686 2335 1716 2360 11

155 2376 256 2435 230)
277 2382 371 2420 velis
391 2382 543 2420 abesse:
570 2393 668 2429 quae
686 2382 844 2419 retineri
867 2393 946 2419 hou
958 2383 1126 2429 possum
1143 2382 1199 2419 ila
1223 2384 1266 2419 ul
1290 2382 1391 2429 quod
1415 2384 1559 2429 oportet
1582 2394 1716 2420 versus

154 2442 229 2479 duo
253 2442 393 2489 iuleyri
419 2443 572 2485 exstent,
598 2442 677 2479 nisi
701 2441 769 2478 hoe
792 2441 903 2478 modo
931 2441 999 2489 qui
1023 2441 1163 2478 invicti
1188 2440 1355 2479 antehac
1373 2441 1482 2479 fuere
1501 2442 1587 2490 viri,
1607 2441 1715 2479 fuere

154 2503 198 2538 ut
214 2501 266 2538 sit
284 2501 534 2548 bisyllabusm:
554 2501 621 2538 sed
639 2501 774 2538 haereo
794 2500 962 2538 incertus
969 2513 983 2545 ,·
1004 2500 1072 2548 qui
1085 2500 1224 2537 invicti
1236 2500 1371 2538 fuvere
1384 2501 1461 2538 viri
1479 2513 1516 2549 p.
1532 2513 1565 2539 0.
1581 2499 1623 2538 O.
1637 2495 1715 2553 (fu-

153 2571 244 2598 vere
264 2571 350 2597 cum
362 2554 527 2612 Lautio)
535 2559 868 2607 Zauyemeisterus
1014 2559 1096 2596 193
1118 2560 1157 2596 et
1177 2571 1248 2609 ego
1267 2561 1309 2596 in
1322 2560 1547 2609 p.Pith0eus
1561 2561 1716 2609 egomet

154 2631 192 2667 p.
214 2630 300 2656 eum
317 2617 434 2666 Sam).
452 2630 547 2656 corr.
562 2618 897 2666 Zauyemeislerus
917 2630 988 2667 ego
1009 2618 1050 2655 vi
1068 2631 1202 2668 pugna
1221 2618 1418 2667 Speijerus
1436 2619 1626 2657 Mnemos.
1647 2631 1717 2655 X1x

156 2672 311 2730 (1891)
330 2690 372 2725 p.
391 2686 445 2725 50
581 2678 663 2716 195
691 2690 769 2715 non
793 2677 878 2715 Pal.
899 2677 1015 2714 Harl.
1042 2690 1113 2715 nec
1139 2679 1250 2716 celeri
1339 2676 1552 2726 Aeschylus
1576 2680 1716 2724 septem

161 2734 242 2783 528
258 2734 387 2774 ἐλθὼν
408 2732 444 2775 δ’
462 2734 587 2775 ἔοικεν
606 2734 654 2775 οὐ
674 2735 931 2786 καπηλεύσειν
953 2734 1079 2787 μάχην
1099 2737 1145 2783 cf.
1164 2736 1209 2775 G.
1225 2736 1417 2775 Cauterus
1435 2748 1519 2774 που.
1535 2737 1611 2774 leet.
1627 2748 1674 2772 111
1689 2745 1713 2783 9

258 2796 340 2834 196
368 2796 471 2834 ferro
491 2808 569 2834 non
590 2808 704 2833 auro:
728 2796 774 2833 de
796 2794 959 2833 Camillo
978 2794 1120 2833 Livius
1139 2808 1165 2834 v
1186 2805 1254 2844 49,
1271 2805 1293 2842 3
1316 2797 1496 2844 ferroque
1516 2807 1594 2832 non
1620 2807 1715 2832 auro

155 2866 384 2903 recuperare
408 2856 582 2904 patriam
606 2855 736 2900 iubet;
767 2855 813 2892 de
839 2854 966 2892 eodem
984 2854 1224 2893 Plutarchus
1243 2856 1305 2892 vit.
1325 2854 1430 2893 Cam.
1450 2863 1515 2902 29,
1534 2862 1553 2888 2
1577 2850 1630 2900 ὡς
1657 2863 1714 2891 σι-

158 2911 263 2967 δήρῳ
283 2912 448 2964 πάτριόν
466 2912 544 2952 ἔστι
560 2910 776 2964 Ῥωμαίοις,
797 2911 844 2952 οὐ
863 2915 992 2967 χρυσῷ
1012 2911 1084 2963 τὴν
1103 2913 1271 2966 πατρίδα
1292 2909 1427 2967 σῴζειν

1386 2978 1432 3011 3*
