2054 3282
772 133 943 169 MEDEA
967 132 1095 169 Exci,
1636 131 1750 174 163!

278 255 508 311 Coepisset,
535 270 642 311 quae
667 269 780 297 nunc
804 255 1050 297 nominatur
1074 253 1247 297 nomine

159 327 246 369 250
277 326 409 383 Argo,
435 328 535 382 quia
560 326 713 383 Argivi
739 327 783 368 in
810 341 857 368 ea
883 326 1035 369 delecti
1060 326 1141 368 viri

276 398 402 441 Vecti
427 398 631 453 petebant
654 397 811 453 pellem
837 398 1076 440 inauratam
1102 397 1247 439 arietis

278 468 447 512 Colchis
473 470 653 524 imperio
680 470 793 526 regis
819 469 962 511 Peliae
987 483 1062 524 per
1088 468 1246 511 dolum.

158 615 248 650 satis
269 617 349 650 erat
368 615 502 659 dicere,
517 616 549 650 si
562 615 602 650 id
615 615 725 651 modo
739 615 840 660 quod
853 615 945 650 satis
960 616 1057 649 esset
1071 616 1243 649 curarent
1255 616 1399 659 poetae,
1416 615 1583 651 «utinam
1597 626 1643 650 ne
1659 626 1722 650 era

158 669 254 715 (253)
269 680 394 704 errans
412 680 495 704 mea
515 669 624 704 domo
638 668 786 704 efferret
797 669 932 714 pedem
945 668 1078 702 Medea
1089 667 1175 713 (Me
1184 668 1235 702 de
1244 670 1309 714 as)
1321 669 1445 703 animo
1458 670 1540 714 (om.
1553 669 1722 714 plerique

157 723 285 757 homo
299 722 409 757 Herb.
424 722 614 757 homodo
634 722 714 757 Par.
730 722 772 767 P)
794 732 904 767 aegro
925 733 1064 757 amores
1082 732 1164 757 revo
1183 723 1351 767 (amore
1371 733 1441 756 om.
1464 733 1595 757 saevo
1614 722 1721 757 Bern.

159 787 242 811 cum
263 776 435 821 expletis>
449 776 577 811 saucia
590 775 685 821 (Par.
701 777 742 810 H
757 775 853 809 nihil
872 775 945 809 nisi
965 775 1192 820 Medea)».'
1298 774 1509 810 Priscianus
1530 776 1576 810 de
1595 776 1723 811 metris

158 828 303 864 Terent.
320 833 351 871 2,
368 833 412 864 14
432 829 472 864 G.
489 829 526 863 L.
542 828 585 863 K.
601 842 643 863 111
661 841 696 873 p.
712 832 793 871 423,
808 832 852 863 36
870 829 959 863 ‘nec
979 828 1099 863 solum
1126 827 1259 863 comici
1278 828 1535 864 huiuscemodi
1556 831 1642 863 sunt
1665 829 1723 863 usi

157 882 291 917 iambis
313 883 378 917 sed
397 882 511 917 etiam
525 882 661 928 tragici
673 881 918 917 vetustissimi
930 883 973 916 ut
985 881 1127 916 Ennius
1141 882 1180 916 in
1194 881 1328 916 Medea
1342 883 1509 918 «utinam
1523 894 1566 917 ue
1585 884 1681 928 (246)
1695 911 1701 917 .
1717 911 1722 917 .

158 937 259 971 Pelio
274 936 460 971 securibus
478 947 601 972 caesae
617 935 825 971 cecidissent
845 936 1020 982 abieyuae
1042 936 1091 970 ad
1110 939 1133 970 t.
1150 963 1156 969 .
1176 963 1182 970 .
1200 963 1205 969 .
1227 935 1331 969 navis
1346 937 1443 981 (248)
1463 936 1673 971 inchoanda
1692 947 1722 970 e.

157 990 304 1034 cepisset
317 991 455 1034 (coep.
471 989 570 1024 Parr.
585 989 619 1023 R
638 990 676 1024 et
689 1000 708 1024 e
723 999 812 1024 corr.
827 988 873 1034 A)
889 1017 894 1023 .
913 1017 919 1023 .
936 1017 942 1023 .
958 988 1000 1023 A.
1013 990 1110 1034 (250)
1130 1000 1204 1033 qua
1223 990 1313 1024 vecti
1328 990 1373 1024 A.
1391 989 1512 1024 dilecti
1530 990 1603 1024 viri
1622 991 1724 1034 pete-

156 1041 250 1077 bant
268 1043 372 1078 illam
386 1043 516 1088 pellem
537 1071 542 1076 .
560 1071 566 1076 .
584 1071 589 1076 .
612 1043 752 1087 efferret
770 1042 904 1087 pedem
924 1043 1072 1087 (253)>>.’
1159 1057 1162 1070 =
1187 1041 1313 1077 Cicero
1338 1042 1384 1077 de
1406 1042 1486 1077 fato
1508 1046 1562 1085 15,
1575 1046 1620 1077 34
1637 1043 1725 1077 ‘nec

157 1095 350 1131 Hecubam
373 1106 524 1131 causam
543 1095 716 1131 interitus
738 1095 853 1130 fuisse
873 1095 1043 1131 Troianis
1064 1096 1163 1140 quod
1183 1096 1436 1131 Alexandrum
1456 1096 1637 1142 genuerit,
1658 1107 1726 1131 nec

157 1149 395 1194 Tyndareum
420 1149 692 1195 Agamemnoni
719 1150 819 1194 quod
844 1149 1179 1194 Clytaemnestram
1198 1178 1204 1183 .
1222 1178 1228 1183 .
1246 1178 1251 1184 .
1271 1149 1302 1170 ³⁵
1321 1161 1365 1184 ex
1384 1150 1455 1185 hoc
1474 1161 1609 1196 genere
1629 1150 1725 1184 illud

158 1204 214 1237 est
227 1202 324 1237 Enni
338 1204 506 1239 «utinam
518 1214 563 1239 ue
576 1204 674 1248 (246)
690 1231 695 1237 .
714 1231 719 1236 .
736 1204 838 1239 Pelio
855 1203 1040 1239 securibus
1052 1214 1176 1239 caesae
1189 1204 1408 1239 accedissent
1421 1205 1463 1249 (a
1472 1203 1538 1239 cci
1548 1204 1617 1238 dis
1626 1215 1642 1238 s
1651 1205 1726 1238 ent

158 1255 262 1291 Voss.
281 1256 311 1290 B
333 1269 380 1291 m.
399 1269 453 1301 pr.
479 1256 763 1292 cecidissent
788 1267 877 1292 corr.
893 1256 997 1291 Voss.
1017 1256 1094 1302 AB)
1115 1256 1290 1303 abieyuae
1316 1257 1366 1291 ad
1393 1261 1415 1292 t.
1436 1256 1596 1293 trabes».
1618 1257 1726 1292 licuit

157 1309 215 1344 vel
235 1309 360 1353 altius,
380 1310 526 1345 utinam
546 1321 592 1345 ne
612 1310 652 1344 in
671 1309 775 1345 Pelio
795 1311 886 1345 nata
905 1310 985 1345 ulla
1004 1321 1182 1354 umquam
1203 1311 1301 1345 esset
1321 1309 1446 1353 arbor3
1467 1310 1581 1345 etiam
1602 1321 1725 1355 supra,

157 1363 302 1397 utinam
328 1374 374 1398 ne
401 1365 499 1398 esset
523 1375 627 1398 mons
654 1363 754 1398 ullus
777 1363 911 1398 Pelius,
934 1363 1181 1408 similiterque
1204 1363 1396 1408 superiora
1417 1365 1647 1408 repetentem
1670 1375 1725 1398 re-

157 1416 263 1462 gredi
282 1416 427 1452 infinite
440 1417 545 1452 licet:
562 1428 675 1453 «neve
690 1418 786 1463 (248)
802 1445 808 1451 .
826 1445 831 1450 .
847 1417 1048 1453 inchoandi
1067 1428 1096 1452 e.
1111 1417 1400 1461 coepisset(cep.
1413 1416 1603 1463 Voss.B)».
1617 1429 1725 1462 quor-

159 1482 240 1504 sum
252 1470 346 1505 haec
358 1470 586 1515 praeterita?
607 1470 696 1515 quia
710 1470 878 1515 sequitur
894 1470 989 1504 illud
1010 1481 1119 1507 «nam
1135 1471 1231 1515 (253)
1254 1499 1259 1504 .
1277 1498 1283 1504 .
1301 1498 1307 1503 .
1328 1471 1414 1506 haec
1432 1471 1543 1513 ferret
1561 1471 1726 1516 (ecfer-

158 1525 227 1558 ret
250 1534 339 1558 corr.
355 1524 394 1558 in
414 1523 580 1569 optimis)
603 1552 609 1558 .
627 1552 632 1558 .
650 1552 656 1558 .
675 1535 796 1560 amore
819 1535 924 1560 saevo
950 1523 1078 1558 saucia
1098 1525 1230 1569 (254)»‚
1251 1534 1325 1558 non
1344 1525 1386 1558 ut
1406 1534 1472 1558 eae
1491 1534 1549 1558 res
1575 1535 1726 1559 causam

159 1576 349 1611 adferrent
374 1577 536 1611 amoris.'
558 1577 776 1612 Lactantius
796 1576 835 1611 in
857 1577 947 1611 Stat.
967 1576 1080 1613 Theb.
1095 1590 1119 1611 v
1138 1580 1206 1611 336
1229 1576 1372 1611 ‘Pelias
1393 1577 1520 1622 pinus:
1541 1578 1641 1623 Argo
1662 1589 1726 1612 na-

158 1640 239 1664 vem
260 1630 361 1672 dicit,
383 1640 478 1674 quae
497 1630 537 1664 in
555 1629 659 1665 Pelio
679 1632 805 1665 monte
825 1630 1042 1665 Thessaliae
1061 1630 1246 1665 fabricata
1266 1632 1331 1665 est.
1354 1630 1480 1666 Cicero
1501 1633 1668 1667 «utinam
1688 1631 1727 1666 in

157 1694 307 1718 nemore
321 1684 448 1728 pelion
467 1694 590 1719 eaesae
609 1684 794 1719 securibus
812 1685 862 1719 ad
881 1688 1015 1719 terram
1033 1684 1244 1720 cecidissent
1263 1684 1437 1730 abieyuae
1453 1684 1629 1720 trabes».‘

160 1736 285 1771 Cicero
305 1747 372 1781 pro
393 1736 518 1771 Caelio
538 1740 571 1780 8,
590 1740 634 1771 18
657 1737 750 1782 ‘quo
773 1737 854 1772 loco
877 1748 1028 1782 possum
1051 1737 1174 1772 dicere
1199 1737 1239 1771 id
1259 1737 1359 1781 quod
1381 1766 1387 1771 .
1405 1766 1410 1772 .
1434 1738 1481 1772 M.
1498 1737 1649 1772 Crassus
1672 1766 1678 1771 .
1696 1766 1701 1772 .
1720 1766 1725 1772 .

158 1790 272 1835 paulo
293 1791 379 1824 ante
399 1789 495 1825 dixit
509 1791 677 1826 «utinam
690 1803 734 1826 rie
749 1820 755 1825 .
773 1820 779 1825 .
795 1792 897 1827 Pelio
918 1791 1068 1836 (peleo
1088 1790 1208 1836 Par.)»
1224 1792 1332 1836 (246).
1349 1802 1392 1826 ac
1409 1791 1557 1836 longius
1576 1792 1727 1836 quidem

158 1843 251 1878 mihi
275 1845 468 1878 contexere
490 1843 561 1879 hoc
584 1855 732 1879 carmen
753 1844 900 1879 liceret:
925 1855 1035 1881 «nam
1057 1857 1091 1879 n.
1114 1855 1177 1879 era
1200 1843 1294 1889 (Par.
1320 1855 1448 1879 eram
1471 1844 1546 1879 Erf.
1569 1844 1726 1889 Gembl.)

159 1907 307 1933 errans»
323 1898 419 1942 (253)
433 1897 530 1932 hanc
549 1897 761 1932 molestiam
780 1897 887 1933 nobis
902 1898 1095 1933 exhiberet
1108 1898 1264 1934 «Medea
1278 1898 1402 1933 animo
1417 1899 1495 1943 (me
1505 1898 1557 1932 de
1577 1898 1696 1932 anim
1706 1909 1726 1931 o

159 1950 255 1996 Par.)
276 1960 387 1996 aegro
408 1952 566 1996 (aegra
584 1951 686 1986 Harl.
703 1951 852 1997 Salisb.)
872 1962 992 1987 amore
1016 1962 1123 1987 saevo
1144 1951 1294 1987 saucia»
1310 1952 1435 1996 (254).’
1557 1951 1660 1986 Idem
1681 1951 1727 1985 de

159 2004 231 2038 inv.
246 2017 258 2037 1
271 2007 328 2046 49,
344 2006 387 2037 91
405 2003 608 2038 ‘remotum
621 2005 791 2049 estquod
803 2004 905 2039 ultra
924 2015 1037 2049 quam
1057 2004 1149 2039 satis
1170 2005 1227 2039 est
1245 2005 1428 2048 repetitur
1443 2032 1448 2038 .
1467 2033 1472 2038 .
1491 2032 1496 2038 .
1512 2004 1727 2039 huiusmodi

160 2058 217 2091 est
235 2056 303 2091 illa
323 2067 471 2100 quoque
491 2057 708 2102 conquestio
729 2059 902 2094 «utinam
920 2069 966 2092 ue
987 2086 993 2091 .
1011 2086 1016 2091 .
1038 2058 1141 2093 Pelio
1159 2058 1345 2092 securibus
1363 2069 1486 2093 caesae
1510 2058 1728 2093 accedissent

161 2109 430 2155 (..ccidisset
444 2109 573 2155 Sang.;
589 2121 678 2145 corr.
694 2111 979 2146 accidissent
997 2110 1055 2145 vel
1076 2110 1357 2145 cecidissent
1376 2111 1434 2146 vel
1452 2111 1726 2157 ccidissent)

161 2164 211 2198 ad
230 2162 447 2208 (abiegna
467 2163 522 2197 ad
534 2162 616 2197 Par.
632 2174 652 2198 e
672 2165 777 2209 corr.)
792 2167 814 2199 t.
829 2164 988 2199 trabes».
1003 2163 1152 2209 longius
1167 2163 1266 2198 enim
1280 2164 1442 2208 repetita
1462 2166 1518 2199 est
1537 2175 1650 2209 quam
1669 2175 1727 2200 res

160 2213 404 2262 postulabat)
538 2216 641 2251 Idem
662 2217 708 2252 de
726 2218 802 2252 nat.
822 2218 919 2252 deor.
938 2230 980 2251 111
1001 2220 1056 2259 30,
1073 2220 1116 2251 75
1139 2217 1303 2252 ‘utinam
1326 2217 1453 2263 igitur,
1480 2219 1523 2252 ut
1544 2217 1611 2252 illa
1635 2229 1727 2252 anus

161 2272 268 2316 optat
282 2282 348 2306 «rie
364 2300 369 2305 .
387 2300 392 2305 .
409 2273 511 2308 Pelio
523 2271 709 2307 securibus
724 2282 823 2306 caese
836 2271 1051 2306 accidissent
1063 2272 1131 2316 (ce
1140 2271 1257 2305 cidis
1266 2283 1281 2305 s
1292 2272 1368 2305 ent
1387 2282 1476 2306 corr⁴
1489 2271 1593 2306 Voss.
1606 2271 1650 2316 B)
1664 2273 1727 2306 ab·

160 2325 244 2370 iyue
266 2325 482 2371 (abiegne
509 2337 597 2360 corr.
616 2324 720 2359 Voss.
736 2325 780 2369 Β)
800 2325 850 2359 ad
870 2328 892 2358 t.
910 2324 1069 2366 trabes»,
1095 2324 1148 2358 sic
1166 2324 1279 2359 istam
1300 2324 1547 2359 calliditatem
1567 2324 1726 2359 homini-

161 2377 230 2411 bus
250 2378 288 2412 di
308 2389 354 2412 ne
374 2379 591 2414 dedissent.'
723 2377 839 2412 Varro
866 2378 912 2411 de
937 2377 960 2411 l.
982 2378 1020 2411 L.
1042 2390 1093 2412 v11
1116 2381 1160 2411 33
1184 2378 1259 2412 ‘sic
1285 2378 1427 2412 dictum
1448 2389 1470 2412 a
1490 2378 1724 2422 quibusdam,

161 2432 204 2465 ut
222 2442 297 2465 una
317 2442 437 2475 cauete,
458 2443 534 2467 una
553 2432 701 2468 «trabes
721 2431 832 2465 remis
851 2432 1013 2466 rostrata
1031 2441 1098 2475 per
1117 2431 1259 2467 altum»
1277 2434 1375 2476 (ann.
1391 2433 1484 2476 616).
1500 2431 1642 2466 Ennius
1663 2436 1727 2468 «ut

161 2485 203 2518 iu
223 2496 328 2520 amne
344 2513 349 2519 .
367 2515 373 2520 .
384 2486 485 2530 polio
503 2486 689 2522 securibus
707 2496 787 2520 cesa
806 2484 1013 2529 succidisset
1034 2484 1190 2531 abieyua
1210 2484 1259 2519 ad
1278 2489 1301 2520 t.
1317 2485 1476 2520 trabes»⁴
1499 2485 1604 2519 cuius
1624 2485 1726 2520 verbi

284 2634 367 2672 250
390 2634 530 2672 Veram
548 2635 783 2681 scripturam
802 2644 900 2681 quae
917 2635 1072 2671 servata
1086 2635 1140 2671 est
1151 2635 1194 2671 iu
1208 2634 1320 2671 Tusc.
1333 2634 1431 2681 disp.
1447 2635 1481 2670 et
1493 2644 1610 2680 quam
1623 2633 1724 2670 Hal-

163 2694 264 2730 mius
283 2687 407 2746 (anal.
431 2693 530 2731 Tull.
545 2705 558 2729 1
571 2705 614 2740 p.
635 2687 704 2745 16)
726 2694 920 2730 coustituit
944 2694 1037 2742 quia
1061 2692 1202 2744 Argivi
1227 2695 1269 2730 in
1295 2705 1341 2730 ea
1360 2692 1501 2730 delecti
1521 2693 1597 2729 viri
1611 2691 1725 2729 Vecti

163 2752 350 2800 petebant
374 2753 517 2802 pellem
542 2752 791 2799 manifestum
816 2754 914 2789 esta
933 2752 1070 2800 quibus
1088 2753 1299 2800 principiis
1324 2754 1403 2789 orsi
1422 2751 1581 2789 liberius
1600 2753 1725 2788 muta-

165 2813 245 2848 tum
263 2812 402 2849 iverint
426 2824 504 2860 qua
525 2806 618 2864 (pro
639 2805 751 2863 quia)
771 2812 875 2849 vecti
893 2810 1033 2862 Argivi
1058 2811 1199 2849 delecti
1218 2812 1307 2855 viri,
1331 2811 1467 2848 deiude
1491 2821 1539 2848 ue
1563 2821 1725 2847 mancus

166 2872 260 2907 esset
277 2881 410 2909 rersus
429 2871 526 2908 alter
544 2870 736 2908 Petebant
754 2870 888 2907 illam
908 2870 1050 2920 pellem

1374 2938 1412 2969 11
1424 2935 1442 2956 *
