2054 3282
324 158 382 200 40
868 152 1127 189 ANNALIUM
1151 151 1238 187 Lm.
1259 150 1327 186 vn

1075 269 1128 304 [Π

43 334 412 403 Οξξζξὲῗὲὲξξὸ220
986 330 1154 372 Poenos
1180 327 1307 371 Sarra
1333 329 1535 372 oriundos

133 425 230 444 III—V
1075 410 1127 446 IV

324 476 407 518 221
441 474 574 516 Poeni
604 487 699 517 suos
722 473 834 516 soliti
858 472 924 515 dis
949 471 1185 514 sacrificare
1216 470 1384 526 puellos

1080 551 1115 587 V

322 616 408 658 222
441 614 588 666 Qualis
620 614 808 656 consiliis
840 615 1132 669 quantumque
1164 615 1355 668 potesset
1386 613 1432 656 in
1463 614 1591 656 armis

1072 693 1124 729 V1

89 745 275 813 ξξζῗοᾞζῐ
323 757 409 799 223
441 755 608 811 Appius
640 755 796 797 indixit
827 754 1258 811 Karthaginiensibus
1282 755 1455 798 bellum.

101 827 262 853 PRIMUM
1066 836 1135 871 -V-[I

115 874 254 894 VI—xxv

324 898 411 940 224
441 897 681 952 Explorant
711 896 924 940 Numidae
954 899 1113 940 totum:
1145 898 1285 953 quatit
1308 897 1471 955 ungula
1501 901 1658 940 terram

322 1014 439 1050 Ennio
461 1014 525 1059 qui
545 1014 646 1049 dicat
664 1014 704 1048 in
721 1013 868 1061 l.1[Ln]
890 1025 973 1049 cum
993 1026 1078 1050 suas
1090 1014 1211 1060 magis
1224 1015 1396 1050 videatur
1415 1014 1636 1060 significare,
1656 1015 1768 1050 sicuti
1788 1015 1884 1049 eius-

323 1069 407 1103 dem
425 1067 448 1102 1.
463 1081 515 1103 vn
528 1067 721 1104 fatendum
735 1069 792 1102 est
804 1078 887 1102 eam
900 1068 1103 1114 significari
1123 1079 1207 1103 cum
1226 1068 1281 1103 ait
1300 1079 1386 1105 «nec
1405 1068 1603 1112 quisquam
1616 1069 1886 1112 philosophiam

322 1132 413 1166 qaae
433 1121 599 1156 doctrina
618 1122 761 1156 Latina
779 1121 911 1168 linqua
928 1132 1004 1157 riori
1021 1122 1127 1157 habet
1151 1121 1338 1167 sapientia
1357 1131 1453 1166 quae
1466 1120 1666 1166 peribetur,
1687 1121 1727 1155 in
1747 1121 1885 1156 somnis

324 1203 329 1209 .
347 1202 353 1209 .
371 1203 377 1209 .
399 1174 546 1221 cepit».⁷
567 1174 704 1209 Paulus
727 1175 828 1209 ‘sam
847 1185 939 1209 eam.
960 1174 1062 1209 idem
1081 1174 1222 1209 Ennius
1243 1186 1311 1211 «rie
1336 1174 1535 1219 quisquam
1555 1175 1824 1219 philosophiam
1844 1174 1885 1209 in

323 1227 459 1263 somnis
475 1255 482 1262 .
499 1256 505 1261 .
522 1255 528 1261 .
545 1227 716 1272 coepit».'

438 1281 488 1314 ΙΠ
514 1282 609 1326 (220)
659 1280 800 1316 Probus
829 1281 869 1316 in
897 1292 1022 1327 georg.
1048 1295 1077 1316 11
1103 1284 1171 1316 506
1196 1294 1232 1327 p.
1255 1285 1310 1325 53,
1326 1285 1368 1316 21
1389 1280 1484 1316 Keil.
1516 1280 1695 1316 ‘Sarrano
1725 1281 1887 1316 dormiat

323 1335 437 1369 ostro:
458 1334 610 1378 Tyriam
622 1346 826 1379 purpuram
839 1335 919 1370 vult
931 1335 1095 1380 intelligi
1109 1335 1310 1370 Sarranum
1322 1336 1472 1370 ostrum.
1488 1334 1612 1379 Tyron
1625 1334 1724 1369 enim
1739 1334 1886 1369 Sar-ram

323 1387 550 1432 appellatam
574 1387 755 1422 Homerus
782 1388 905 1431 docet,
933 1399 1044 1432 quem
1068 1388 1183 1423 etiam
1207 1388 1349 1423 Ennius
1376 1387 1543 1432 sequitur
1568 1389 1775 1431 auctorem,
1802 1399 1886 1423 cum

324 1440 415 1475 dicit
434 1440 598 1476 «Poenos
619 1440 728 1476 Sarra
747 1441 973 1478 oriundos».’
996 1441 1048 1476 Cf.
1065 1445 1132 1476 290
1156 1441 1318 1476 ‘Poenos
1338 1441 1483 1476 Didone
1502 1441 1704 1476 oriundos’.
1725 1440 1774 1475 Et
1791 1441 1886 1475 illud

323 1504 469 1538 quoque
494 1505 569 1528 non
593 1505 666 1529 uno
692 1494 773 1529 loco
798 1495 888 1540 poni
913 1496 1071 1540 poterat,
1099 1495 1164 1529 sed
1190 1496 1246 1529 est
1270 1494 1410 1530 indicio
1436 1494 1598 1529 Ennium
1623 1494 1669 1529 de
1695 1494 1805 1529 Sarra
1828 1494 1887 1529 vel

323 1547 418 1592 Tyro
439 1547 582 1592 origine
602 1546 967 1593 Carthaginiensium
988 1548 1120 1594 egisse.

440 1600 491 1635 IV
510 1601 606 1646 (221)
650 1601 781 1635 Festus
806 1613 841 1646 p.
870 1605 1008 1645 324,17
1030 1601 1095 1635 Th.
1129 1600 1266 1646 ‘puelli
1293 1611 1361 1646 per
1390 1601 1683 1636 deminutionem
1712 1611 1735 1636 a
1761 1601 1886 1646 pueris

325 1653 415 1688 dicti
436 1655 530 1688 sunt.
551 1654 680 1698 itaque
700 1655 738 1689 et
756 1654 898 1689 Ennius
919 1654 973 1689 ait
993 1655 1218 1700 «periisolitis
1236 1665 1303 1690 uos
1328 1666 1354 1689 s.
1375 1653 1569 1699 puellos».'
1590 1654 1728 1689 Paulus
1751 1653 1887 1699 ‘puelli

323 1707 429 1751 pueri
447 1718 514 1752 per
533 1707 835 1742 deminutionem.
850 1708 991 1742 Ennius
1012 1708 1152 1744 «Poeni
1170 1708 1269 1743 soliti
1281 1718 1365 1743 suos
1383 1719 1409 1741 S.
1424 1707 1511 1752 p.».’
1592 1706 1735 1742 Nonius
1754 1719 1789 1752 p.
1808 1710 1886 1751 158,

328 1763 371 1794 20
388 1760 551 1805 ‘puellos
564 1771 709 1806 pueros.
720 1760 837 1796 Varro
853 1789 859 1795 .
877 1790 883 1796 .
899 1761 1063 1796 Lucilius
1079 1789 1085 1795 .
1103 1789 1108 1795 .
1124 1760 1317 1796 Lucretius
1333 1789 1338 1794 .
1357 1789 1362 1795 .
1378 1760 1519 1795 Ennius
1535 1771 1640 1796 «suos
1653 1761 1748 1796 divis
1761 1760 1884 1806 s.p.».'

445 1813 496 1848 Cf.
517 1813 680 1848 Iustinus
699 1827 790 1849 xvm
811 1818 842 1858 6,
859 1818 921 1858 123
940 1827 1002 1848 m
1023 1818 1053 1858 1,
1071 1817 1124 1848 10.
1147 1813 1297 1849 Orosius
1317 1827 1354 1848 1v
1375 1817 1405 1856 6,
1422 1817 1452 1848 3.

445 1866 478 1900 V
493 1868 588 1912 (222)
622 1866 771 1902 Orosius
785 1881 823 1903 1v
837 1871 868 1910 6,
884 1871 926 1902 21
943 1869 1001 1913 (ex
1013 1867 1154 1902 Iustino
1168 1880 1230 1901 xm
1245 1871 1276 1910 6,
1287 1868 1320 1912 1)
1337 1867 1442 1912 ‘post
1454 1866 1548 1902 haec
1562 1866 1887 1913 Carthaginienses

328 1930 410 1954 cum
436 1919 574 1964 Tyrum
598 1920 728 1955 urbem
754 1922 943 1956 auctorem
969 1920 1124 1966 originis
1150 1931 1239 1955 suae
1265 1920 1312 1954 ab
1337 1919 1547 1955 Alexandro
1573 1931 1710 1966 magno
1739 1922 1889 1965 captam

328 1982 564 2017 eversamque
591 1973 819 2016 didicissent,
846 1974 1020 2009 timentes
1044 1974 1244 2009 transitum
1270 1973 1348 2007 eius
1373 1973 1413 2008 in
1431 1972 1598 2008 Africam
1616 1972 1792 2017 futurum,
1812 1973 1889 2008 Ha-

327 2025 516 2060 milcarem
527 2026 714 2070 quendam
725 2029 968 2073 cognomento
979 2027 1203 2062 Rhodanum
1213 2027 1332 2061 virum
1341 2025 1519 2061 facundia
1529 2026 1769 2071 sollertiaque
1780 2037 1888 2072 prae-

329 2078 477 2123 cipuum
503 2079 551 2114 ad
576 2080 863 2124 perscrutandos
888 2081 1091 2115 Alexandri
1117 2081 1221 2115 actus
1248 2080 1481 2114 direxerunt’
1508 2090 1582 2123 eqs.
1603 2079 1646 2114 In
1669 2080 1747 2114 cod.
1767 2079 1888 2115 Orosii

330 2131 491 2177 Sangall.
508 2136 573 2167 621
596 2144 689 2168 saec.
705 2146 728 2168 x
746 2144 860 2168 manu
879 2134 1137 2169 Ekkehartiw
1157 2134 1204 2168 ad
1225 2133 1438 2168 sollertia
1459 2161 1465 2167 .
1483 2161 1512 2167 ..
1535 2133 1804 2168 direxerunt
1823 2133 1888 2168 ad-

330 2190 468 2234 scripta
488 2193 574 2226 sunt
592 2192 764 2227 ‘Ennius
781 2193 933 2235 «Qualis
954 2192 1080 2229 &siliis
1103 2188 1228 2238 q'ntfiq,
1261 2194 1427 2238 potesset
1446 2192 1485 2227 in
1512 2193 1674 2238 arm1s».’
1755 2192 1811 2226 Ex
1829 2192 1887 2227 his

331 2249 472 2283 duobus
486 2251 709 2286 testimoniis
724 2254 774 2297 (1v
787 2253 826 2287 et
837 2253 873 2298 v)
887 2252 1047 2287 maxime
1059 2252 1297 2297 perspicuum
1310 2252 1353 2286 fit
1365 2251 1526 2286 Ennium
1540 2262 1697 2296 quoque,
1708 2253 1751 2286 ut
1763 2251 1888 2286 Livius

331 2302 503 2346 (perioch.
517 2314 561 2338 ex
579 2304 643 2339 lib.
655 2306 729 2350 xw)
751 2306 788 2340 et
806 2305 969 2340 Iustinus
985 2307 1088 2351 (xvm
1102 2307 1147 2351 3),
1169 2305 1215 2339 de
1235 2304 1379 2350 origine
1399 2304 1637 2350 Carthaginis
1662 2304 1771 2339 initio
1797 2303 1887 2339 belli

330 2354 461 2389 Punici
480 2356 591 2391 verba
609 2357 751 2393 fecisse.

450 2407 500 2442 VI
513 2410 607 2454 (223)
637 2410 762 2446 Cicero
778 2412 824 2446 de
837 2412 908 2446 inv.
923 2425 937 2446 1
953 2415 1007 2455 19,
1020 2415 1063 2446 27
1080 2411 1257 2446 ‘historia
1270 2412 1326 2445 est
1339 2411 1446 2456 gesta
1458 2421 1516 2445 res
1530 2410 1578 2445 ab
1592 2411 1727 2445 aetatis
1740 2411 1889 2446 nostrae

330 2461 509 2496 memoria
518 2465 669 2507 remota,
681 2465 781 2508 quod
794 2475 911 2510 genus
923 2465 1089 2510 «Appius
1102 2465 1125 2499 i.
1138 2463 1514 2509 Karthaginiensibus
1532 2465 1570 2508 (c
1579 2465 1677 2498 arta
1684 2463 1762 2509 gin
1769 2474 1789 2498 e
1796 2475 1821 2498 n
1829 2475 1844 2497 s
1853 2463 1866 2498 i
1874 2484 1889 2490 -

331 2513 412 2548 bus
431 2514 556 2559 pauci)
579 2515 767 2553 bellum»)
790 2518 902 2553 Ennii
921 2529 1066 2553 versum
1086 2517 1208 2553 editor
1226 2516 1431 2562 Lipsiensis
1451 2527 1483 2551 a.
1500 2519 1591 2551 1825
1612 2516 1775 2561 agnovit.

450 2566 518 2602 VII
531 2569 626 2613 (224)
658 2569 868 2606 Macrobius
883 2571 957 2606 Sat.
972 2584 1010 2606 v1
1025 2575 1056 2615 1,
1065 2574 1109 2605 22
1123 2571 1134 2588 ‘
1144 2570 1453 2615 quadrupedante
1466 2570 1614 2614 putrem
1627 2569 1751 2603 sonitu
1765 2569 1889 2614 quatit

333 2705 460 2753 beryio
472 2705 626 2753 placuit
643 2706 736 2743 conl.
750 2705 914 2744 Senecae
934 2708 1038 2755 epist.
1055 2704 1123 2755 89,
1139 2714 1176 2754 7,
1197 2707 1245 2744 ab
1264 2705 1392 2744 Ewnii
1409 2705 1535 2744 verbis
1553 2705 1767 2752 seyreyavit

332 2763 552 2813 peribetur:
577 2765 623 2812 cf.
644 2763 924 2803 Lachmasmius
949 2767 1001 2804 ad
1025 2765 1144 2804 Lacr.
1164 2777 1211 2803 m
1233 2773 1313 2813 597
1468 2765 1550 2802 221
1579 2775 1668 2802 suos
1695 2763 1803 2802 soliti
1829 2762 1888 2801 dis

334 2824 474 2871 scripsi
493 2823 551 2862 dis
572 2824 680 2862 soliti
699 2835 761 2862 sos
780 2823 939 2872 Haqias
1066 2825 1150 2862 224
1169 2826 1298 2863 totum
1317 2824 1443 2869 tenui‚·
1462 2823 1688 2871 intelligitur
1707 2834 1889 2872 campum

334 2881 554 2932 Explorant
571 2882 767 2922 Numidae
784 2884 915 2922 totum
