2004 3278
282 205 473 242 CLXXXII
794 202 837 237 H.
865 201 929 236 DE
948 199 1102 235 LIBRIS
1122 199 1354 235 ENNIANIS

283 321 341 355 tor
365 316 466 364 quod
492 316 651 363 quisquc
675 315 718 352 in
744 314 838 352 bello
860 314 978 362 gessit
1002 325 1089 351 cum
1112 323 1198 361 reqe
1222 312 1415 360 Philippo,
1447 313 1503 351 sic
1535 313 1653 351 initio
1685 313 1843 363 septimi

282 374 483 426 probabile
510 375 568 411 est
594 373 813 423 professum
839 385 933 421 esse,
958 384 998 410 se
1017 371 1118 410 velle
1139 371 1266 409 dicere
1285 370 1433 409 bellum
1453 368 1717 411 ‘acerrimum'
1739 371 1844 421 quod

284 434 453 471 Romani
479 445 567 470 cum
594 431 985 482 Carthaginiensibus
1011 432 1225 482 gesserunt,
1258 431 1368 469 cuius
1394 432 1650 481 asperitatem
1677 431 1843 470 fortasse

283 492 461 543 pluribus
494 491 622 530 verbis
656 492 899 540 expresserat
928 492 970 528 in
1002 503 1091 528 eum
1121 490 1283 528 modum
1316 502 1432 539 quem
1456 489 1644 540 Polybius
1663 503 1678 528 1
1700 491 1766 538 13,
1789 492 1840 528 11

285 552 422 590 scribit
447 548 535 590 οὔτε
560 549 633 602 γὰρ
659 549 1018 602 πολυχρονιώτερον
1051 549 1192 588 τούτου
1224 548 1395 599 πόλεμον
1425 547 1554 600 εὑρεῖν
1586 545 1724 603 ῥᾴδιον
1756 547 1844 588 οὔτε

287 608 534 662 παρασκευὰς
555 607 867 661 ὁλοσχερεστέρας
887 606 974 647 οὔτε
995 606 1262 660 συνεχεστέρας
1281 608 1438 660 πράξεις
1458 606 1547 647 οὔτε
1566 608 1724 655 πλείους
1744 606 1844 660 ἀγῶ-

285 685 357 716 νας
377 666 465 708 οὔτε
484 668 723 721 περιπετείας
744 669 897 718 μείζους
923 673 999 706 τῶν
1019 666 1061 706 ἐν
1080 670 1131 722 τῷ
1150 666 1417 723 προειρημένῳ
1437 666 1590 723 πολέμῳ
1611 667 1845 719 συμβάντων

283 726 477 780 ἑκατέροις
505 723 606 781 (cf.1
628 729 695 776 63,
715 722 771 781 4).
804 727 860 766 Ut
892 728 940 765 ab
971 727 1045 766 hoc
1077 727 1235 765 exordio
1262 727 1413 766 Ennius
1445 729 1485 765 et
1517 727 1564 765 ab
1596 727 1772 766 indicata
1801 740 1845 765 re

284 801 401 837 quam
429 789 563 838 ageret
588 789 770 838 pergeret
796 787 846 825 ad
873 799 937 825 eos
965 788 1033 835 qui
1059 786 1222 825 eandem
1247 799 1331 824 rem
1357 787 1448 825 ante
1478 788 1727 825 tractassent.
1760 786 1846 831 Qua

286 847 333 885 de
360 859 477 885 causa
503 859 590 884 cum
609 846 754 884 Naevii
774 858 930 884 carmen
950 848 1197 894 memoraret,
1222 846 1413 884 iudicium
1433 846 1479 884 de
1500 859 1544 884 eo
1564 847 1682 896 poeta
1702 846 1847 884 adiecit

283 919 432 955 suaque
452 907 594 944 merita
620 907 810 955 exposuit.
836 905 949 943 Unde
976 917 1064 943 011111
1089 907 1228 943 natum
1254 907 1306 944 sit
1328 918 1368 954 11,
1394 906 1467 943 hoc
1488 905 1591 954 quod
1612 918 1658 943 ex
1677 906 1846 955 septimo

287 967 346 1004 est
371 966 549 1013 allatum,
578 965 657 1003 illis
685 977 839 1014 quoque
867 977 981 1003 suum
1005 965 1136 1002 locum
1161 964 1348 1003 vindicat.

401 1024 516 1062 Nunc
528 1036 632 1062 nova
645 1036 715 1062 nec
730 1025 872 1074 exigua
892 1025 1061 1062 materia
1079 1024 1198 1062 huius
1218 1024 1311 1061 libri
1330 1024 1529 1073 prooemio
1550 1025 1724 1073 accessit,
1747 1036 1847 1072 quae

284 1084 380 1122 olim
395 1096 418 1121 a
434 1096 495 1121 me
516 1085 697 1134 cognosci
715 1096 793 1121 non
814 1084 956 1133 potuit.
978 1082 1054 1127 Qui
1074 1083 1178 1120 enim
1193 1081 1323 1121 Orosii
1344 1083 1471 1121 verbis
1493 1077 1563 1135 (ad
1576 1096 1602 1122 v
1617 1077 1846 1134 adscriptis)

276 1146 367 1191 post
384 1144 476 1181 haec
498 1142 835 1191 Oartlcaqinienses
855 1154 940 1180 cum
963 1143 1109 1190 Tyrum
1127 1143 1260 1180 urbem
1280 1145 1472 1180 auctorem
1492 1143 1654 1190 oriqinis
1679 1154 1773 1180 suae
1799 1143 1847 1180 ab

283 1201 509 1241 Alexandro
525 1213 664 1250 maqno
679 1205 832 1249 captam
846 1213 1090 1249 eversamque
1103 1202 1337 1243 didicissent,
1358 1203 1527 1239 timentes
1541 1203 1749 1239 transitum
1767 1203 1849 1239 eius

283 1263 325 1299 in
332 1261 513 1309 Africam
526 1262 716 1308 futurum,
730 1261 998 1299 Hamilcarem
1012 1261 1203 1308 quendam
1217 1264 1457 1309 coqnomento
1471 1260 1707 1298 Rhodanum
1719 1262 1848 1298 virum

284 1320 474 1368 facundia
493 1320 736 1368 sollertiaque
748 1322 1009 1368 praecipuum
1030 1320 1082 1358 ad
1095 1320 1398 1368 perscrutandos
1417 1319 1637 1358 Alexandri
1660 1323 1768 1358 actus
1791 1320 1848 1358 di-

284 1382 465 1418 reoeerunt
478 1379 697 1416 Ekkeharti
717 1391 836 1416 manu
857 1380 1143 1429 superscriptus
1164 1380 1223 1418 est
1242 1379 1283 1417 in
1304 1379 1433 1417 codice
1450 1378 1699 1430 Sangallensi
1715 1391 1849 1417 versus

286 1439 422 1487 Qualis
436 1439 606 1476 consiliis
620 1441 880 1486 quantumque
886 1441 1052 1486 potesset
1064 1440 1107 1476 in
1122 1440 1243 1476 armis
1256 1433 1330 1491 (v),
1345 1439 1454 1476 cuius
1469 1439 1705 1476 sententiam
1719 1437 1850 1477 Orosii

284 1497 405 1535 verba
436 1497 694 1547 patefaciunt,
727 1498 941 1535 certissime
974 1498 1119 1547 prodit,
1159 1497 1262 1546 quod
1295 1500 1413 1535 antea
1448 1498 1540 1536 sciri
1571 1510 1650 1536 non
1681 1499 1850 1548 poterat,

288 1556 462 1594 Ennium
486 1557 647 1594 initium
672 1556 812 1594 Punici
836 1557 931 1595 belli
957 1569 980 1594 a
1004 1555 1119 1595 rebus
1147 1556 1539 1607 Carthaginiensibus
1558 1556 1713 1595 fecisse:
1739 1557 1850 1595 nulla

287 1617 391 1654 enim
417 1616 496 1653 alia
521 1616 563 1653 in
588 1617 701 1665 parte
719 1617 897 1654 narratio
917 1616 1007 1664 ista,
1033 1629 1078 1654 ex
1099 1629 1178 1665 qua
1196 1618 1402 1666 promptus
1424 1617 1482 1654 est
1500 1618 1534 1654 is
1556 1629 1701 1664 versus,
1719 1617 1850 1654 locum

287 1675 430 1712 habere
457 1675 606 1724 potuit,
630 1676 688 1712 ita
714 1674 918 1724 probabile
944 1674 990 1712 fit
1008 1675 1182 1712 Ennium
1204 1675 1308 1713 idem
1326 1675 1545 1714 instituisse
1567 1675 1669 1724 quod
1690 1674 1850 1713 Livium

286 1733 400 1772 initio
424 1746 555 1771 rerum
580 1734 819 1771 Punicarum
844 1734 980 1772 fecisse
1007 1734 1191 1784 periocha
1215 1734 1309 1772 libri
1328 1747 1396 1773 XVI
1416 1735 1528 1772 testis
1549 1736 1607 1772 est
1626 1736 1731 1783 oriqo
1755 1734 1850 1773 Oar-

287 1794 588 1841 thaqiniensium
615 1795 647 1831 et
664 1794 889 1840 primordia
913 1793 1022 1831 urbis
1048 1805 1179 1831 eorum
1203 1795 1437 1841 referuntur,
1470 1796 1510 1831 et
1541 1794 1646 1843 quod
1674 1794 1850 1832 Iustinus

286 1864 386 1891 xvm
409 1852 432 1889 3
466 1852 521 1889 Et
553 1853 738 1899 quoniam
769 1852 821 1890 ad
856 1851 1236 1901 Carthaginiensium
1268 1855 1494 1891 mentionem
1525 1856 1679 1891 ventum
1716 1856 1769 1891 est
1806 1854 1851 1891 de

287 1913 434 1959 oriqine
448 1922 578 1949 eorum
590 1923 725 1958 pauca
745 1911 907 1950 dicenda
925 1914 1027 1956 sunt,
1045 1913 1214 1959 repetitis
1237 1912 1443 1960 Tyriorum
1458 1912 1579 1959 paulo
1594 1913 1712 1950 altius
1726 1913 1850 1957 rebus,

288 1972 328 2008 et
354 1968 514 2008 Orosius
540 1971 624 2019 ipse
644 1983 686 2009 1v
708 1971 782 2018 6,1
812 1970 998 2020 Pompeio
1026 1971 1154 2020 Trogo
1182 1972 1221 2009 et
1245 1970 1398 2009 Iustino
1425 1973 1583 2009 auctore
1609 1975 1643 2009 et
1667 1973 1851 2019 quoniam

288 2041 331 2068 ex
355 2030 424 2068 hoc
447 2031 529 2067 iam
553 2030 706 2068 Punica
732 2030 830 2068 bella
854 2030 1072 2075 succedunt,
1097 2042 1158 2068 res
1183 2031 1271 2078 ipsa
1297 2032 1412 2079 exiqit
1435 2033 1477 2068 ut
1502 2031 1548 2068 dc
1571 2030 1804 2079 Carthaqinc
1822 2061 1829 2068 .
1847 2061 1855 2068 .

281 2101 416 2136 pauca
440 2090 674 2136 referantur.
703 2088 817 2126 Alter
841 2101 976 2127 versus
1004 2102 1120 2138 quem
1145 2089 1205 2126 illi
1230 2102 1333 2127 nunc
1360 2089 1494 2127 addidi
1522 2083 1599 2142 (tv)
1620 2090 1739 2128 Poeni
1760 2101 1851 2128 suos

286 2149 390 2186 soliti
420 2148 481 2185 dis
512 2149 736 2195 sacrificare
760 2149 912 2196 puellos
944 2161 1014 2198 per
1045 2160 1084 2187 se
1117 2149 1200 2186 eius
1232 2149 1290 2186 rei
1321 2148 1436 2186 fidem
1468 2149 1596 2186 facere
1628 2161 1706 2186 non
1741 2150 1848 2198 pote-

289 2208 363 2254 rat,
397 2220 511 2255 quem
538 2207 633 2244 olim
658 2208 700 2244 in
725 2220 798 2245 vin
825 2207 960 2245 annali
985 2209 1100 2257 posui
1125 2209 1164 2245 et
1190 2208 1239 2245 ad
1264 2207 1412 2245 bellum
1437 2208 1743 2246 Hannibalicum
1774 2210 1850 2245 ret-

288 2266 366 2303 tuli
391 2268 550 2303 auctore
578 2265 675 2304 Silio
695 2266 835 2304 Italico
856 2279 897 2305 1v
920 2267 1001 2305 765
1030 2278 1108 2305 ecce
1134 2270 1261 2305 autem
1279 2270 1414 2314 patres
1434 2268 1599 2305 aderant
1620 2261 1853 2315 Carthaqine

288 2327 420 2371 missi;
451 2336 571 2363 causa
596 2327 682 2364 viae
706 2337 785 2363 non
803 2338 936 2373 parva
960 2327 1057 2364 viris
1081 2338 1149 2364 nec
1175 2327 1276 2364 lacta
1300 2327 1484 2373 ferebant.
1510 2337 1591 2364 mos
1616 2327 1694 2374 fuit
1717 2328 1760 2364 in
1778 2337 1850 2373 po-

281 2384 403 2432 pulis,
435 2395 528 2432 quos
553 2384 725 2423 condidit
749 2385 900 2423 advena
926 2386 1043 2430 Dido,
1067 2397 1225 2433 poscere
1257 2385 1369 2423 caede
1400 2385 1488 2423 deos
1519 2387 1672 2423 veniam
1703 2397 1749 2423 ac
1778 2386 1850 2432 fla-

286 2444 490 2491 yrantibus
515 2445 597 2481 aris
622 2444 833 2492 infandum
858 2445 962 2483 dictu
986 2456 1134 2492 parvos
1164 2446 1357 2491 imponere
1387 2447 1498 2482 natos
1520 2474 1527 2481 .
1549 2474 1557 2481 .
1577 2446 1640 2482 cui
1664 2446 1745 2492 fato
1769 2455 1851 2482 sor-

289 2503 390 2549 tique
403 2502 516 2540 deum
530 2503 575 2540 de
587 2514 691 2541 more
698 2504 852 2551 petebat
863 2504 1106 2542 Hannibalis
1112 2504 1263 2551 prolem
1277 2503 1422 2541 disco-rs
1436 2504 1649 2550 antiquitus
1663 2504 1849 2541 Hannon.

290 2560 402 2605 Quod
421 2561 727 2609 vituperandum
746 2575 824 2600 non
844 2564 945 2601 erat:
966 2575 1057 2600 nam
1078 2562 1228 2600 Ennius
1249 2564 1352 2600 certe
1371 2574 1448 2599 non
1468 2563 1598 2599 minus
1619 2564 1709 2611 apte
1732 2575 1851 2610 quam

292 2619 411 2657 Silius
443 2621 576 2669 potuit
607 2634 652 2659 ea
684 2623 886 2660 occasione
911 2622 1028 2660 huius
1054 2623 1175 2660 moris
1200 2621 1420 2659 Poenorum
1445 2622 1685 2658 mentionem
1710 2621 1849 2658 facere.

289 2678 404 2716 Nunc
430 2690 518 2716 cum
544 2680 668 2718 altero
691 2682 790 2718 teste
810 2683 963 2719 constet
982 2681 1157 2719 Ennium
1176 2680 1218 2718 in
1237 2679 1394 2718 exordio
1413 2679 1509 2717 belli
1529 2679 1667 2717 Punici
1688 2678 1850 2718 Cartha-

290 2738 393 2788 ginis
418 2749 479 2775 res
507 2737 555 2775 ab
581 2740 732 2789 origine
757 2741 972 2789 repetiisse,
999 2752 1076 2778 non
1103 2742 1162 2778 est
1188 2739 1293 2789 quod
1318 2739 1380 2776 illi
1404 2740 1536 2777 versui
1565 2739 1688 2776 alium
1720 2739 1849 2776 locum

292 2808 537 2845 quaeramus,
563 2809 607 2835 eo
632 2799 762 2836 minus
789 2799 893 2847 quod
919 2801 959 2836 et
977 2798 1152 2837 Iustinus
1178 2800 1218 2836 et
1238 2797 1398 2836 Orosius
1423 2799 1465 2835 in
1490 2798 1561 2835 illa
1586 2799 1699 2847 parte
1725 2798 1770 2834 ut
1788 2810 1849 2835 res

291 2855 531 2893 Hamilcaris
557 2856 738 2894 Rhodani
764 2852 920 2910 (Iustin.
942 2870 1011 2895 XXI
1033 2859 1070 2906 6,
1093 2853 1135 2911 l)
1164 2859 1218 2895 sic
1243 2857 1359 2895 illum
1383 2869 1531 2894 morem
1552 2855 1849 2906 Carthaginien-

292 2914 394 2952 sium
421 2908 547 2967 (Oros.
569 2928 611 2954 1v
632 2916 670 2964 6,
691 2917 727 2954 3.
754 2916 892 2955 Iustin.
913 2929 1014 2955 xvm
1036 2918 1072 2966 6,
1095 2911 1167 2970 12)
1196 2917 1558 2955 commemorarunt.
