2054 3282
539 194 910 231 PROTREPTICUS.
938 193 1350 230 HEDYPHAGETICA
1642 194 1727 235 219

165 317 221 360 35
283 317 426 359 Mures
452 318 553 358 sunt
577 315 688 358 Aeni
714 329 938 371 asperaque
963 318 1103 358 ostrea
1127 314 1312 370 plurima
1337 313 1493 370 Abydi.

282 387 514 443 Mitylenae
539 389 603 429 est
628 390 780 442 pecten
805 386 1109 441 caradrumque
1136 386 1248 441 apud
1274 386 1531 428 Ambraciae
1556 385 1667 427 finis.

164 459 218 501 37
282 458 502 500 Brundisii
528 472 676 514 sargus
702 458 840 500 bonus
866 459 942 513 est,
968 458 1082 499 hunc
1107 471 1287 513 magnus
1316 456 1352 499 si
1378 457 1459 499 erit
1484 471 1614 499 sume.

282 529 537 585 Apriculum
562 529 722 584 piscem
749 528 855 570 scito
881 528 1069 583 primum
1096 542 1186 570 esse
1212 527 1394 570 Tarenti.

282 600 475 642 Surrenti
501 599 665 655 elopem
690 599 757 641 fac
783 614 909 654 emas,
936 599 1219 655 glaucumque
1246 601 1349 653 aput
1376 597 1541 640 Cumas.

163 672 221 713 40
283 671 395 722 Quid
421 685 587 714 scarum
616 670 816 725 praeterii
844 670 1063 713 cerebrum
1090 668 1205 712 Iovis
1231 684 1365 725 paene
1391 669 1597 725 supremi:

163 824 186 858 d
194 824 313 869 ypha
321 823 417 869 geti
426 835 444 858 c
453 834 475 858 a
492 823 580 858 olim
593 822 798 868 repositum
813 822 1013 867 scripsisse,
1030 822 1105 857 sive
1118 821 1211 857 haec
1225 822 1337 857 Ennii
1350 820 1544 867 inscriptio
1559 823 1639 857 erat
1653 821 1729 857 sive

162 879 249 922 non)
264 876 429 912 versibus
450 876 610 922 (afis1b;
630 876 740 921 Flor.)
762 875 920 921 scripsit.
936 875 1225 910 innumerabilia
1245 886 1382 921 genera
1400 875 1560 920 piscium
1580 886 1728 910 enume-

162 932 230 973 rat,
252 940 347 974 quae
368 930 512 964 scilicet
529 930 671 964 curiose
686 930 873 974 cognorat.
889 940 1028 974 paucos
1041 940 1166 964 versus
1186 928 1350 971 memini,
1366 939 1427 964 eos
1448 928 1570 963 dicam
1588 928 1728 963 «omni-

163 983 231 1018 bus
247 985 318 1028 (34)
336 1013 341 1018 .
356 1011 362 1017 .
377 1012 382 1017 .
399 983 520 1018 echini
535 984 641 1029 (44)».
658 982 751 1017 alios
766 982 880 1018 etiam
893 982 1021 1017 multis
1036 982 1201 1017 versibus
1216 982 1415 1024 decoravit,
1431 983 1469 1016 et
1481 981 1546 1016 ubi
1560 981 1729 1026 gentium

164 1037 321 1081 quisque
341 1047 478 1079 eorum,
499 1036 661 1081 qualiter
682 1046 785 1070 assus
807 1037 872 1071 aut
888 1035 1096 1070 iusulentus
1117 1035 1258 1081 optime
1279 1035 1420 1080 sapiat:
1447 1045 1516 1070 nec
1535 1036 1661 1070 tamen
1682 1035 1728 1070 ab

163 1090 319 1125 eruditis
339 1089 650 1135 reprehenditu1·.’

167 1249 336 1301 Clupeas
352 1250 556 1288 Turnebus
665 1250 718 1288 35
741 1245 968 1299 aen¹aspera
981 1250 1023 1287 F
1027 1251 1093 1288 lor.
1194 1263 1268 1300 que
1282 1250 1435 1288 addidit
1446 1249 1641 1298 Bequius

164 1309 297 1359 Abydi
308 1308 579 1349 Casaubonus:
593 1305 764 1361 abidi2m3
775 1309 888 1347 Flor.
971 1310 1023 1347 36
1037 1309 1213 1360 mitilene
1226 1307 1246 1346 e
1257 1309 1370 1347 Flor.
1443 1309 1729 1358 caradrumque

166 1380 270 1431 apud
289 1380 447 1430 fibracie
468 1370 686 1433 (iimbracie
705 1380 818 1419 Flor.
839 1375 923 1433 alt.)
945 1380 1034 1419 finis
1047 1380 1161 1418 Flor.
1264 1380 1471 1419 caradrum
1492 1381 1592 1428 quod
1607 1392 1730 1428 yenus

157 1441 328 1489 piscium
347 1441 501 1478 dicatur
514 1434 631 1492 (nihil
651 1441 752 1478 enim
775 1441 853 1478 nisi
865 1441 989 1487 piscis
1008 1451 1147 1478 nomen
1168 1434 1422 1492 eoespectatur)
1436 1441 1730 1488 incompertum:

166 1500 213 1548 cf.
228 1499 447 1538 Selemidius
466 1500 488 1536 l.
504 1510 582 1546 ap.
595 1507 614 1546 7
631 1510 685 1546 sq.
796 1498 901 1548 apud
914 1499 1207 1538 Ambraciensis
1224 1498 1479 1538 Casaubonus
1497 1510 1575 1537 non
1593 1500 1728 1547 inepte,

167 1562 201 1597 et
224 1560 270 1597 de
295 1558 508 1596 Ambracia
530 1570 608 1596 non
633 1559 727 1596 sinit
750 1559 927 1596 dubitare
950 1557 1242 1597 Archestratus:
1267 1557 1404 1596 Athen.
1425 1571 1470 1596 111
1493 1559 1582 1605 92d
1603 1553 1729 1609 Ἀρχέ-

166 1629 327 1669 στρατος
352 1612 390 1655 δ’
413 1615 456 1655 ἐν
483 1617 746 1671 γαστρονομίᾳ
771 1617 874 1667 φησί
890 1612 945 1670 (p.
968 1615 1044 1665 165
1060 1612 1249 1670 Brandt.)
1270 1614 1384 1664 ετοὺς
1410 1622 1485 1668 μῦς
1506 1612 1630 1663 Αἶνος
1656 1615 1730 1668 ἔχει

169 1676 374 1728 μεγάλους,
394 1674 545 1728 ὄστρεια
564 1671 601 1714 δ’
614 1673 788 1728 ’Ἁβυὸος
808 1706 816 1715 .
838 1707 845 1714 .
867 1706 875 1714 .
896 1675 987 1723 τοὺς
1008 1674 1049 1715 δὲ
1068 1674 1205 1723 κτένας
1230 1673 1255 1727 ἡ
1276 1675 1505 1726 Μιτυλήνη·
1526 1676 1730 1723 πλείστους

169 1732 206 1774 δ’
227 1731 441 1787 Ἀμβρακία
467 1732 643 1787 παρέχει,·
662 1747 832 1774 aususne
852 1739 906 1774 est
922 1737 1019 1784 forte
1036 1737 1146 1775 homo
1165 1737 1420 1785 semiyraeeus
1444 1731 1544 1785 ἀμφ’
1564 1730 1730 1787 Ἀμβρα-

168 1795 311 1845 κίηφιν
336 1798 379 1833 ut
402 1793 589 1845 Φθίηφιν
617 1797 651 1833 et
675 1790 775 1846 ἀμφ’
799 1792 1009 1845 ὀστεόφινὲ
1114 1795 1289 1834 Ceterum
1315 1798 1479 1844 apparet
1502 1796 1545 1833 in
1568 1795 1628 1833 his
1647 1807 1729 1833 ver-

167 1855 274 1893 sibus
292 1855 499 1893 sententias
516 1866 591 1902 per
610 1866 792 1892 versuum
809 1856 907 1902 fines
927 1854 1085 1903 absolvi,
1104 1855 1205 1902 quod
1230 1866 1299 1893 nec
1322 1856 1365 1892 in
1383 1855 1451 1893 hoe
1469 1865 1584 1893 versu
1602 1866 1670 1892 nee
1688 1855 1731 1892 in

160 1915 341 1962 proximo
366 1914 611 1952 attenderunt
634 1914 732 1952 docti
854 1915 907 1952 37
935 1913 1130 1952 brundisii
1154 1914 1267 1952 Flor.
1292 1913 1351 1962 Of.
1371 1914 1652 1952 Laelzmannus
1678 1914 1731 1951 ad

169 1973 288 2011 Lucr.
309 1986 334 2011 v
362 1971 469 2009 1006
490 1985 532 2021 p.
556 1970 638 2019 328
660 1968 666 1971 ’
780 1974 834 2011 38
862 1973 1041 2023 apriculu
1066 1973 1179 2012 Flor.
1208 1973 1267 2021 Of.
1287 1972 1480 2021 Apuleius
1505 1973 1651 2021 apotoy.
1675 1982 1729 2019 34

168 2035 251 2069 tam
275 2032 487 2069 ridiculum
514 2062 521 2068 .
551 2062 558 2068 .
586 2043 704 2080 quam
731 2032 764 2070 si
790 2031 896 2070 dicas
924 2034 1122 2070 marinum
1146 2032 1345 2082 pectinem
1371 2032 1558 2070 comendo
1585 2032 1729 2082 capillo

169 2090 391 2140 quaesitum
418 2120 424 2127 .
447 2121 453 2127 .
481 2092 550 2129 aut
574 2090 763 2128 venandis
789 2091 896 2140 apris
921 2090 1102 2140 piscem
1133 2091 1402 2141 apriculum
1433 2092 1503 2129 aut
1528 2090 1730 2129 eliciendis

168 2150 334 2188 mortuis
358 2149 514 2187 marina
533 2149 706 2188 calvaria
727 2144 792 2202 (ef.
810 2161 843 2187 v.
863 2144 936 2202 43)
1060 2150 1235 2189 Ceterum
1253 2161 1386 2188 versus
1405 2151 1602 2189 cohaerent
1622 2162 1730 2189 sume

169 2209 425 2259 Apriculum;
444 2209 490 2247 de
506 2209 620 2257 {onya
634 2208 785 2256 syllaba
804 2209 850 2256 cf.
865 2220 948 2247 ann
971 2217 1056 2255 320
1158 2210 1333 2260 targenti
1345 2209 1458 2247 Flor.
1570 2210 1623 2248 39
1647 2221 1729 2248 sur-

167 2281 295 2318 rentia
315 2280 425 2329 elope
446 2279 509 2317 fac
528 2291 633 2318 emas
653 2279 767 2317 Flor.
788 2281 954 2318 surrenti
974 2292 997 2317 a
1016 2279 1128 2330 elope
1146 2280 1231 2319 face
1251 2292 1335 2318 mas
1354 2280 1467 2318 Flor.
1488 2280 1552 2318 alt.
1569 2279 1731 2318 Surren-

168 2338 227 2377 tid
252 2339 402 2388 elopem
423 2333 484 2391 (ut
509 2351 532 2377 a
558 2341 591 2376 et
614 2340 632 2376 t
657 2333 873 2391 simillima)
894 2340 1104 2387 coyitaram
1129 2350 1216 2378 eum
1239 2339 1445 2384 Salmasio‚
1465 2342 1508 2377 ut
1529 2348 1580 2387 35
1602 2339 1730 2378 Aenid

170 2410 288 2447 aspra
308 2409 394 2436 eum
415 2398 563 2443 eodcm;
581 2398 648 2435 sed
665 2400 709 2435 ut
726 2399 780 2436 ibi
791 2399 1037 2446 probabilius
1056 2398 1158 2436 Aeni
1179 2411 1407 2448 asperaque,
1427 2400 1483 2436 sie
1505 2411 1610 2437 nune
1636 2398 1730 2437 Sur·
1751 2435 1757 2440 .

169 2458 273 2495 renti
297 2458 343 2495 tu
368 2457 520 2506 elopem
544 2457 679 2495 malim
704 2469 790 2495 eum
814 2457 1076 2504 Baehrensio;
1101 2457 1281 2496 Surrenti
1309 2459 1393 2497 face
1419 2470 1525 2497 emas
1550 2458 1731 2508 helopem

171 2517 273 2554 edidi
292 2516 383 2554 olim
489 2514 711 2554 Athenaeus
729 2528 786 2555 v11
809 2517 928 2562 300d
943 2528 961 2554 e
980 2514 1088 2567 ἔλοψ.
1108 2516 1336 2568 προείρηται
1354 2514 1426 2568 μέν
1446 2531 1533 2556 τινα
1552 2516 1638 2569 περὶ
1659 2516 1730 2556 αὐ-

171 2580 240 2613 τοῦ
257 2569 316 2627 (p.
335 2572 414 2610 282
432 2568 477 2627 d)
491 2571 585 2612 ἀλλὰ
604 2572 669 2612 καὶ
685 2569 953 2626 Ἀρχέστρατός
972 2586 1071 2625 φησι
1095 2575 1185 2614 τάδε
1211 2574 1298 2629 περὶ
1317 2574 1440 2615 αὐτοῦ
1462 2571 1521 2629 (p.
1545 2585 1622 2624 145
1638 2571 1729 2628 Br.)

171 2630 261 2672 ‘rev
287 2628 325 2672 δ’
347 2627 455 2672 ἔλοπ’
477 2631 569 2671 ἔσθε
596 2633 758 2683 μάλιστα
783 2633 1058 2685 Συρακούσαις
1083 2633 1142 2674 ἐνὶ
1166 2637 1337 2682 κλειναῖς
1362 2634 1430 2674 τόν
1449 2649 1490 2687 γε
1509 2634 1730 2687 κρατιστεύ-

172 2688 285 2731 οντα’
390 2686 573 2743 glaucuq3
589 2686 682 2745 (sie)
697 2694 794 2742 aput
807 2705 939 2732 cumas
958 2693 1071 2732 Flor.
1085 2694 1347 2745 glaucumque
1360 2705 1644 2743 proposueram
1663 2695 1685 2732 l.
1700 2706 1729 2732 ο.

170 2752 271 2799 quod
289 2764 323 2789 v.
340 2760 391 2799 35
416 2754 449 2789 et
470 2749 522 2797 36
544 2753 901 2798 commendabatm·;
920 2753 966 2791 de
985 2754 1084 2803 aput
1104 2748 1156 2805 (li.
1172 2765 1199 2792 e.
1218 2766 1293 2803 apo
1314 2755 1371 2791 vel
1391 2748 1482 2805 ape)
1501 2752 1642 2791 Cumas
1661 2754 1731 2791 ibi-

171 2811 256 2848 dem
281 2811 374 2855 dixi,
394 2823 518 2858 nuper
536 2810 606 2847 Fr.
624 2811 705 2848 Leo
725 2813 867 2858 quaest.
888 2811 1014 2850 Plaut.
1027 2824 1070 2860 p.
1089 2821 1182 2860 227.
1203 2813 1465 2863 glaucumque
1492 2809 1567 2850 ἀπὸ
1588 2811 1731 2862 Κύμης

172 2870 229 2907 vel
253 2867 423 2920 γλαῦκόν
449 2865 481 2907 τ’
506 2867 582 2908 ἀπὸ
609 2868 750 2920 Κύμης
770 2870 963 2918 Berylcius
983 2873 1016 2909 et
1038 2883 1072 2909 υ.
1093 2872 1129 2909 d.
1152 2872 1254 2910 Vliet
1380 2872 1435 2908 40
1456 2869 1558 2915 Quid
1578 2870 1730 2909 scaru'?

172 2928 360 2978 praeterii
381 2928 595 2977 Berykius,·
615 2930 680 2967 vix
703 2929 831 2967 dubito
843 2940 959 2977 posse
978 2929 1108 2975 Quid?
1135 2924 1326 2983 scaru(m)
1346 2930 1534 2980 praeterii
1554 2930 1731 2978 tolerari;
1760 2970 1763 2997 ³
