2004 3278
736 166 996 204 ANNALIUM
1020 167 1108 203 LIB.
1129 168 1145 202 I
1624 166 1733 202 CLIX

169 281 281 320 testis
307 282 366 319 est
390 281 432 319 in
456 279 551 318 Hor.
578 292 694 318 carm.
714 291 729 317 1
751 282 788 329 2,
810 281 863 318 18
891 275 1024 334 (xxx).
1058 280 1135 319 Sed
1165 281 1199 318 is
1225 279 1408 319 Amulius
1437 292 1559 329 quam
1589 291 1732 331 cogna-

169 341 290 379 tionis
314 341 510 378 rationem
536 351 624 377 cum
648 339 783 378 Aenea
808 341 848 378 et
872 339 948 378 Ilia
972 339 1156 378 habuerit
1181 340 1388 378 obscurum
1420 341 1491 388 est,
1519 352 1590 378 nec
1620 340 1734 377 iuvat

169 400 346 449 repetere
371 411 473 448 quae
498 399 594 437 olim
619 411 643 437 a
668 399 868 437 nonnullis
894 400 1115 438 coniectata
1141 400 1233 437 sunt
1262 411 1365 437 vana
1396 400 1435 436 et
1465 398 1732 437 incredibilia:

170 459 266 497 satis
292 458 345 497 sit
368 458 602 497 Mommseni
626 457 818 496 iudicium
848 470 1083 496 memorasse
1115 457 1221 507 quod
1252 458 1346 497 fecit
1375 459 1418 496 in
1444 460 1593 508 quaest.
1619 458 1731 496 Rom.

171 530 201 555 11
219 531 256 567 p.
279 517 374 557 268.

287 576 335 614 In
361 589 513 615 summo
537 577 662 626 ipsius
688 578 728 615 et
752 589 964 626 puerorum
990 575 1214 614 discrimine
1239 576 1315 614 Ilia
1340 576 1502 615 deorum
1526 576 1642 614 fidem
1660 578 1732 614 im-

169 636 314 686 plorat,
344 636 540 686 imprimis
571 635 736 674 Veneris
768 631 993 686 ‘genetricis
1023 632 1165 685 patris’
1199 636 1238 673 et
1271 632 1492 686 ‘cognatae'
1521 631 1655 689 (XX1x)
1689 648 1734 674 ac

171 695 348 733 Tiberini
362 689 493 748 (XXX).
512 695 651 744 Neque
670 696 775 733 enim
796 696 855 733 est
871 694 976 744 quod
989 694 1037 732 ob
1051 693 1158 733 Livii
1176 694 1396 733 orationem
1411 689 1461 748 (11
1476 696 1542 744 10,
1559 689 1632 745 11)
1653 697 1735 733 tum

178 754 305 793 Cocles
331 751 527 793 ‘Tiberine
544 751 675 802 pater’
701 755 829 802 inquit
854 750 902 792 ‘te
926 756 1056 792 sancte
1073 765 1225 802 precor,
1249 754 1342 792 haec
1361 766 1474 792 arma
1494 757 1527 793 et
1544 755 1646 793 hwnc
1663 755 1734 792 rni-

171 814 275 852 litem
292 814 466 862 propitio
491 814 652 861 flumine
677 810 862 861 accipias’
888 812 1049 851 Horatii
1075 811 1235 851 Coclitis
1262 825 1345 852 esse
1369 813 1489 852 Ennii
1513 814 1634 852 verba
1652 826 1733 852 ma-

170 873 288 911 limus
327 885 350 911 a
381 871 582 911 Macrobio
620 885 667 910 011
697 873 824 921 primo
864 872 999 910 annali
1031 872 1166 910 allata.
1206 872 1343 922 Neque
1374 872 1511 911 Livius
1543 874 1585 911 in
1617 886 1662 911 ea
1692 885 1734 911 re

173 932 351 982 exemplo
370 932 492 970 Ennii
517 931 668 982 egebat,
695 931 864 981 quando,
890 931 997 981 quod
1017 930 1175 970 Servius
1199 932 1242 969 in
1261 931 1358 970 Aen.
1377 944 1451 971 vm
1473 933 1495 970 7
1502 933 1525 969 2
1552 933 1734 981 testatur,

170 992 268 1030 haec
304 993 389 1030 erat
420 993 609 1029 consueta
633 991 822 1030 Romanis
849 990 1078 1029 Tiberinum
1109 990 1288 1040 precibus
1318 990 1537 1030 advocandi
1567 992 1738 1030 formula

171 1051 300 1089 adesto
329 1051 507 1089 Tiberine
531 1062 618 1089 cum
648 1052 726 1089 tuis
757 1050 887 1089 undis.
919 1050 1038 1100 Apud
1062 1050 1282 1101 Vergilium
1309 1050 1462 1089 Aeneas
1495 1050 1536 1088 in
1566 1051 1669 1089 hunc
1701 1051 1736 1089 si

170 1110 306 1148 milem
331 1110 512 1148 Enniano
538 1109 698 1147 modum
718 1109 947 1148 Tiberinum
973 1109 1129 1148 adorat:
1155 1112 1269 1158 tuque
1294 1121 1315 1147 o
1339 1110 1488 1159 Thybri
1507 1113 1570 1148 tuo
1587 1111 1737 1159 genitor

171 1181 259 1208 cum
283 1170 443 1217 flumine
466 1172 608 1208 sancto.
645 1168 729 1214 Quo
756 1170 790 1207 si
815 1170 903 1218 quis
935 1170 996 1207 uti
1026 1169 1214 1219 voluerit,
1248 1169 1369 1207 Ennii
1398 1182 1555 1208 versum
1589 1171 1737 1219 poterit

173 1228 329 1267 Aeneae
354 1228 539 1277 tribuere,
564 1228 663 1266 mihi
686 1228 930 1278 probabilius
955 1229 1084 1267 visum
1110 1230 1180 1278 est,
1205 1228 1263 1267 ita
1287 1228 1405 1267 Iliam
1430 1241 1532 1278 quae
1552 1229 1735 1267 Tiberino

175 1290 345 1338 nuptum
370 1288 488 1326 datur
515 1282 679 1341 (XXXIII)
707 1300 828 1326 orare.

289 1347 423 1385 Venus
448 1347 546 1385 Iliae
571 1346 752 1397 precibus
779 1348 974 1385 commota
999 1349 1165 1397 apparet
1190 1359 1236 1385 ac
1260 1349 1444 1397 nepotem
1470 1347 1516 1385 de
1545 1348 1670 1397 ipsius
1697 1349 1737 1385 et

172 1406 387 1445 liberorum
413 1408 516 1446 sorte
543 1406 747 1444 confirmat
774 1401 900 1460 (1111111.
921 1401 1070 1459 XXXII),
1104 1419 1181 1455 quo
1207 1407 1313 1444 facto
1339 1407 1411 1444 illa
1435 1408 1476 1444 in
1509 1419 1665 1445 amnem
1696 1419 1737 1445 50

173 1465 358 1504 demittit.
390 1466 556 1504 Interim
586 1466 760 1504 latrones
786 1465 834 1503 ab
860 1465 1021 1504 Amulio
1045 1466 1142 1504 iussi
1167 1478 1309 1515 pueros
1335 1468 1535 1516 exponunt
1562 1460 1735 1519 (XXX1v).

291 1525 395 1563 Huic
420 1525 506 1563 1000
531 1525 687 1563 vindico
714 1525 877 1563 deorum
903 1525 949 1563 de
974 1525 1122 1563 Romae
1148 1526 1309 1563 fortuna
1335 1525 1628 1564 consiliantium
1647 1538 1736 1564 con-

174 1596 339 1634 sessum,
372 1585 529 1634 qualem
559 1583 602 1621 in
632 1584 706 1622 hoc
736 1584 838 1623 libro
872 1585 1093 1633 expositum
1124 1584 1245 1623 fuisse
1275 1585 1370 1623 olim
1395 1585 1640 1623 intellectum
1666 1586 1736 1623 est.

173 1643 392 1682 Probabilis
425 1644 529 1682 enim
562 1644 786 1682 coniectura
818 1645 889 1692 est,
920 1643 1131 1681 Horatium
1164 1656 1252 1682 cum
1283 1644 1380 1682 11300
1411 1645 1568 1682 caneret
1600 1639 1736 1697 (carm.

172 1715 219 1741 111
240 1704 278 1752 3,
300 1698 374 1756 16)
402 1702 590 1752 Quirinus
615 1704 764 1742 Martis
789 1705 895 1751 equis
919 1701 1140 1741 Acheronta
1163 1704 1276 1752 fuyit,
1298 1706 1455 1752 ⁸aratum
1481 1704 1625 1742 elocuta
1649 1714 1737 1742 con-

172 1763 397 1801 siliantibus
422 1763 574 1801 Iunone
599 1763 701 1801 divis
731 1762 852 1800 Ennii
877 1774 1091 1801 memorem
1122 1763 1316 1801 cecinisse.
1348 1763 1431 1801 Nec
1460 1762 1562 1801 illud
1591 1764 1738 1812 impro-

173 1821 304 1860 babile
331 1821 434 1871 quod
454 1822 544 1859 inde
565 1821 829 1871 consequitur,
854 1821 997 1860 Iunoni
1015 1823 1058 1860 in
1076 1822 1259 1860 Enniana
1278 1822 1440 1861 deorum
1460 1823 1640 1860 contione
1660 1834 1738 1860 non

176 1880 380 1919 adsidendi
404 1882 562 1919 tantum
587 1880 655 1920 sed
680 1881 889 1930 eloquendi
915 1882 955 1919 et
978 1881 1189 1931 perorandi
1212 1883 1345 1931 partes
1369 1881 1499 1921 fuisse.
1525 1881 1581 1920 Ut
1599 1881 1664 1920 hic
1683 1882 1738 1919 10-

175 1952 263 1978 011111
287 1940 471 1978 habuerit
494 1940 540 1978 fr.
562 1952 728 1990 XXXVIII,
755 1953 997 1990 quamquam
1022 1953 1160 1979 vereor
1184 1942 1230 1979 ut
1248 1941 1289 1978 in
1309 1940 1478 1979 similem
1497 1930 1738 1979 Horaffianae

176 1999 412 2038 sententiam
437 1999 542 2049 apud
568 1999 742 2038 Ennium
766 1999 865 2038 Iuno
892 2001 1076 2038 oraverit.
1102 2000 1253 2038 Infesta
1281 2001 1385 2038 enim
1416 2000 1636 2049 antiquitus
1662 2000 1739 2037 Ro-

180 2059 307 2097 manis
334 2058 407 2097 dea
431 2060 531 2097 iram
556 2060 598 2096 in
618 2059 786 2097 secundo
806 2059 963 2096 demum
981 2058 1086 2097 bello
1105 2058 1254 2097 Punico
1274 2058 1474 2097 delenivit.
1502 2058 1558 2098 Cf.
1580 2057 1738 2096 Servius

174 2117 216 2155 in
240 2117 337 2156 Aen.
357 2130 372 2155 1
394 2118 474 2156 281
504 2118 598 2156 bello
622 2118 771 2156 Punico
795 2118 974 2163 secund0,
1004 2120 1048 2155 ut
1072 2119 1129 2156 ait
1152 2118 1323 2163 Ennius,
1347 2118 1509 2166 placata
1531 2118 1635 2156 Iuno
1661 2129 1739 2156 coe-

177 2178 279 2224 perit
302 2178 433 2225 favere
463 2177 655 2215 Romanis
679 2171 772 2229 (VIII
790 2177 837 2214 fr.
858 2171 987 2229 va).
1015 2175 1117 2221 Quid
1142 2177 1266 2227 igitur
1289 2178 1374 2215 tum
1398 2177 1565 2227 incipiat
1594 2177 1739 2226 favere,

178 2247 280 2285 quae
310 2235 391 2274 iam
423 2237 514 2274 ante
546 2235 733 2274 Romanis
764 2237 810 2273 ut
841 2235 954 2286 regni
983 2235 1080 2273 fines
1111 2236 1192 2274 late
1222 2237 1445 2286 proferrent
1478 2234 1739 2275 concesserit?

178 2294 256 2332 Sed
282 2294 409 2333 Servii
435 2295 536 2332 illud
561 2295 834 2333 testimonium
859 2307 947 2332 cum
972 2295 1171 2333 conferam
1203 2308 1290 2334 cum
1322 2296 1449 2334 altera
1480 2308 1580 2345 quae
1613 2295 1739 2334 eidem

177 2353 341 2392 debetur
365 2354 554 2392 memoria
578 2354 620 2392 in
639 2353 736 2392 Aen.
756 2367 771 2392 1
792 2355 847 2392 20
872 2355 915 2393 in
940 2355 1074 2392 Ennio
1099 2355 1201 2393 enim
1224 2355 1424 2393 inducitur
1448 2355 1627 2403 Iuppiter
1645 2366 1739 2403 pro-

176 2414 328 2452 mittens
352 2414 543 2452 Romanis
569 2414 760 2452 excidium
787 2412 1036 2462 Carthayinis
1062 2407 1153 2467 (vm
1172 2414 1219 2452 fr.
1240 2408 1325 2467 Xv),
1350 2415 1392 2453 in
1417 2416 1556 2453 octavo
1584 2426 1739 2464 quoque

178 2473 314 2511 annali
345 2484 569 2511 consessum
600 2472 763 2511 deorum
795 2474 834 2511 et
862 2485 1058 2511 sermones
1083 2472 1217 2512 Iovem
1247 2474 1352 2512 inter
1384 2475 1423 2513 et
1452 2473 1644 2512 Iunonem
1675 2474 1738 2511 de-

181 2531 297 2570 scribi
323 2532 540 2570 coniiciam.
573 2530 701 2576 Quare
727 2532 902 2580 dubium,
928 2545 978 2570 311
1003 2534 1108 2570 recte
1132 2542 1290 2572 versum
1320 2534 1519 2581 respondit
1541 2533 1645 2571 Iuno
1669 2532 1740 2571 Sa-

179 2592 313 2629 turnia
342 2594 478 2630 sancta
508 2592 671 2630 dearum
697 2585 888 2644 (XXXVIII)
922 2591 964 2628 in
994 2592 1164 2641 primum
1197 2592 1380 2631 annalem
1411 2592 1623 2630 intulerim.
1663 2591 1740 2629 Sed

178 2649 252 2688 hoc
283 2650 480 2689 levidense
512 2652 581 2689 est.
620 2650 725 2688 Illud
757 2650 977 2699 quaeritur,
1012 2651 1075 2688 cui
1104 2651 1190 2690 loco
1221 2652 1390 2690 maxime
1422 2653 1538 2701 aptus
1575 2651 1628 2689 sit
1663 2651 1739 2688 iste

181 2721 297 2758 quem
327 2709 419 2747 huic
450 2709 551 2748 libro
582 2709 827 2748 vindicamus
859 2709 1019 2747 deorum
1052 2722 1263 2749 consessus.
1295 2711 1342 2748 In
1372 2723 1450 2760 qua
1480 2723 1522 2748 re
1554 2710 1588 2747 si
1612 2709 1739 2746 Hora-

179 2767 280 2805 tium
312 2768 498 2818 sequeris,
527 2781 607 2807 non
638 2767 837 2806 dubitabis
869 2768 966 2817 quin
998 2770 1090 2808 ante
1120 2770 1251 2819 ipsum
1281 2770 1435 2808 obitum
1460 2768 1629 2816 Romuli,
1660 2780 1739 2806 non

180 2828 271 2874 post
300 2829 479 2877 mortem,
510 2829 556 2866 ut
587 2828 756 2865 editores
787 2827 1008 2877 voluerunt,
1041 2829 1274 2867 conlocetur.
1309 2827 1385 2866 Sed
1417 2827 1548 2865 obstat
1574 2824 1739 2864 Ovidius

181 2887 270 2923 met.
291 2898 361 2925 X1v
381 2887 559 2936 812sqq.
580 2889 621 2925 tu
639 2887 736 2925 mihi
755 2887 913 2925 concilio
932 2888 1126 2935 quondam
1138 2890 1341 2935 praesente
1360 2887 1518 2925 deorum
1537 2884 1649 2933 (nam
1665 2897 1739 2923 me-
