2004 3278
252 179 393 215 CXCVI
764 178 809 213 H.
835 177 899 212 DE
918 176 1072 211 LIBRIS
1091 176 1324 212 ENNIANIS

251 291 371 330 habet
395 302 484 328 cum
507 290 558 327 iis
589 301 688 338 quae
721 301 746 326 a
770 288 999 338 Thucydide
1023 301 1081 327 vn
1102 289 1168 338 73,
1190 289 1213 326 2
1248 283 1344 341 (ὑπὸ
1370 287 1444 341 γὰρ
1475 294 1545 328 τοῦ
1575 295 1808 343 περιχαροῦς

250 356 319 400 τῆς
346 349 460 399 νίκης
490 347 587 400 πρὸς
619 347 735 386 πόσιν
766 347 983 399 τετράφθαι
1015 347 1106 394 τοὺς
1136 346 1306 394 πολλοὺς
1337 346 1379 386 ἐν
1407 353 1453 402 τῇ
1484 346 1596 404 ἑορτῇ
1621 344 1707 402 κτλ)
1738 351 1809 388 aut

250 422 273 447 a
298 407 464 457 Polybio
491 401 525 460 (1
546 408 612 457 19,
635 401 709 459 12)
736 408 776 445 et
800 406 992 457 Dionysio
1019 406 1147 445 Halie.
1169 402 1262 459 (vm
1282 407 1350 457 86,
1372 401 1416 460 1)
1443 410 1722 460 memorantur,
1747 411 1808 448 ta-

249 481 338 505 men
364 467 413 504 ad
439 478 631 515 quasnam
654 479 716 505 res
742 468 873 517 gestas
900 466 948 504 ab
968 467 1098 504 Ennio
1117 468 1299 504 narratas
1317 467 1354 504 h.
1375 479 1406 504 e.
1427 467 1477 505 ad
1496 480 1710 516 quamnam
1728 469 1809 507 vic-

249 528 393 564 toriam
418 525 534 564 modo
559 527 803 576 reportatam
828 526 1023 564 referatur
1048 527 1243 564 incertum
1268 527 1328 564 est
1356 538 1482 575 neque
1506 526 1664 577 Hugius
1696 529 1808 566 cuius

249 586 475 635 opinionem
501 586 715 623 attuleram
741 586 958 634 quicquam
981 585 1185 634 probabile
1211 586 1515 635 excogitaverat.
1548 585 1625 624 Sed
1649 586 1697 624 de
1723 599 1809 625 ora-

247 645 368 683 tionis
394 645 521 683 forma
546 644 671 683 habeo
698 644 802 694 quod
827 644 995 682 fortasse
1014 657 1093 682 non
1111 645 1243 693 inepte
1264 645 1461 683 afferatur.
1488 644 1685 683 Videntur
1704 647 1809 684 enim

247 705 345 742 haec
369 716 448 742 non
473 704 521 741 de
545 716 587 741 re
613 705 721 742 certa
749 717 875 753 nuper
894 706 1005 755 gesta
1025 704 1104 742 dici
1123 704 1190 742 sed
1210 705 1395 742 universa
1414 716 1496 742 esse
1516 705 1711 743 sententia
1730 717 1809 754 qua

250 763 345 812 quid
375 763 553 802 omnibus
583 764 811 801 mortalibus
841 775 887 801 ea
920 775 1039 812 quam
1068 765 1187 812 poeta
1216 763 1402 801 describit
1425 775 1556 801 rerum
1582 764 1808 802 condicione

248 823 437 861 acciderit
462 822 715 872 significetur,
747 824 793 860 ut
819 835 906 860 ann.
930 823 1014 861 560
1040 824 1099 860 ait
1129 834 1258 861 omnes
1287 824 1468 861 mortales
1497 834 1577 861 sese
1608 823 1810 862 laudarier

247 885 391 930 optant,
416 894 542 930 neque
559 883 729 929 perculit
753 881 885 920 obstat
911 894 987 931 quo
1012 884 1059 919 ut
1085 882 1230 920 assolet
1254 883 1404 920 factum
1429 894 1512 920 esse
1538 882 1684 920 dicitur
1704 883 1809 932 quod

247 940 333 979 fieri
351 941 487 979 soleat.
508 940 656 985 Quodsi
673 941 732 979 ita
751 943 856 979 recte
876 941 1067 979 orationis
1081 941 1433 979 conformationem
1446 943 1696 991 interpretor,
1716 943 1809 980 licet

247 1000 415 1039 fortasse
441 1000 618 1049 opinioni
644 1001 829 1050 opinione
855 1000 991 1038 addita
1017 1001 1209 1049 suspicari
1233 1001 1282 1039 iis
1309 1013 1411 1050 quae
1434 1001 1534 1039 dixit
1558 1001 1606 1039 de
1631 1002 1808 1039 omnibus

246 1060 475 1098 ‘mortalibus
499 1061 542 1097 in
567 1061 808 1098 contrariam
833 1060 1071 1097 sententiam
1096 1060 1272 1098 subiecta
1296 1061 1416 1098 fuisse
1435 1060 1532 1098 haec
1551 1073 1651 1109 quae
1672 1060 1810 1098 scribit

249 1131 337 1157 ann.
360 1119 442 1156 547
471 1122 511 1157 at
535 1118 738 1157 Romanus
762 1120 885 1164 homo,
915 1122 1042 1157 tamen
1068 1120 1137 1157 etsi
1160 1130 1221 1157 res
1246 1120 1338 1158 bene
1364 1123 1472 1168 qesta
1503 1122 1567 1164 est,
1598 1120 1709 1158 eorde
1738 1131 1809 1158 suo

247 1178 424 1226 trepidat.

365 1237 425 1275 De
450 1237 603 1286 reliquo
629 1237 746 1275 huius
770 1237 863 1275 libri
889 1238 1122 1288 argumento
1147 1236 1274 1275 fusius
1301 1237 1469 1275 disserui
1495 1237 1538 1275 in
1571 1240 1808 1276 commenta-

247 1297 355 1334 tione
376 1295 600 1334 academiea
626 1289 727 1335 Uber
746 1297 808 1335 die
826 1295 1012 1335 Annalen
1031 1297 1096 1335 des
1115 1297 1275 1335 Ennius
1295 1309 1327 1334 a.
1352 1297 1463 1335 1886
1485 1297 1593 1335 edita
1606 1311 1644 1347 p.
1662 1299 1715 1336 10
1724 1310 1807 1347 sqq.

248 1355 308 1392 Ex
332 1356 382 1394 iis
406 1355 629 1394 rationibus
655 1368 754 1405 quas
779 1355 837 1393 ibi
862 1355 1034 1405 explicui
1058 1357 1100 1393 111
1125 1356 1198 1393 hoc
1225 1356 1325 1394 libro
1350 1357 1467 1405 posui
1491 1369 1580 1394 cum
1610 1358 1691 1394 tres
1722 1369 1807 1395 ver-

248 1427 312 1452 sus
339 1415 386 1452 de
412 1414 535 1453 Fabio
561 1415 733 1453 Maximo
754 1409 821 1468 (11)
857 1415 967 1454 Unus
991 1416 1100 1453 homo
1125 1416 1235 1453 nobis
1254 1416 1468 1454 cunctando
1489 1428 1556 1465 eqs
1584 1417 1652 1465 qui
1671 1428 1718 1453 ex
1736 1416 1809 1454 hoc

247 1474 348 1512 libro
374 1475 489 1512 citati
519 1476 622 1523 sunt,
647 1476 733 1512 tum
759 1474 863 1523 quod
888 1474 1062 1512 Ennium
1086 1475 1129 1512 in
1153 1474 1226 1513 hoc
1251 1474 1353 1512 libro
1386 1475 1433 1513 de
1465 1487 1538 1513 sua
1570 1477 1699 1513 aetate
1730 1488 1808 1514 me—

246 1545 419 1571 morasse
451 1533 578 1571 Varro
610 1535 724 1571 testis
756 1535 815 1572 est
841 1528 916 1587 (v).
950 1533 1096 1572 Contra
1121 1533 1308 1571 dixerunt
1332 1546 1436 1572 unus
1462 1535 1502 1572 et
1527 1535 1648 1584 alter,
1681 1535 1750 1584 qui
1775 1535 1809 1573 si

246 1592 305 1630 ita
331 1592 547 1642 disputant,
573 1593 620 1630 de
646 1604 717 1630 sua
743 1594 875 1631 aetate
901 1592 1073 1631 Ennium
1098 1595 1190 1642 apte
1216 1593 1344 1631 dicere
1369 1594 1447 1631 nisi
1470 1594 1513 1631 in
1538 1595 1711 1632 extremo
1740 1607 1808 1632 an-

247 1652 402 1689 nalium
425 1651 528 1690 libro
553 1664 632 1690 non
656 1651 845 1701 potuisse,
869 1652 1014 1690 mirum
1039 1654 1099 1690 est
1125 1664 1189 1690 eos
1215 1665 1293 1690 non
1319 1653 1474 1702 vidisse,
1501 1653 1606 1701 quod
1625 1655 1809 1702 apertum

248 1713 318 1760 est,
343 1723 472 1749 meam
496 1711 843 1749 ratiocinationem
867 1723 945 1749 non
969 1711 1043 1749 hoc
1068 1723 1145 1749 uno
1170 1711 1398 1750 testimonio
1423 1712 1598 1749 innixam
1626 1711 1693 1750 sed
1713 1711 1808 1760 duo-=

247 1770 321 1808 bus
348 1770 461 1819 quasi
487 1770 668 1809 cornibus
694 1770 786 1821 iugo
811 1770 956 1809 iunctis
981 1770 1190 1808 fundatam
1215 1783 1307 1809 esse.
1340 1771 1498 1808 Etenim
1524 1783 1613 1809 cum
1638 1773 1678 1809 et
1702 1772 1808 1822 frag-

247 1831 425 1867 mentum
443 1829 490 1867 de
510 1829 634 1867 Fabio
654 1832 694 1867 et
706 1829 897 1868 Varronis
922 1829 1193 1868 testimonium
1212 1830 1259 1867 de
1278 1831 1391 1868 annis
1410 1830 1541 1878 Ennii,
1561 1832 1645 1868 toto
1666 1843 1808 1881 genere

248 1888 352 1926 inter
377 1901 416 1926 se
443 1889 624 1937 discreta,
650 1889 766 1927 ambo
793 1902 839 1927 ex
863 1901 942 1926 uno
969 1889 1183 1938 eodemque
1210 1889 1439 1927 duodecimo
1460 1889 1596 1927 annali
1615 1889 1732 1927 citari
1750 1890 1809 1927 vi-

248 1947 380 1985 derem
405 1960 475 1986 nec
495 1949 592 1986 satis
611 1948 814 1998 probabile
836 1960 918 1986 esse
938 1948 1118 1986 ducerem
1139 1948 1242 1997 quod
1262 1950 1486 1987 statuerunt
1505 1949 1674 1986 alterum
1693 1961 1809 1997 nono,

249 2007 418 2044 alterum
438 2009 571 2045 autem
590 2007 904 2046 duodevicesimo
922 2007 1141 2046 tribuentes
1160 2007 1219 2046 bis
1238 2020 1308 2056 per
1328 2020 1497 2046 errorem
1518 2007 1614 2046 duos
1635 2008 1808 2046 diversos

247 2078 429 2105 numeros
454 2067 496 2103 in
521 2066 687 2104 eundem
711 2079 769 2104 xn
794 2066 947 2116 abiisse,
973 2067 1031 2105 ita
1054 2079 1207 2105 mecum
1240 2067 1484 2105 considerare
1517 2068 1628 2116 coepi
1653 2067 1749 2116 quid
1775 2068 1809 2105 si

248 2127 393 2163 natura
424 2127 464 2163 et
496 2125 673 2164 condicio
705 2126 927 2164 duodecimi
957 2126 1049 2164 libri
1081 2139 1127 2164 ea
1157 2126 1277 2164 fuerit
1307 2127 1355 2164 ut
1378 2138 1478 2164 unus
1503 2126 1575 2164 illa
1600 2126 1677 2164 duo
1704 2126 1808 2177 frag-

248 2186 382 2222 menta
407 2185 661 2234 quantumvis
687 2185 843 2224 diversa
867 2186 1065 2224 continere
1091 2185 1282 2235 potuerit:
1308 2185 1399 2224 hinc
1421 2186 1621 2235 profectus
1640 2185 1808 2235 probare

249 2244 394 2292 studui,
419 2246 551 2282 totum
577 2257 735 2283 carmen
758 2245 807 2283 iis
832 2244 1052 2283 rationibus
1079 2244 1341 2294 compositum
1366 2258 1412 2283 30
1437 2244 1694 2282 distributum
1714 2256 1809 2292 esse,

248 2304 296 2341 ut
320 2304 361 2340 in
387 2303 617 2342 duodecimo
644 2306 791 2342 certam
810 2306 965 2354 partem
984 2304 1158 2342 universi
1178 2305 1307 2353 operis
1326 2303 1433 2341 finiri
1452 2306 1655 2353 appareat.
1681 2302 1809 2348 Quam

248 2364 403 2412 partem
434 2364 469 2400 si
498 2375 569 2412 per
600 2376 640 2401 se
672 2364 797 2402 solam
823 2363 974 2401 Ennius
1006 2363 1148 2401 edebat
1178 2358 1238 2416 (id
1270 2362 1375 2411 quod
1406 2364 1578 2401 statuere
1610 2363 1703 2401 licet
1730 2375 1809 2401 non

249 2421 332 2459 sine
358 2422 534 2471 exemplo
561 2422 766 2460 annalium
790 2417 998 2475 ipsorum),
1024 2424 1210 2472 paratum
1230 2434 1312 2460 esse
1331 2421 1461 2459 locum
1480 2422 1673 2470 opinabar
1692 2435 1808 2471 quem

250 2480 546 2529 quaerebamus,
572 2494 649 2530 quo
674 2482 760 2520 loco
781 2482 827 2519 de
853 2481 968 2520 Fabii
992 2482 1109 2520 laude
1134 2483 1174 2519 et
1199 2481 1245 2518 de
1272 2482 1403 2518 aetate
1422 2481 1543 2518 Ennii
1567 2493 1646 2518 uno
1671 2483 1807 2518 tenore

249 2539 458 2577 memorari
488 2541 672 2590 potuerit.
704 2541 808 2578 Nam
839 2542 894 2579 sic
925 2540 1149 2579 statuebam
1174 2539 1347 2578 Ennium
1376 2540 1573 2577 invitante
1606 2539 1808 2578 occasione

248 2598 291 2636 in
322 2600 494 2636 extremo
520 2599 748 2638 duodecimo
774 2600 811 2637 h.
838 2613 869 2638 0.
895 2600 937 2637 in
968 2600 1075 2638 exitu
1107 2600 1189 2638 eius
1221 2600 1361 2649 operis,
1387 2598 1492 2648 quod
1517 2600 1602 2636 tum
1628 2598 1808 2637 editurus

251 2659 347 2705 erat,
372 2670 480 2696 more
505 2671 583 2697 non
609 2659 769 2697 insolito
796 2659 843 2696 de
863 2671 903 2697 se
923 2660 1084 2708 suisque
1102 2659 1218 2697 rebus
1237 2657 1357 2697 verba
1376 2657 1525 2705 fecisse,
1550 2658 1668 2696 simul
1692 2657 1807 2696 rebus

249 2716 436 2755 Romanis
462 2729 586 2766 usque
612 2718 661 2755 ad
686 2718 790 2756 hunc
815 2720 1028 2756 terminum
1053 2718 1240 2767 expositis
1266 2719 1306 2756 et
1337 2716 1528 2755 absolutis
1561 2717 1806 2765 quorundam

250 2775 447 2814 clarorum
471 2777 657 2826 virorum,
689 2778 731 2814 in
759 2777 901 2826 quibus
933 2777 1049 2815 Fabii
1078 2777 1255 2825 Maximi,
1285 2775 1422 2814 laudes
1454 2776 1567 2825 quasi
1598 2777 1808 2825 κολοφῶνα

249 2835 494 2884 imposuisse.
521 2834 599 2873 Ubi
624 2836 728 2873 enim
746 2835 860 2874 Fabii
885 2837 1138 2886 praeconium
1163 2837 1260 2885 erat,
1284 2848 1363 2874 non
1387 2836 1544 2884 poterat
1566 2834 1693 2872 solum
1713 2846 1807 2884 esse,

250 2894 360 2932 cuius
385 2906 519 2933 versus
545 2891 817 2933 celeberrimos
