2054 3282
775 143 1095 183 ERECHTHEUS
1628 147 1708 188 141

919 265 953 300 H

822 332 1045 358 PRAXITHEA

159 386 239 428 137
275 384 355 427 Cui
379 399 494 428 nuno
519 400 721 428 aerumna
745 400 840 428 11100
864 385 1109 428 libertatem
1134 401 1250 441 paro,

274 455 438 506 Quibus
464 457 713 499 servitutem
738 471 833 499 mea
858 456 1029 498 miseria
1055 457 1258 511 deprecor

912 549 963 584 ΠΙ

157 611 239 653 139
271 610 459 666 Lapideo
487 613 587 653 sunt
612 611 737 653 eorde
763 610 889 653 multi
915 625 1022 665 quos
1047 625 1135 653 non
1160 610 1333 652 miseret
1358 611 1540 653 neminis

156 764 241 806 140
272 763 405 807 Arma
431 766 637 821 arrigunt,
662 703 1026 807 horrescuntsiiela

762 952 1108 998 EUMENTDES

930 1060 947 1094 I

850 1125 1009 1152 APOLLO

158 1176 238 1217 141
273 1175 397 1218 Unde
423 1176 505 1218 sibi
531 1174 680 1231 populi
708 1177 750 1217 et
775 1189 896 1232 reges
923 1174 1151 1217 eonsilium
1176 1178 1383 1231 expetunt

274 1246 456 1290 Suarum
481 1262 624 1289 rerum
651 1246 815 1301 incerti,
841 1261 947 1302 quos
974 1261 1054 1303 ego
1080 1262 1174 1289 mea
1200 1262 1280 1302 ope
1306 1262 1358 1289 ex

154 1376 324 1411 cumbere
337 1376 449 1411 morti
462 1386 578 1411 novae
591 1375 790 1410 locutionis
804 1375 924 1420 figura
937 1377 975 1410 et
987 1376 1137 1421 penitus
1150 1377 1303 1411 remota.
1319 1376 1460 1410 Ennius
1479 1378 1544 1412 «ut
1557 1387 1621 1427 pos
1636 1387 1720 1411 nos-

153 1429 199 1464 tri
222 1430 382 1475 (vestri
402 1440 492 1465 corr.
506 1429 654 1475 000001.)
677 1458 683 1463 .
701 1457 707 1463 .
725 1457 730 1463 .
747 1431 888 1464 vostra;
906 1457 911 1463 .
929 1457 935 1463 .
952 1429 1149 1466 obviam».'
1254 1429 1477 1465 Praxitheae
1496 1430 1589 1465 haec
1608 1430 1721 1465 verba

154 1493 243 1526 esse,
258 1493 354 1527 quae
367 1483 506 1518 Graece
520 1483 622 1518 dieat
634 1482 676 1517 fr.
690 1486 758 1517 360
772 1494 804 1516 v.
822 1485 875 1516 14.
894 1485 936 1516 15
951 1482 999 1527 (Ν
1002 1483 1107 1518 auek.
1119 1485 1159 1529 11)
1173 1482 1285 1519 τέκνα
1298 1480 1403 1518 τοῦδ’
1423 1481 1525 1518 ἕκατι
1538 1481 1720 1530 τίκτομεν,

154 1536 204 1577 ὡς
221 1539 323 1572 θεῶν
342 1549 380 1571 τε
400 1536 545 1582 βωμοὺς
563 1534 726 1580 πατρίδα
744 1549 783 1571 τε
803 1533 991 1581 ῤὐώμεθα,
1006 1548 1080 1571 non
1093 1536 1193 1582 fugit
1206 1536 1471 1581 Ribbeckium3
1493 1548 1722 1583 quamquam

156 1589 266 1624 aliter
286 1589 419 1625 statuit
438 1590 545 1635 (trag.
560 1589 665 1624 Rom.
680 1602 715 1634 p.
733 1590 823 1632 185).

272 1642 306 1677 H
325 1644 420 1688 (137)
459 1642 600 1677 Gellius
619 1655 671 1678 vn
692 1646 747 1686 16,
760 1646 780 1676 9
797 1642 858 1685 ‘Q
874 1642 1015 1678 Ennius
1035 1643 1075 1678 in
1095 1643 1258 1679 erictheo
1278 1655 1352 1678 non
1371 1644 1482 1689 longe
1502 1654 1606 1679 secus
1627 1644 1722 1680 dixit

155 1707 268 1741 quam
282 1695 449 1731 Catullus
464 1697 533 1742 (92,
543 1698 578 1742 3)
594 1697 681 1740 «qui
693 1707 814 1732 nunc»
828 1696 952 1741 inquit
966 1707 1167 1742 «erampna
1180 1709 1222 1732 ea
1236 1698 1433 1733 libertatem
1442 1708 1538 1742 paro
1552 1709 1585 1742 q.
1602 1710 1628 1732 0.
1643 1710 1722 1734 mea

154 1750 302 1785 miseria
327 1749 538 1794 deprecor».
560 1749 686 1795 signat
713 1749 825 1795 abigo
846 1751 884 1784 01
903 1750 1059 1785 011101101-
1077 1750 1135 1785 vel
1154 1761 1263 1796 prece
1283 1750 1457 1786 adhibita
1475 1751 1534 1785 vel
1554 1762 1626 1796 quo
1647 1751 1721 1787 alio

154 1803 314 1838 m0d0.1⁰
324 1803 415 1838 item
428 1802 569 1838 Ennius
584 1803 623 1838 in
638 1803 865 1848 Cresphonte
879 1804 973 1850 [vi].'
1053 1804 1197 1839 Nonius
1210 1816 1246 1850 p.
1260 1807 1339 1847 290,
1350 1808 1392 1838 17
1410 1805 1420 1821 ‘
1431 1805 1608 1850 deprecor
1622 1815 1722 1840 amo-

154 1856 225 1892 lior
245 1856 391 1902 depello
410 1856 598 1902 propulso.
620 1856 668 1891 M.
690 1856 834 1891 Tullius
853 1857 899 1891 de
918 1867 957 1892 re
976 1857 1129 1903 publiea
1147 1857 1211 1892 lib.
1226 1871 1263 1893 VI
1279 1858 1326 1904 [2,
1342 1858 1389 1904 2}
1411 1857 1553 1893 Ennius
1573 1859 1722 1904 eripiteo

156 1910 420 1956 (erepiteo)
440 1911 524 1947 «eui
548 1922 583 1945 n.
604 1921 794 1946 erumnam
812 1922 855 1946 ea
880 1911 1042 1947 libertate
1068 1922 1163 1956 para
1188 1911 1323 1956 quibus
1350 1923 1377 1945 s.
1398 1923 1514 1947 meam
1539 1913 1722 1948 miseriam

156 1964 355 2009 (miseria
374 1964 498 2009 pauci)
520 1963 747 2009 deprecor».'

273 2017 324 2051 ΠΙ
344 2018 439 2063 (139)
477 2016 615 2052 Paulus
635 2017 736 2052 Festi
748 2029 783 2062 p.
802 2020 880 2061 161,
897 2021 941 2052 14
954 2017 1020 2052 Th.
1039 2017 1217 2053 ‘neminis
1231 2017 1403 2063 genetivo
1424 2028 1512 2053 casu
1527 2019 1616 2055 Cato
1634 2030 1722 2054 usus

156 2071 214 2106 est
232 2081 316 2105 011111
335 2070 430 2105 dixit
443 2072 553 2106 «sunt
571 2071 677 2105 multi
689 2071 793 2106 eorde
809 2099 814 2104 .
833 2099 838 2104 .
857 2099 862 2105 .
878 2070 1086 2107 neminis».’
1103 2071 1234 2106 Festus
1250 2070 1430 2105 ‘neminis
1447 2071 1451 2118 Ι
1470 2092 1513 2097 -—
1529 2093 1572 2097 —
1588 2073 1625 2107 et
1638 2072 1721 2116 quis

157 2124 298 2160 diceret
317 2135 401 2158 cum
420 2123 469 2158 sit
485 2123 488 2171 Ι
506 2144 550 2149 --
571 2144 614 2149 -
629 2123 719 2158 vitio
740 2123 886 2160 creatis.
900 2124 1134 2168 neminisque
1151 2123 1154 2171 [
1172 2144 1215 2150 —
1235 2145 1278 2151 —
1295 2134 1340 2160 us
1359 2123 1528 2160 erectheo
1549 2124 1722 2171 «lapideo

156 2178 259 2225 0111111
276 2177 381 2214 corde
400 2177 506 2212 multi
521 2205 527 2212 .
546 2205 551 2211 .
569 2205 574 2211 .
597 2177 807 2213 neminis».'

275 2230 327 2266 IV
347 2232 443 2277 (140)
481 2230 692 2266 Macrobius
713 2230 788 2266 Sat.
804 2244 840 2265 v1
859 2235 892 2274 4,
908 2233 928 2265 6
946 2231 1047 2266 ‘tum
1065 2230 1206 2266 ferreus
1224 2230 1344 2266 hastis
1363 2231 1489 2266 horret
1509 2241 1598 2277 ager
1618 2231 1720 2278 (Aen.

156 2298 195 2321 n
214 2286 307 2331 601).
327 2285 454 2320 horret
477 2284 571 2319 mire
597 2295 635 2319 00
660 2283 792 2328 habet3
819 2284 884 2319 sed
909 2285 947 2319 et
971 2283 1113 2320 Ennius
1138 2284 1178 2319 in
1204 2285 1336 2330 quarto
1360 2284 1503 2320 decimo
1524 2285 1607 2332 [vn]
1627 2285 1723 2320 etin

157 2338 364 2375 Erechtheo
385 2339 582 2384 (erecteo
602 2337 699 2384 Par.)
721 2348 869 2374 «arma.
886 2365 892 2372 .
907 2337 1034 2374 tela».'

276 2409 558 2445 EUMENIDES
595 2409 612 2443 Ι
626 2410 721 2455 (141)
749 2408 875 2444 Cicero
890 2409 936 2443 de
950 2410 1041 2444 orat.
1057 2422 1070 2444 1
1086 2413 1143 2453 45,
1159 2413 1224 2445 199
1243 2410 1349 2454 ‘quid
1369 2411 1426 2445 est
1439 2409 1538 2446 enim
1556 2410 1723 2455 praecla-

158 2463 234 2499 rius
254 2474 368 2509 quam
385 2463 588 2499 honoribus
609 2464 646 2497 et
664 2462 719 2497 rei
731 2462 906 2508 publicae
918 2462 1133 2498 muneribus
1145 2462 1383 2508 perfunctum
1397 2474 1522 2498 senem
1534 2474 1642 2509 posse
1657 2475 1721 2499 suo

280 2589 374 2627 137.
397 2589 480 2627 138
509 2586 581 2626 Cui
607 2590 641 2626 et
665 2586 813 2633 Quibus
832 2590 930 2635 puto
954 2590 1051 2626 recte
1075 2588 1262 2627 traditum
1281 2591 1353 2627 est:
1377 2589 1550 2638 patriam
1571 2590 1671 2627 em'm
1691 2591 1725 2627 et

160 2648 263 2687 cives
283 2649 454 2696 appellat
470 2648 701 2686 Praxithea:
721 2647 767 2695 cf.
787 2647 930 2695 Earip.
949 2647 1000 2695 fr.
1018 2644 1114 2697 360,
1131 2656 1186 2696 50
1199 2647 1349 2686 Nauck.
1367 2660 1398 2685 11
1416 2642 1577 2700 χρῆσθ’,
1599 2642 1629 2686 ὦ
1648 2660 1720 2686 πο-

160 2709 270 2753 λῖται,
290 2710 372 2754 τοῖς
392 2705 499 2759 ε’μοῖς
518 2706 750 2759 λοχεύμασιν
766 2736 794 2744 ..
808 2738 814 2745 .
830 2700 860 2745 ὦ
880 2706 1017 2759 πατρίς
1036 2708 1102 2746 κτλ
1213 2708 1295 2745 142
1311 2718 1364 2755 sq.
1378 2706 1584 2755 Loquendi
1599 2718 1722 2755 ,qenus

161 2780 206 2805 ex
231 2767 390 2806 incertis
417 2768 543 2806 certos
564 2769 598 2805 et
616 2779 661 2805 ex
679 2767 1006 2814 praepositionem
1026 2769 1188 2806 extremo
1207 2778 1322 2805 versu
1334 2767 1506 2815 positam
1524 2766 1723 2804 vindicare

160 2827 292 2864 studui
315 2828 359 2864 m
382 2827 490 2865 relat.
511 2826 620 2866 acad.
642 2837 677 2863 a.
696 2823 803 2861 1888
824 2838 866 2873 p
883 2835 934 2873 42
952 2837 1005 2874 sq.
1124 2838 1196 2876 ope
1222 2838 1310 2865 mea
1335 2826 1532 2874 Reisiyms
1558 2827 1653 2864 com'.
1680 2827 1723 2864 in

161 2884 358 2934 Aristopk.
372 2898 413 2934 p
433 2894 453 2934 7
466 2895 479 2921 1
1671 2880 1673 2882 ’
