2020 3334
679 209 923 246 APULEIUS.
962 210 1091 246 FRON
1094 210 1155 247 ΤΟ
1543 213 1688 248 LXXXI

134 320 244 359 nium
275 319 382 358 dicat
411 320 716 361 innumerabilia
743 335 885 372 qenera
912 324 1082 371 piscium
1113 336 1336 364 enumerare
1367 327 1407 364 et
1437 328 1592 376 praeter
1623 339 1687 365 eos

135 380 203 429 qui
228 380 319 418 sunt
343 379 386 416 in
411 379 491 417 illis
517 380 692 419 versibus
719 382 816 420 alios
848 384 962 420 etiam
985 384 1116 422 multis
1140 385 1312 423 versibus
1338 385 1533 424 decorasse
1565 389 1598 424 et
1620 387 1688 424 ubi

130 440 302 488 qentium
327 439 486 486 quisque
511 449 654 484 eorum,
685 441 849 487 qualiter
874 452 986 479 assus
1017 445 1086 480 aut
1111 444 1325 482 iusulentus
1355 446 1492 492 optime
1527 448 1687 493 saperet,

133 511 182 536 ne
207 509 375 548 parvum
400 509 557 535 carmen
582 498 703 536 fuisse
727 500 852 548 putes.
879 499 986 538 Haec
1011 501 1078 538 ille
1097 502 1138 538 in
1159 502 1340 552 apologia
1367 498 1415 556 (c.
1438 498 1511 556 39)
1539 505 1599 542 sui
1624 503 1686 542 de-

134 556 319 595 fendendi
345 569 463 595 eausa
490 557 682 607 exposuit,
717 557 812 607 quia
837 558 1072 608 culpabatur
1099 560 1202 608 quod
1228 562 1349 598 simili
1373 562 1503 600 studio
1530 575 1686 601 noscen-

134 616 275 654 dorum
304 616 473 665 piscium
503 615 723 654 tenebatur.
757 615 871 661 Quod
900 619 942 655 in
975 617 1109 655 eadem
1141 620 1316 657 oratione
1346 614 1394 672 (c.
1419 616 1491 673 13)
1516 621 1686 671 Neopto-

134 676 227 714 lemi
253 675 427 713 Enniani
451 676 689 714 sententiam
714 675 761 713 de
786 676 1092 726 philosophandi
1116 678 1246 716 studio
1270 673 1388 731 (scen.
1411 675 1513 731 376)
1539 680 1688 729 laudat,

133 734 413 786 pervulgatum
439 736 525 772 erat
550 735 711 783 dictum,
738 734 843 784 quod
867 748 945 773 non
971 735 1099 774 solum
1125 749 1169 774 ex
1195 737 1323 775 Ennio
1350 739 1499 788 percipi
1524 741 1688 788 poterat.

137 793 245 838 Quae
276 795 482 844 praeterea
514 794 662 843 attulit,
688 789 754 847 (de
780 794 851 832 deo
879 794 984 832 Socr.
1007 788 1051 847 2)
1077 794 1271 834 distichon
1296 796 1501 834 duodecim
1530 797 1689 835 deorum

133 853 296 891 nomina
327 853 574 903 complexum
606 849 714 906 (ann.
737 848 894 906 62sq.),
928 854 1034 903 quod
1064 854 1131 892 ille
1163 856 1311 904 primus
1342 857 1591 904 memoravit,
1624 851 1689 909 (de

134 912 280 950 mundo
303 906 378 965 33)
404 925 561 951 versum
581 911 763 962 Thyestis
785 908 859 964 [v],
887 907 951 966 (de
978 913 1049 951 deo
1071 913 1175 952 Socr.
1199 908 1242 966 2)
1270 914 1314 951 de
1341 914 1547 965 Iphigenia
1572 915 1690 953 verba

135 968 216 1023 [11],
241 972 489 1021 patefaciunt
521 971 736 1022 Apuleium
774 984 844 1010 nec
883 972 1084 1010 annalium
1125 985 1194 1010 nec
1231 974 1456 1024 tragoediae
1487 974 1689 1013 Ennianae

133 1032 318 1082 ignarum
350 1031 488 1079 fuisse,
524 1032 562 1069 et
595 1043 836 1080 quamquam
869 1044 1002 1070 eorum
1035 1032 1227 1081 quaedam
1261 1032 1381 1070 etiam
1413 1033 1568 1071 aliunde
1601 1034 1691 1072 sciri

134 1091 331 1140 poterant,
355 1092 490 1128 tamen
511 1103 611 1140 quae
631 1091 690 1129 est
709 1091 791 1128 eius
811 1090 955 1140 peritia
975 1091 1094 1128 Ennii
1113 1091 1354 1141 probabilius
1375 1093 1433 1130 est
1452 1105 1523 1130 sua
1541 1105 1586 1130 ex
1605 1094 1690 1141 ipso

135 1151 255 1199 poeta
280 1150 528 1199 prompsisse.
556 1149 632 1188 Sed
657 1150 911 1188 memorabile
938 1151 996 1188 est
1023 1150 1127 1199 quod
1153 1150 1198 1188 de
1225 1151 1295 1189 deo
1323 1150 1428 1189 Socr.
1455 1164 1484 1190 c.
1507 1152 1530 1189 5
1557 1151 1692 1190 scribit

134 1221 229 1248 nam
255 1212 288 1248 et
317 1210 380 1248 ius
410 1209 625 1248 iurandum
650 1209 758 1247 Iovis
789 1209 1003 1247 iurandum
1034 1210 1176 1248 dicitur
1206 1213 1249 1247 ut
1279 1211 1336 1248 ait
1359 1210 1537 1257 Ennius;
1568 1223 1691 1260 neque

137 1269 241 1306 enim
266 1268 417 1307 Ennius
444 1268 544 1306 dixit
569 1268 629 1307 ius
655 1268 866 1306 iurandum
891 1268 995 1307 Iovis
1021 1269 1231 1307 iurandum
1257 1270 1401 1318 vocari,
1434 1269 1500 1307 sed
1527 1271 1609 1319 ipse
1635 1271 1691 1307 ita

137 1328 357 1377 appellavit
377 1340 465 1366 cum
484 1328 581 1366 dicit
602 1322 720 1381 (scen.
737 1322 841 1381 403)
862 1339 883 1365 o
902 1328 1021 1366 Fides
1041 1329 1146 1366 alma
1166 1331 1258 1376 apta
1270 1330 1408 1376 pinnis
1428 1331 1459 1367 et
1478 1330 1540 1367 ius
1558 1330 1692 1367 iuran-

135 1387 230 1425 dum
255 1387 382 1426 Iovis:
414 1400 514 1437 quae
545 1386 790 1436 respicienda
821 1388 913 1426 sunt
943 1389 986 1424 in
1021 1388 1070 1425 iis
1103 1400 1202 1437 quae
1229 1388 1278 1425 ad
1308 1389 1382 1425 inc.
1405 1388 1470 1425 48.
1493 1388 1544 1425 49
1574 1387 1692 1425 adno-

135 1447 230 1485 tavi.
263 1447 403 1485 Restat
433 1448 479 1484 ut
510 1446 629 1485 verbo
660 1448 924 1497 perstringam
956 1460 1110 1485 versum
1143 1448 1343 1485 annalium
1375 1441 1497 1500 (212)
1537 1447 1585 1485 Ut
1607 1448 1693 1495 pri-

135 1518 242 1544 mum
268 1506 430 1545 tenebris
456 1506 611 1545 abiectis
636 1506 865 1544 indalbabat
891 1506 938 1544 ab
964 1506 1118 1543 Achille
1145 1506 1273 1544 Statio
1301 1500 1369 1559 (ad
1396 1500 1613 1558 Catullum)
1647 1519 1692 1543 ex

136 1566 244 1603 sexto
265 1565 386 1603 Ennii
412 1566 578 1604 allatum
604 1564 825 1614 (inalbabat
846 1565 957 1614 dies).
985 1564 1061 1610 Qui
1081 1578 1320 1614 quamquam
1339 1564 1416 1602 dici
1436 1565 1572 1614 nequit
1591 1565 1692 1602 unde

136 1637 292 1663 versum
313 1626 518 1674 acceperit,
537 1627 672 1663 tamen
691 1637 737 1663 ex
750 1624 911 1674 Apuleii
930 1625 1296 1674 metamorphoseon
1312 1623 1413 1662 libro
1428 1637 1495 1672 vu,
1517 1625 1585 1673 qui
1597 1624 1692 1662 inci-

135 1685 197 1733 pit
224 1684 274 1723 Ut
290 1685 468 1732 primum
493 1685 656 1723 tenebris
682 1685 837 1722 abiectis
862 1684 942 1722 dies
967 1684 1162 1722 inalbebat
1187 1686 1221 1722 et
1244 1683 1453 1722 candidum
1475 1684 1569 1721 solis
1588 1695 1694 1721 eurr-

137 1743 266 1782 culum
292 1746 427 1782 cuncta
453 1744 725 1788 conlustrabat‚
759 1743 806 1781 ab
833 1756 877 1781 eo
904 1743 1179 1793 depromptum
1211 1745 1250 1781 et
1280 1744 1425 1781 temere
1456 1743 1498 1780 in
1524 1742 1694 1779 Ennium

135 1803 375 1841 translatum
401 1815 482 1842 esse
507 1804 573 1841 vix
598 1802 802 1852 probabile
822 1802 989 1851 videtur,
1009 1804 1216 1852 propterea
1237 1802 1341 1851 quod
1360 1815 1437 1839 non
1457 1802 1572 1851 plane
1591 1801 1695 1838 idem

138 1874 228 1900 cum
253 1861 423 1911 Apuleio
450 1862 565 1901 affert
590 1863 630 1900 et
657 1865 805 1900 sextum
830 1862 1014 1900 annalem
1032 1863 1212 1900 testatur.
1238 1861 1428 1910 Apuleius
1450 1874 1552 1909 vero,
1580 1873 1694 1909 quem

138 1921 259 1959 Ennii
284 1923 323 1960 et
349 1922 553 1960 annalium
578 1934 748 1972 gnarum
774 1921 892 1960 fuisse
918 1921 1099 1969 vidimus,
1132 1921 1247 1959 facile
1274 1920 1445 1958 creditur
1470 1932 1581 1958 suam
1610 1932 1693 1957 ora-

136 1982 285 2019 tionem
317 1982 446 2019 colore
472 1981 654 2019 Enniano
688 1981 922 2029 distinxisse,
955 1993 1033 2018 non
1064 1993 1172 2019 secus
1206 1992 1250 2018 ac
1281 1981 1437 2017 metam.
1458 1991 1498 2015 1x
1522 1979 1574 2016 28
1608 1990 1695 2016 eum

130 2041 307 2087 primum
337 2044 423 2079 rota
452 2041 545 2079 solis
571 2040 703 2078 lucida
731 2040 832 2078 diem
856 2041 1018 2088 peperit,
1051 2052 1150 2088 quae
1183 2040 1222 2077 et
1253 2040 1339 2087 ipsa
1370 2039 1569 2075 numerosi
1601 2037 1695 2086 quid

136 2099 294 2148 habent,
321 2113 366 2138 ex
386 2100 560 2138 Enniani
584 2111 718 2137 versus
745 2100 935 2137 memoria
959 2099 1049 2137 inde
1066 2099 1248 2147 patefecit
1271 2097 1397 2135 radiis
1421 2099 1507 2134 rota
1526 2096 1694 2134 candida

137 2159 286 2198 caelum
312 2153 419 2212 (ann.
442 2154 546 2210 558)
573 2157 730 2196 fluxisse
756 2157 950 2195 videntur.

257 2218 304 2255 In
330 2217 541 2255 Frontonis
569 2218 703 2254 autem
729 2218 768 2254 et
801 2215 1011 2255 Caesarum
1037 2216 1214 2265 epistolis
1240 2215 1405 2262 mutuis,
1437 2226 1533 2264 quas
1563 2213 1695 2252 dolen-

138 2276 231 2314 dum
264 2278 323 2314 est
354 2277 471 2314 nimis
504 2288 619 2325 saepe
649 2277 733 2314 tam
764 2275 912 2313 laceras
946 2287 990 2313 ac
1018 2274 1221 2312 mutilatas
1249 2287 1329 2312 esse
1354 2275 1401 2311 ut
1426 2272 1585 2311 difficile
1610 2285 1693 2311 sen-

137 2336 354 2374 tentiarum
378 2337 556 2374 tenorem
581 2335 778 2384 dispicias,
804 2347 883 2372 non
907 2335 1038 2383 potest
1069 2347 1147 2372 non
1180 2333 1333 2372 adverti
1365 2345 1483 2382 quam
1514 2332 1695 2381 frequens

139 2395 261 2433 fuerit
287 2395 438 2434 Ennius
466 2395 504 2432 et
531 2395 651 2433 ceteri
675 2395 816 2443 poetae
843 2393 1078 2443 antiquioris
1105 2394 1194 2431 aevi
1219 2392 1433 2431 disserendi
1462 2390 1696 2429 admonendi

140 2454 355 2503 quaerendi
381 2456 420 2492 et
444 2453 706 2503 respondendi
732 2454 1016 2504 argumentum.
1050 2452 1171 2490 Ennii
1202 2452 1378 2490 carmina
1408 2451 1580 2489 studiose
1611 2451 1695 2488 tum

139 2514 320 2552 lectitata
346 2527 427 2552 esse
453 2514 516 2552 vel
542 2514 636 2552 haec
657 2512 867 2551 Frontonis
893 2512 1091 2550 testantur
1116 2511 1163 2549 de
1194 2511 1303 2549 feriis
1329 2509 1573 2548 Alsiensibus
1595 2510 1618 2546 3
1647 2508 1695 2546 ad

139 2572 388 2611 Antoninum
419 2573 643 2624 Augustum
674 2586 710 2621 p.
734 2572 817 2609 224
846 2571 946 2609 Nab.
971 2583 1039 2609 nec
1070 2571 1200 2609 dubito
1231 2572 1326 2618 quin
1357 2573 1390 2608 te
1421 2569 1472 2607 acl
1502 2570 1623 2616 ferias
1653 2569 1695 2604 in

137 2643 286 2670 secessu
316 2634 512 2671 maritimo
542 2632 732 2681 fruendas
763 2632 819 2669 ita
851 2631 1108 2678 compararis,
1142 2632 1185 2668 in
1215 2630 1291 2667 sole
1322 2628 1535 2667 meridiano
1566 2630 1634 2664 ut.
1657 2655 1663 2663 .
1686 2655 1693 2662 .

138 2703 226 2729 mox
250 2694 293 2729 ut
317 2694 350 2730 te
374 2692 546 2730 studium
571 2691 718 2739 leyendi
743 2691 956 2728 incessisset
981 2692 1049 2727 aut
1073 2692 1105 2727 te
1123 2689 1262 2726 Plauto
1288 2687 1471 2735 eapolires
1494 2688 1561 2723 aut
1578 2684 1694 2722 Accio

140 2751 306 2798 expleres
332 2754 401 2789 aut
424 2751 606 2789 Lucretio
632 2750 816 2788 delenires
842 2751 911 2787 aut
935 2749 1067 2787 Ennio
1098 2748 1316 2786 incenderes
1346 2748 1388 2784 in
1418 2746 1551 2783 horam
1581 2744 1694 2780 istam

139 2821 342 2848 musarum
360 2812 568 2858 propriam
593 2811 778 2858 quintam,
802 2808 892 2847 inde
917 2808 1097 2846 libris...
1123 2807 1169 2845 In
1189 2806 1355 2855 epistola
1375 2806 1505 2842 autem
1525 2802 1573 2840 ad
1592 2801 1695 2838 Mar-

141 2880 228 2906 cum
255 2867 461 2908 Caesarem
480 2882 525 2906 111
549 2869 599 2907 16
629 2881 716 2906 cum
742 2869 885 2918 agatur
910 2867 956 2904 de
983 2867 1230 2916 eloquentiae
1259 2876 1396 2915 genere
1424 2860 1526 2910 quod
1553 2859 1695 2897 Caesar

141 2928 247 2965 colat
266 2930 306 2966 et
325 2928 376 2966 ad
394 2929 436 2966 id
456 2941 556 2978 quae
576 2929 693 2966 lectio
713 2928 881 2965 maxime
902 2927 1011 2965 utilis
1031 2926 1163 2973 fuerit,
1182 2925 1277 2962 haec
1297 2922 1432 2961 scribit
1445 2933 1480 2969 p.
1497 2919 1606 2957 54N.
1620 2930 1694 2957 mc-

212 3000 237 3024 E
245 3006 365 3026 uuuuu
387 3000 423 3026 ed
451 3001 580 3027 Vahlen.
1470 2985 1487 3018 f

1741 3030 1747 3057 l
