2004 3278
303 187 410 223 CCIV
793 185 836 220 H.
863 185 928 220 DE
953 184 1107 220 LIBRIS
1132 183 1365 219 ENNIANIS

303 311 400 338 cava
414 310 481 347 eqs
496 292 548 351 (1)
564 297 718 336 duobus
731 297 860 347 poetis
874 309 1079 335 commune
1093 296 1191 335 satis
1205 298 1265 335 est
1277 296 1512 335 documenti.
1533 297 1644 343 Quae
1657 299 1862 347 praeterea

305 359 457 396 restant
488 370 534 394 ex
553 356 672 394 Ennii
691 356 838 405 fabula,
865 369 1000 395 eorum
1018 369 1058 394 11.
1080 369 1135 394 111.
1155 368 1207 395 lv.
1227 369 1263 395 v.
1284 369 1326 394 vl
1346 356 1397 394 ad
1414 357 1541 395 feram
1559 356 1862 396 interimendam

303 417 516 467 pertinent,
546 417 588 453 in
621 415 762 465 quibus
788 418 881 454 sunt
907 429 1009 465 quae
1034 429 1113 454 non
1138 417 1243 454 recte
1267 417 1489 454 tractentur
1514 428 1538 453 a
1565 415 1701 455 doctis.
1733 415 1862 467 Argu-

301 477 482 514 mentum
514 476 636 514 refert
666 475 818 525 Hygini
849 475 986 513 fabula
1013 476 1067 513 64
1103 474 1286 524 Cassiope
1321 475 1429 522 filiae
1463 487 1559 514 suae
1588 474 1864 515 Andromedae

299 537 467 583 formam
492 535 726 573 Nereidibus
758 537 985 583 anteposuit.
1020 534 1074 573 Ob
1105 535 1148 573 id
1178 535 1385 582 Neptunus
1416 536 1681 583 apostalavit,
1712 538 1756 573 ut
1778 534 1862 574 An-

301 594 485 633 dromeda
509 594 648 642 Cephei
671 595 758 641 filia
783 597 859 633 ceto
884 595 1119 633 obiiceretur.
1153 594 1261 642 Quae
1285 606 1372 633 cum
1403 597 1498 632 esset
1521 595 1676 639 obieeta,
1700 595 1863 634 Perseus

301 654 495 692 Mercurii
520 654 712 692 talaribus
736 654 873 692 volans
898 665 939 692 eo
964 655 1107 692 dicitur
1136 655 1284 692 venisse
1315 656 1350 692 et
1379 665 1464 692 eam
1495 654 1677 692 liberasse
1708 666 1733 692 a
1756 655 1863 702 peri-

301 713 396 751 cul0.
430 713 555 761 Quam
586 725 673 751 cum
704 713 891 752 abducere
920 714 1044 758 vellet,
1085 712 1255 761 Cepheus
1278 715 1396 760 pater
1426 725 1514 751 cum
1542 711 1720 761 Ayenore
1752 714 1864 752 cuius

299 783 443 820 sponsa
461 773 539 820 fuit
549 773 733 811 Perseum
749 773 849 811 clam
860 774 1072 820 interficere
1085 773 1298 810 voluerunt.
1318 772 1399 810 Ille
1417 774 1567 821 coynita
1579 784 1622 811 re
1634 775 1751 820 caput
1765 772 1864 811 Gor-

298 832 411 880 yonis
430 833 484 870 eis
503 832 676 876 ostendit,
696 843 898 880 omnesque
917 833 965 870 ab
985 833 1159 870 humana
1177 834 1300 880 specie
1318 834 1410 870 sunt
1427 833 1631 880 informati
1648 833 1693 870 in
1713 843 1863 870 saxum.

300 891 462 929 Perseus
483 903 569 929 cum
587 890 841 930 Andromeda
859 893 902 929 in
919 893 1092 939 patriam
1110 892 1219 930 redit.
1239 891 1354 929 Addo
1374 904 1420 929 ex
1439 891 1639 930 Eratosth.
1654 892 1793 929 catast.
1810 892 1862 929 17

301 964 338 1000 p.
363 950 444 988 118
460 950 556 988 Rob.
578 945 668 988 ἀνθ’
691 944 747 988 ὧν
767 953 941 989 σωθεῖσα
960 949 1037 989 ὑπὸ
1057 956 1126 989 τοῦ
1140 948 1322 1002 Περσέως
1341 949 1412 1002 οὐχ
1431 949 1550 988 εἵλετο
1569 953 1622 1004 τῷ
1641 948 1757 1002 πατρὶ
1769 961 1864 1001 συμ-

305 1006 435 1059 μένειν
462 1006 553 1048 οὐδὲ
579 1015 624 1063 τῇ
646 1008 760 1060 μητρὶ
779 1005 856 1048 ἀλλ’
878 1009 1114 1062 αὐθαίρετος
1133 1009 1187 1056 εἰς
1207 1009 1248 1048 τὸ
1258 1007 1400 1061 ’Ἀργος
1419 1007 1574 1061 ἀπῆλθε
1595 1005 1669 1060 μετ’
1698 1007 1864 1056 ἐκείνου,

303 1080 404 1117 quae
429 1069 556 1107 lucem
582 1069 752 1107 afferunt
776 1070 826 1108 iis
853 1082 955 1118 quae
981 1071 1155 1107 extrema
1179 1070 1305 1119 posui,
1332 1069 1473 1118 quibus
1497 1068 1751 1108 Andromeda
1776 1082 1865 1107 cum

301 1127 443 1166 Perseo
469 1128 516 1166 de
542 1128 736 1167 connubio
763 1130 802 1166 et
828 1142 916 1167 cum
941 1131 1067 1166 matre
1094 1130 1129 1166 ei
1155 1129 1387 1167 adversante
1413 1129 1499 1179 agit
1521 1123 1608 1180 (vn.
1628 1140 1711 1166 vm.
1731 1122 1803 1181 lx).

419 1187 479 1225 De
503 1187 793 1226 Athamante
821 1188 941 1225 Ennii
969 1189 1036 1237 qui
1069 1189 1189 1226 semel
1219 1189 1462 1225 memoratur
1494 1187 1657 1226 adiectis
1691 1188 1865 1236 quinque

302 1245 479 1284 versibus
499 1248 696 1285 continuis
716 1247 845 1285 Ennio
866 1248 929 1285 cui
950 1247 1168 1286 abiudicati
1188 1249 1280 1286 sunt
1299 1246 1500 1298 perdignis
1520 1259 1599 1285 non
1618 1247 1743 1285 habeo
1761 1246 1865 1296 quod

302 1306 476 1344 afferam.

419 1364 466 1401 In
487 1364 781 1414 Cresphonte
801 1367 957 1405 secutus
978 1378 1064 1404 sum
1084 1379 1148 1404 eas
1168 1367 1341 1404 rationes
1363 1377 1460 1415 quas
1480 1366 1575 1404 olim
1590 1366 1753 1415 exposui
1767 1360 1864 1418 (vid.

301 1423 351 1461 ad
376 1419 475 1477 ind.)
509 1424 723 1463 adiuvante
754 1426 966 1475 praecipue
997 1425 1149 1476 Hygini
1180 1425 1316 1464 fabula
1345 1426 1426 1463 137
1454 1426 1626 1473 Merope.
1650 1425 1866 1474 Polyphon-

300 1485 353 1521 tes
390 1484 611 1522 Messeniae
642 1496 709 1523 reoe
743 1484 1012 1532 Cresphontem
1042 1484 1306 1524 Aristomachi
1336 1486 1464 1531 filium
1494 1497 1581 1523 cum
1617 1485 1867 1532 interfecisset

301 1544 383 1581 eius
408 1544 615 1591 imperium
641 1546 675 1582 et
698 1545 888 1592 Meropen
918 1556 1076 1583 uxorem
1107 1545 1251 1592 accepit
1279 1545 1318 1582 et
1347 1545 1429 1582 184
1460 1544 1714 1592 Polyphontes
1745 1545 1866 1582 occiso

304 1601 533 1649 Cresphonte
566 1615 728 1651 reynum
765 1605 974 1651 occupavit.
1012 1604 1164 1642 Filium
1201 1606 1329 1642 autem
1366 1605 1447 1641 eius
1484 1605 1675 1651 infantem
1705 1604 1867 1650 Merope

300 1663 423 1699 mater
447 1673 558 1709 quem
582 1674 627 1700 ex
655 1662 884 1709 Cresphonte
908 1663 1070 1701 habebat
1100 1664 1280 1701 absconse
1311 1663 1363 1700 ad
1393 1663 1577 1709 hospitem
1605 1664 1648 1699 in
1671 1659 1867 1700 Aetoliam

300 1721 513 1758 mandavit.
538 1722 658 1759 Hunc
681 1722 934 1770 Polyphontes
958 1721 1131 1760 mamima
1156 1734 1243 1760 cum
1266 1722 1464 1760 industria
1482 1722 1688 1769 quaerebat
1706 1733 1866 1759 aurum-

301 1791 373 1827 que
390 1781 647 1827 pollicebatur
670 1782 706 1819 si
730 1782 816 1828 quis
843 1793 928 1819 eum
952 1784 1131 1820 necasset.
1160 1781 1235 1829 Qui
1252 1783 1461 1828 postquam
1486 1781 1539 1818 ad
1556 1781 1743 1828 puberem
1763 1783 1867 1819 aeta-

301 1841 374 1877 tem
392 1841 505 1884 venit,
525 1841 629 1887 capit
646 1841 849 1878 consilium
868 1843 911 1878 ut
929 1843 1157 1888 exsequatur
1168 1842 1299 1887 patris
1318 1842 1352 1878 et
1363 1841 1533 1888 fratrum
1545 1843 1714 1878 mortem.
1728 1840 1867 1888 Itaque

301 1900 405 1936 venit
429 1899 481 1936 ad
505 1910 630 1947 reyem
649 1899 922 1947 Polyphontem
941 1912 1084 1937 aurum
1095 1901 1259 1947 petitum
1279 1899 1408 1937 dicens
1426 1911 1466 1937 se
1488 1898 1732 1947 Cresphontis
1750 1900 1867 1937 inter-

302 1958 436 2005 fecisse
465 1958 594 2005 filium
626 1961 659 1996 et
689 1959 870 2006 Meropes
905 1959 982 1997 Tel
990 1960 1236 2007 ephontem.
1269 1958 1434 1996 Interim
1464 1969 1532 1996 rea:
1563 1970 1649 1996 eum
1679 1960 1795 1996 iussit
1823 1960 1867 1996 in

302 2017 464 2064 hospitio
489 2028 646 2056 manere
670 2020 713 2055 ut
737 2019 906 2065 amplius
932 2019 978 2056 de
1009 2029 1049 2056 eo
1067 2019 1318 2066 perquireret.
1353 2017 1428 2066 Qui
1453 2029 1539 2056 cum
1563 2029 1638 2065 per
1669 2018 1867 2056 lassitudi-

300 2088 388 2114 nem
419 2076 678 2122 obdormisset,
707 2089 821 2115 senex
854 2079 921 2125 qui
949 2079 1050 2116 inter
1079 2080 1241 2115 matrem
1272 2080 1306 2115 et
1335 2077 1463 2124 filium
1492 2078 1754 2115 internuntius
1785 2079 1869 2114 erat

302 2137 399 2183 flens
425 2136 477 2174 ad
496 2137 686 2184 Meropen
709 2138 814 2174 venit
835 2148 982 2185 neyans
1007 2148 1093 2174 eum
1119 2137 1226 2184 apud
1250 2137 1434 2183 hospitem
1453 2147 1531 2174 esse
1549 2147 1618 2174 nec
1636 2147 1866 2183 comparere.

302 2195 463 2242 Merope
488 2196 643 2234 credens
669 2207 755 2234 eum
778 2207 856 2234 esse
880 2196 956 2243 filii
980 2197 1044 2234 sui
1067 2197 1345 2244 interfectorem
1370 2197 1437 2243 qui
1461 2195 1674 2233 dormiebat
1696 2196 1741 2233 in
1764 2195 1866 2233 chal-

302 2254 468 2292 cidicum
493 2267 580 2293 cum
603 2257 730 2294 securi
748 2256 851 2294 venit
868 2257 995 2294 inscia
1013 2258 1056 2293 ut
1073 2255 1201 2303 filium
1219 2266 1335 2293 suum
1352 2255 1589 2302 interficeret.
1618 2254 1736 2302 Quem
1753 2265 1868 2292 senex

303 2315 476 2362 coynovit
500 2317 535 2352 et
557 2317 719 2353 matrem
745 2316 793 2353 ab
818 2315 955 2353 scelere
979 2316 1151 2353 retraxit.
1177 2315 1338 2361 Merope
1356 2317 1564 2362 postquam
1587 2314 1686 2351 vidit
1703 2314 1867 2351 occasio-

302 2384 390 2411 nem
419 2373 495 2411 sibi
526 2374 660 2412 datam
691 2385 769 2412 esse
797 2375 846 2412 ab
877 2375 1034 2412 inimico
1063 2385 1104 2412 se
1134 2373 1361 2417 ulciscendi,
1392 2373 1492 2411 redit
1521 2385 1609 2411 cum
1632 2373 1867 2421 Polyphonte

302 2433 346 2470 in
368 2433 550 2481 qratiam.
576 2433 661 2471 Rex
685 2433 807 2471 laetus
833 2445 919 2471 cum
943 2445 1025 2471 rem
1050 2433 1226 2471 divinam
1250 2433 1404 2480 faceret,
1427 2432 1562 2479 hospes
1586 2432 1688 2480 falso
1705 2432 1867 2470 simula-

303 2492 358 2529 vit
380 2503 420 2530 se
439 2493 602 2530 hostiam
614 2503 895 2540 percussurum
914 2487 1039 2545 esse*)
1060 2503 1218 2540 eumque
1236 2492 1426 2539 interfecit
1435 2492 1688 2538 patriumque
1705 2502 1867 2539 reynum

304 2550 466 2598 adeptus
492 2554 554 2589 est.
581 2551 641 2588 Ex
664 2552 726 2590 his
752 2551 902 2601 sumpsi
928 2564 1029 2600 quae
1055 2551 1104 2589 ad
1131 2550 1380 2600 explicandos
1406 2561 1602 2588 sermones
1622 2550 1662 2587 et
1679 2561 1866 2598 personas

305 2609 566 2659 designandas
592 2610 795 2659 adscripsi,
826 2611 905 2649 nisi
930 2611 1035 2660 quod
1060 2610 1187 2648 filium
1214 2609 1409 2648 infantem
1439 2608 1618 2657 Meropes
1650 2621 1729 2646 non
1755 2608 1864 2646 Tele-

303 2669 493 2718 phontem
507 2668 574 2707 sed
587 2671 859 2719 cognominem
873 2671 980 2719 patri
995 2668 1277 2719 Cresphontem
1291 2668 1486 2718 appellari
1498 2668 1634 2715 malui,
1649 2666 1753 2716 quod
1763 2666 1867 2705 idem

421 2817 451 2862 *)
473 2828 730 2862 percussurum
755 2828 826 2853 esse
849 2828 916 2862 pro
938 2818 1156 2862 percussisse
1178 2816 1226 2851 M.
1249 2815 1486 2851 Schmidtius.
1513 2814 1671 2850 Videtur
1693 2814 1786 2849 haec
1806 2824 1865 2849 res

305 2864 685 2956 gfgtssqgssgoaffiegam
704 2864 781 2899 fere
801 2865 952 2899 modum
973 2876 1045 2909 quo
1059 2864 1281 2909 Aegisthum
1296 2862 1443 2900 Orestes
1462 2863 1501 2898 in
1514 2861 1704 2908 Euripidis
1718 2861 1866 2897 Electra
