2054 3282
333 194 416 236 140
1004 184 1203 221 scnch

1028 369 1180 396 MEROPA

332 425 411 467 131
444 422 593 478 Neque
618 424 774 463 terram
800 419 971 462 iniicere
996 433 1133 473 neque
1160 420 1334 460 cruenta
1359 418 1596 460 convestire
1621 432 1793 473 corpora

445 494 561 535 Mihi
578 492 702 534 licuit
720 505 856 546 neque
877 490 1056 532 miserae
1074 488 1214 531 lavere
1233 488 1433 531 lacrimae
1448 488 1606 531 salsum
1622 490 1884 546 sanguinem.

1084 593 1118 628 V

839 660 1105 687 CRESPHONTES
1122 661 1192 686 POL
1200 660 1276 686 YPH
1276 660 1364 687 01le

330 712 413 755 133
444 710 560 754 Audi
585 713 711 766 atque
737 709 892 752 auditis
917 708 1227 752 hostimentum
1253 708 1487 765 adiungito.
1558 751 1560 753 ,

873 880 1139 907 GRESPHONTES
1156 880 1338 906 MEROPAE

327 931 412 972 134
441 930 536 986 Ego
562 943 674 972 meae
698 943 789 971 cum
814 928 926 971 vitae
957 942 1141 983 parcam,
1163 928 1299 970 letum
1325 927 1498 971 inimico
1526 928 1734 984 deprecer.

443 1034 544 1077 Quae
569 1035 764 1079 praeterea
790 1034 838 1068 ad
863 1033 960 1068 hanc
985 1033 1220 1079 tragoediam
1242 1033 1362 1069 relata
1384 1035 1480 1077 sunt,
1501 1045 1546 1069 ex
1563 1034 1656 1070 rhet.
1678 1035 1727 1070 ad
1745 1034 1885 1070 Heren-

325 1088 427 1123 nium
446 1101 473 1123 11
494 1092 548 1130 24,
565 1091 607 1122 38
629 1089 665 1122 et
684 1101 711 1122 11
732 1090 787 1130 25,
803 1091 860 1130 39,
880 1097 925 1122 ea
945 1088 1011 1122 aut
1029 1098 1103 1123 non
1124 1086 1172 1122 ad
1185 1086 1347 1122 Ennium
1368 1088 1441 1132 aut,
1452 1099 1526 1123 non
1546 1088 1595 1123 ad.
1607 1088 1705 1124 hanc
1717 1088 1886 1124 fabulam

326 1141 510 1186 pertinere
524 1140 741 1176 Wecklinus
761 1141 942 1186 probavit.
1302 1154 1305 1157 ’

910 1282 1303 1328 eunomianus
1328 1257 1330 1259 ’

989 1378 1211 1472 ΡΒΑΧΞΤΗΕΑ

326 1493 407 1535 135
1209 1496 1258 1536 ut
1282 1508 1360 1536 nos
1386 1493 1523 1536 nostri
1548 1493 1671 1536 liberi

440 1565 693 1621 Defendant,
718 1579 796 1621 pro
821 1567 969 1608 nostra
993 1565 1083 1608 vita
1107 1566 1236 1608 morti
1263 1566 1518 1608 occumbant
1543 1565 1712 1608 obviam

438 1694 489 1729 IV
502 1695 598 1740 (131)
629 1694 841 1730 Macrobius
856 1694 930 1729 Sat.
945 1707 982 1730 VI
997 1698 1029 1738 2,
1044 1698 1086 1729 21
1105 1695 1115 1712 ‘
1125 1705 1192 1730 nec
1205 1696 1242 1729 te
1257 1696 1323 1730 tua
1335 1694 1468 1729 funera
1479 1695 1600 1730 mater
1611 1694 1771 1740 produxi
1784 1705 1885 1744 pres-

323 1747 397 1782 sive
423 1748 547 1783 oculos
574 1750 640 1783 aut
664 1748 817 1783 vulnera
845 1748 920 1783 lavi
943 1748 1045 1794 (Aen.
1070 1762 1108 1783 1x
1133 1750 1226 1794 484).
1259 1748 1401 1783 Ennius
1426 1748 1466 1783 in
1493 1747 1719 1793 Cresphonte
1748 1748 1886 1794 (cresi

322 1801 490 1846 phonte
509 1802 591 1837 Par.
608 1802 926 1847 cressiphonte
947 1801 1026 1847 alii)
1041 1812 1184 1846 «neque
1203 1803 1228 1836 t.
1244 1801 1382 1837 inicere
1397 1830 1403 1836 .
1421 1830 1427 1836 .
1445 1830 1450 1836 .
1466 1802 1557 1837 mihi
1575 1813 1728 1847 corpora
1743 1830 1749 1836 .
1767 1829 1774 1836 .
1791 1830 1796 1836 .
1813 1801 1885 1836 sal-

323 1865 403 1888 sum
421 1856 504 1900 (om.
519 1855 616 1901 Par.)
630 1855 900 1901 sanguinem».'

439 1908 472 1943 V
483 1910 578 1953 (133)
603 1909 734 1944 Festus
745 1922 780 1955 p.
791 1912 870 1952 370,
881 1912 923 1943 27
933 1909 998 1943 Th.
1011 1909 1021 1926 ‘
1031 1908 1238 1944 redhostire
1248 1908 1384 1944 referre
1395 1908 1567 1955 gratiam.
1576 1908 1739 1944 Naevius
1750 1909 1883 1955 [praet.

324 1966 343 1996 6
353 1962 412 2008 R]
422 1964 460 1998 et
468 1962 602 1998 Accius
612 1964 670 2009 [92
682 1963 754 2010 R.].
766 1974 853 1998 nam
868 1964 906 1998 et
917 1962 1090 2009 hostie&
1098 1973 1119 1997 o
1129 1974 1144 1997 s
1153 1962 1213 1997 tir
1221 1973 1240 1997 e
1253 1962 1406 2008 Paulus)
1415 1974 1482 2008 pro
1497 1973 1657 2007 aequare
1669 1963 1882 2008 posuerunt.

321 2015 462 2050 Ennius
486 2016 526 2050 in
550 2016 768 2062 chresponte
789 2017 922 2053 «audis
943 2045 949 2051 .
967 2045 972 2050 .
990 2044 996 2050 .
1019 2016 1238 2062 adiungito»
1260 2017 1297 2050 et
1316 2016 1356 2050 in
1374 2016 1544 2051 Hectoris
1563 2015 1671 2061 lytris
1685 2016 1738 2062 [x]
1760 2017 1797 2050 et
1815 2015 1884 2051 Pa—

323 2068 426 2102 cuius
439 2069 521 2114 [346
535 2069 622 2116 R.].’
707 2069 759 2105 Cf.
772 2069 910 2104 Paulus
924 2069 1026 2105 Festi
1038 2081 1074 2115 p.
1089 2073 1144 2113 73,
1154 2073 1174 2104 6
1186 2069 1252 2104 Th.
1267 2070 1278 2087 ³
1287 2069 1555 2106 hostimentum
1567 2069 1739 2104 beneficii
1751 2079 1884 2115 pensa-

322 2121 400 2156 tio.'
418 2121 451 2156 Cr
470 2122 524 2157 Gl.
540 2123 578 2157 L.
593 2136 630 2158 v1
649 2136 684 2168 p.
701 2127 779 2158 529.

440 2174 490 2209 VI
504 2177 599 2222 (134)
626 2176 766 2211 Gellius
780 2190 831 2212 v11
853 2180 908 2220 16,
922 2181 942 2211 9
960 2176 1015 2219 Ὦ.
1031 2176 1172 2211 Ennius
1185 2177 1225 2211 in
1239 2177 1445 2212 Erechtheo
1459 2187 1533 2212 non
1546 2176 1657 2222 longe
1671 2186 1775 2210 secus
1790 2175 1886 2210 dixit

323 2238 435 2271 quam
451 2227 617 2264 Catullus
634 2231 709 2276 [11]:
731 2230 858 2276 signat
877 2230 989 2276 abigo
1010 2231 1048 2265 et
1067 2230 1223 2265 amolior
1241 2230 1299 2265 vel
1318 2241 1427 2275 prece
1448 2229 1620 2265 adhibita
1638 2229 1696 2264 vel
1716 2240 1788 2274 quo
1810 2228 1883 2264 alio

322 2280 441 2316 modo.
457 2281 486 2301 ¹⁰
498 2281 588 2317 item
607 2283 748 2318 Ennius
768 2284 808 2319 in
829 2283 1011 2319 cresfonte
1033 2294 1125 2330 «ego
1145 2295 1226 2319 cum
1245 2295 1342 2320 meae
1358 2312 1363 2318 .
1381 2312 1387 2318 .
1405 2312 1410 2317 .
1431 2283 1614 2329 depcer»)

441 2364 759 2401 ERECHTHEUS
785 2367 907 2412 I(135)
923 2366 1069 2402 Servius
1077 2366 1408 2402 Danielin.inAen.
1418 2379 1446 2401 11
1461 2369 1504 2401 62
1515 2378 1550 2411 p.
1562 2369 1641 2409 226,
1651 2365 1797 2401 16Thil.
1809 2365 1883 2401 ‘oc-

322 2514 461 2560 scripsi
481 2515 515 2551 et
525 2516 810 2561 pentametrum
829 2516 1062 2554 trochaicum
1081 2516 1279 2563 descripsi,
1300 2516 1346 2554 de
1360 2526 1432 2563 quo
1443 2526 1580 2563 yenere
1594 2515 1615 2551 l.
1628 2526 1658 2552 s.
1670 2525 1697 2552 c.
1714 2514 1815 2552 dixi:
1834 2513 1881 2560 cf.

329 2582 343 2607 1
356 2581 497 2618 2.104.
513 2582 527 2607 1
540 2580 633 2620 77.1
645 2571 739 2620 841
751 2571 803 2610 86
901 2576 980 2613 131
995 2586 1049 2622 sq.
1062 2587 1227 2624 corpora
1236 2574 1335 2612 Mihi
1346 2574 1510 2612 Bothius
1609 2574 1690 2611 132
1706 2573 1883 2621 miserae,

321 2644 392 2669 nec
408 2632 566 2669 Vossius
671 2633 752 2670 133
767 2632 874 2671 Audi
886 2633 1074 2683 Scaliyer:
1089 2634 1201 2672 audis
1306 2634 1389 2672 134
1403 2645 1513 2671 meae
1528 2645 1615 2671 cum
1628 2632 1794 2670 Bothius

321 2690 375 2728 Im
395 2692 631 2730 contrariam
642 2694 797 2739 partem
809 2692 1039 2742 Eurypylus
1058 2694 1231 2741 disputat
1250 2703 1263 2728 1
1274 2691 1325 2740 67
1351 2694 1418 2742 qui
1438 2693 1553 2731 alteri
1572 2692 1735 2730 exitium
1754 2692 1881 2740 parat,

322 2763 411 2788 eum
430 2751 528 2789 scire
548 2752 702 2801 oportet
721 2750 797 2789 sibi
815 2753 1000 2801 paratum
1013 2754 1164 2803 pestem
1182 2754 1228 2791 ut
1241 2752 1453 2803 participet
1465 2764 1609 2802 parem.
1622 2751 1690 2790 Ita
1704 2751 1770 2798 qm·
1788 2762 1883 2789 suae

321 2811 422 2848 vitae
438 2811 581 2858 parcit,
595 2813 733 2858 parcet
750 2811 901 2850 alienae
918 2823 987 2850 nec
1005 2813 1159 2851 inimico
1179 2813 1294 2850 letum
1307 2813 1445 2859 offerre
1456 2811 1600 2860 poterit
1708 2809 1790 2849 135
1811 2820 1882 2848 nos

322 2870 448 2907 nostri
459 2863 545 2921 (hoc
565 2881 650 2908 cum
667 2870 745 2909 cod.
764 2867 925 2921 Caesel.)
942 2873 975 2909 et
997 2871 1078 2909 136
1100 2872 1236 2910 nostra
1249 2871 1480 2910 Ribbeckius
1491 2870 1698 2918 proposuit
1708 2869 1883 2916 idemque

321 2929 544 2975 repudiavit
556 2941 659 2978 prae
684 2930 869 2968 librorwm
888 2931 1084 2978 scriptura
