2020 3334
258 238 326 273 XII
819 238 844 272 1.
871 237 1100 273 HISTORIA
1123 238 1191 274 EN
1191 238 1262 274 ΝΠ

258 351 359 389 nihil
404 351 485 389 tale
529 349 686 389 aliunde
728 352 972 399 compertum
1015 352 1091 389 est:
1131 350 1199 389 sed
1237 350 1425 391 Suetonio
1466 352 1585 392 fidem
1629 353 1818 392 habentes

260 411 391 448 animo
428 409 539 449 nobis
576 409 834 448 informamus
873 409 1046 447 Ennium
1083 410 1152 459 qui
1187 408 1303 448 Livio
1339 410 1506 451 fortasse
1542 413 1624 451 iam
1662 413 1819 451 mortuo

257 469 425 508 Romam
456 469 566 507 venit
595 468 701 506 idem
731 467 906 507 officium
936 468 1124 507 mercedis
1162 481 1283 508 causa
1312 470 1440 519 primo
1477 473 1568 520 post
1605 471 1819 510 adventum

259 531 434 578 tempore
477 527 724 577 aliquamdiu
767 528 999 567 sustinuisse
1043 541 1166 578 eaque
1209 529 1443 567 necessitate
1491 530 1820 579 quemadmodum

258 588 394 626 Livius
420 586 634 637 odysseam
665 588 796 637 ipsum
821 588 902 626 alia
932 588 1196 637 composuisse
1227 587 1369 637 quibus
1399 588 1442 625 in
1473 587 1656 628 docendis
1686 590 1819 640 pueris

258 648 445 686 uteretur.

377 705 441 743 Ad
471 706 568 745 haec
598 707 848 756 potissimum
878 707 1060 756 tempora
1090 706 1224 745 credas
1254 707 1452 756 pertinere
1478 707 1584 756 quod
1609 707 1657 745 ab
1681 707 1820 746 Hiero-

258 778 377 815 nymo
416 765 561 804 dicitur
591 777 715 813 parco
753 765 963 804 admodum
1000 768 1159 814 swmptu
1195 769 1390 805 contentus
1427 769 1462 805 et
1499 768 1619 805 umus
1656 766 1822 805 millae

259 826 485 870 ministerio,
517 838 757 875 quamquam
783 823 917 863 Cicero
944 823 1134 863 Catonem
1165 825 1212 862 de
1237 837 1327 863 sene
1352 825 1481 864 Ennio
1512 826 1572 864 ita
1595 826 1821 876 loquentem

260 885 359 922 facit
390 879 547 937 (Caton.
579 898 630 922 m.
659 885 697 933 5,
726 878 799 936 14)
836 884 984 932 ferebat
1019 884 1095 922 duo
1133 896 1231 932 quae
1266 885 1441 923 maxima
1466 888 1661 932 putantur
1691 896 1821 930 onera,

251 946 525 992 paupertatem
556 947 590 982 et
618 946 855 988 senectutem,
886 946 929 981 ut
958 945 1013 982 eis
1036 955 1164 991 paene
1189 943 1369 982 delectari
1392 944 1586 982 videretur
1610 938 1676 997 (cf.
1703 956 1823 994 supra

258 1017 294 1052 p.
321 997 414 1055 vn):
447 1015 547 1052 quae
579 1016 699 1052 quam
730 1005 838 1041 certa
868 1003 948 1041 sint
986 1004 1025 1040 et
1061 1002 1164 1040 unde
1202 1002 1338 1050 ducta,
1378 1015 1493 1053 aegre
1525 1002 1698 1041 definias.
1744 1003 1822 1042 Sed

258 1063 330 1100 illa
366 1062 618 1111 Hieronymi,
661 1064 706 1100 ut
748 1063 853 1100 recte
893 1061 1134 1109 iudicentur,
1176 1062 1271 1100 licet
1307 1062 1474 1100 forta-sse
1515 1075 1561 1100 ex
1598 1075 1675 1112 quo
1713 1063 1822 1102 fonte

258 1122 386 1171 petita
416 1122 496 1160 511113
532 1135 611 1160 11011
648 1122 731 1160 51116
768 1121 1050 1171 probabilitate
1088 1121 1367 1160 demonstrare.
1405 1121 1450 1158 In
1485 1120 1682 1160 Ciceronis
1717 1123 1822 1160 enim

259 1180 428 1219 secundo
472 1181 518 1219 de
563 1181 735 1229 oratore,
778 1180 847 1218 ubi
890 1180 937 1218 de
974 1180 1230 1219 ridiculorum
1268 1182 1307 1219 et
1342 1181 1576 1218 facetiarum
1615 1181 1822 1231 generibus

261 1240 411 1290 agitur,
448 1253 471 1278 a
501 1253 531 1278 c.
561 1241 629 1288 68,
651 1241 733 1278 275
772 1240 897 1278 Iulius
931 1238 1075 1278 Caesar
1110 1239 1206 1278 haec
1244 1240 1438 1289 disputat:
1477 1240 1542 1277 Ex
1579 1251 1652 1288 quo
1686 1252 1823 1289 yenere

260 1302 314 1337 est
350 1301 465 1337 etiam
501 1311 580 1337 non
617 1300 741 1338 videri
776 1299 986 1344 intelliqere
1016 1299 1118 1347 quod
1147 1299 1357 1348 intelliyas,
1395 1302 1437 1336 ut
1462 1329 1470 1337 .
1498 1329 1506 1336 .
1534 1329 1542 1337 .
1573 1299 1673 1337 illud
1703 1300 1823 1338 Nasi-

260 1370 347 1397 cae:
384 1360 451 1406 qui
481 1371 569 1397 cum
600 1359 652 1397 ad
675 1361 832 1406 poetam
863 1358 1043 1396 Ennium
1073 1359 1236 1396 venisset
1272 1360 1379 1406 eique
1410 1359 1458 1396 ab
1492 1359 1587 1397 ostio
1624 1360 1823 1406 quaerenti

259 1418 439 1455 Ennium
471 1418 617 1456 ancilla
648 1418 806 1456 dixisset
836 1418 941 1455 domi
970 1428 1049 1455 uon
1080 1429 1176 1462 esse,
1206 1417 1357 1456 Nasica
1386 1419 1505 1456 sensit
1534 1418 1646 1456 illam
1676 1418 1824 1456 domini

258 1479 370 1515 iussu
400 1477 543 1515 dixisse
574 1480 607 1515 et
636 1477 749 1515 illum
780 1478 884 1515 intus
916 1487 1004 1515 esse.
1053 1477 1198 1515 Paucis
1222 1479 1314 1524 post
1343 1477 1477 1515 diebus
1508 1488 1595 1515 cum
1627 1477 1679 1515 ad
1703 1477 1823 1515 Nasi-

259 1548 344 1574 cam
379 1537 543 1574 venisset
578 1536 738 1574 Ennius
775 1539 809 1574 et
846 1547 931 1574 eum
969 1548 994 1574 a
1030 1537 1156 1574 ianua
1192 1538 1405 1585 quaereret,
1451 1536 1638 1574 exclamat
1672 1536 1824 1575 Nasica

258 1596 363 1633 domi
401 1606 480 1633 uon
517 1607 605 1634 esse.
659 1596 758 1633 Tum
789 1595 948 1633 Ennius
987 1592 1096 1643 ‘quid
1134 1606 1198 1643 eyo
1234 1607 1314 1633 uon
1352 1591 1547 1644 coynosco’
1582 1597 1708 1643 inquit
1745 1592 1821 1634 ‘vo-

260 1667 339 1693 cem
376 1650 526 1692 tuam?
576 1655 656 1693 Hic
692 1655 843 1692 Nasica
881 1651 1005 1692 ‘homo
1043 1666 1081 1692 es
1123 1654 1337 1702 impudens.
1400 1666 1464 1702 eqo
1507 1666 1594 1692 cwm
1637 1657 1670 1692 te
1709 1666 1823 1702 quae-

259 1725 400 1758 rerem,
442 1714 607 1752 aucillae
645 1716 733 1751 tuac
770 1713 917 1751 credidi
953 1716 987 1751 te
1024 1713 1128 1751 domi
1157 1725 1237 1751 reon
1268 1725 1362 1758 esse,
1394 1716 1435 1751 tu
1466 1714 1562 1751 mihi
1590 1725 1669 1751 non
1699 1714 1823 1752 credis

259 1769 378 1821 ipsi?
430 1772 538 1817 Quae
582 1773 715 1823 lepida
759 1774 868 1820 sunt,
910 1774 1175 1822 poterantque
1219 1772 1268 1810 ab
1306 1772 1434 1810 Ennio
1472 1773 1557 1822 ipso
1602 1773 1643 1810 in
1687 1774 1823 1811 satura

261 1834 330 1869 aut
361 1832 490 1870 nescio
523 1844 601 1881 quo
633 1832 805 1870 carmine
835 1833 997 1869 narrata
1029 1844 1122 1870 6556.
1185 1832 1246 1869 Ea
1277 1833 1410 1869 autem
1442 1845 1465 1870 a
1497 1830 1683 1870 Cicerone
1714 1845 1822 1881 repe-

258 1892 337 1929 tita
376 1891 589 1929 verisimile
634 1893 693 1929 est
735 1903 813 1928 non
857 1892 1050 1940 sprevisse
1089 1890 1338 1938 Suetonium,
1382 1892 1451 1940 qui
1495 1892 1535 1928 et
1581 1893 1822 1941 quantopere

258 1951 333 1988 hoc
364 1963 486 1999 genus
518 1949 753 1988 fabellarum
787 1950 1031 1988 adamaverit
1062 1951 1101 1987 et
1132 1963 1253 1999 quam
1278 1951 1454 1989 curiosus
1479 1950 1601 1988 fuerit
1625 1949 1822 1989 Ciceronis

260 2010 294 2047 si
326 2021 427 2058 quae
460 2009 510 2046 ad
536 2022 624 2047 eum
648 2009 809 2046 modum
834 2009 1008 2057 haberet,
1040 2010 1125 2047 vita
1150 2009 1390 2047 Terentiana
1414 2009 1587 2059 locuples
1612 2011 1726 2048 testis
1752 2011 1821 2048 est.

259 2068 363 2106 Hinc
393 2069 519 2119 igitur
549 2069 686 2106 natum
719 2070 789 2116 6513,
827 2069 904 2106 11151
934 2082 996 2106 1116
1027 2068 1134 2106 fallit
1164 2069 1310 2118 opinio,
1341 2070 1460 2106 unius
1494 2069 1659 2107 ancillae
1688 2070 1822 2107 minis-

260 2129 416 2172 terium,
451 2139 528 2176 quo
565 2127 831 2176 Hieronymus
870 2128 1026 2166 dicebat
1062 2128 1235 2165 Ennium
1273 2128 1501 2166 contentum
1537 2128 1668 2166 fuisse.
1718 2128 1822 2166 Nam

261 2187 354 2224 116613
390 2186 464 2224 1106
501 2187 664 2237 vulgare
696 2187 748 2225 sit
779 2187 969 2225 indicium
998 2188 1264 2236 paupertatis,
1301 2188 1347 2224 ut
1379 2186 1527 2225 Seneca
1557 2187 1607 2224 ad
1637 2187 1822 2225 Helviam

261 2246 397 2284 scribit
426 2247 490 2294 12,
511 2247 537 2283 4
562 2258 686 2283 unum
716 2247 838 2294 fuisse
869 2247 1039 2284 Homero
1069 2257 1234 2291 servum,
1266 2249 1340 2284 tres
1371 2247 1539 2290 Platoni,
1568 2247 1722 2284 nullum
1753 2246 1822 2284 Ze-

259 2307 354 2342 noni
380 2306 476 2342 satis
501 2308 648 2343 constat
677 2299 741 2357 (cf.
770 2305 855 2343 Ter.
882 2306 1063 2343 hautont.
1092 2300 1209 2358 293),
1241 2317 1264 2342 a
1290 2305 1477 2343 Tulliana
1507 2305 1655 2343 fabella
1687 2305 1824 2343 aberat

260 2364 386 2402 01111115
424 2365 534 2413 parci
571 2366 750 2413 sumptus
788 2365 852 2402 vel
889 2363 1136 2414 paupertatis
1168 2363 1422 2415 significatio,
1458 2376 1559 2413 quae
1590 2365 1660 2401 uni
1690 2364 1823 2402 deberi

261 2422 503 2472 Hieronymo
549 2423 714 2461 videtur.
782 2423 945 2472 Nasica,
990 2436 1107 2472 quem
1146 2422 1279 2461 Cicero
1318 2423 1432 2471 dicit,
1475 2424 1535 2460 est
1574 2425 1622 2461 ut
1663 2423 1823 2461 videtur

261 2481 303 2518 P.
332 2481 534 2520 Cornelius
567 2481 698 2532 Scipio
730 2482 877 2520 Nasica
914 2483 1048 2520 consul
1086 2483 1179 2520 anni
1209 2496 1246 2519 u.
1273 2495 1303 2520 6.
1333 2483 1436 2519 563;
1475 2494 1563 2519 611111
1594 2482 1666 2520 1106
1698 2482 1823 2532 igitur

261 2541 386 2579 nobili
417 2541 501 2578 viro
533 2541 710 2580 videmus
742 2554 861 2590 quam
892 2542 1145 2579 familiariter
1175 2542 1319 2580 vixerit
1349 2541 1518 2588 Ennius,
1549 2540 1615 2579 sed
1646 2542 1680 2578 is
1711 2540 1821 2578 nobi-

262 2601 361 2637 lium
398 2600 613 2637 multorum
643 2601 918 2639 familiaritate
950 2614 1044 2639 usus
1076 2613 1159 2639 esse
1189 2600 1378 2648 creditur,
1414 2600 1595 2649 inprimis
1627 2599 1821 2649 Scipionis

263 2658 456 2705 Africani,
482 2671 597 2707 quem
623 2659 775 2697 Ennius
802 2660 961 2709 quidem
980 2660 1116 2698 multis
1135 2659 1319 2697 laudibus
1339 2659 1512 2706 sustulit,
1538 2659 1821 2708 epigrammate

263 2718 388 2756 altero
421 2712 533 2770 (nam
563 2719 672 2767 prius
704 2719 922 2767 sepulcrale
960 2713 1037 2771 est)
1070 2720 1110 2756 et
1141 2719 1312 2757 carmine
1338 2718 1532 2768 singulari
1555 2719 1646 2766 post
1669 2717 1821 2755 Hanni-

261 2777 392 2815 balem
435 2776 633 2815 devictum
676 2777 925 2827 reditumque
967 2779 1145 2826 victoris,
1189 2779 1234 2815 ut
1275 2777 1449 2826 videtur,
1493 2776 1669 2825 condito,
1709 2776 1820 2814 cuius

262 2836 454 2874 Horatius
485 2848 634 2874 memor
665 2838 723 2875 est
755 2848 845 2874 cum
875 2836 1014 2875 scribit
1043 2837 1116 2874 illa
1147 2831 1197 2888 (c.
1223 2849 1264 2874 1v
1286 2831 1330 2888 8)

545 2894 637 2932 Non
666 2896 892 2934 incisanotis
922 2907 1121 2934 marmora
1145 2896 1328 2943 publicis,

546 2954 622 2994 Per
651 2966 749 3005 quae
778 2955 941 3005 spiritus
972 2958 1006 2993 et
1034 2956 1116 2994 vita
1145 2955 1245 2994 redit
1275 2955 1383 2994 bom's
