2020 3334
254 204 339 242 VIII
803 207 830 241 Ι.
856 204 1085 241 HISTORIA
1109 205 1247 240 ENNII

257 332 298 358 se
347 319 512 358 collatas
562 318 747 357 aestimat
796 320 836 356 et
877 319 1058 368 inprimis
1101 317 1371 357 Brundusinos
1414 320 1551 368 portus
1594 319 1819 358 Tarentinis

256 379 478 428 superiores
509 377 714 428 praedicat
739 371 783 429 (1.
810 390 842 416 6.
867 375 933 416 καὶ
958 375 1162 427 εὐλίμενον
1188 373 1230 415 δὲ
1256 378 1402 428 μᾶλλον
1426 375 1469 416 τὸ
1494 375 1734 429 Βρεντέσιον·
1761 376 1820 417 ἑνὶ

259 436 333 490 γὰρ
365 435 522 488 στόματι
558 434 695 475 πολλοὶ
731 435 924 475 κλείονται
959 433 1111 486 λιμένες
1147 433 1331 475 ἄκλυστοι
1366 430 1465 489 κτλ).
1503 436 1632 482 Quare
1668 437 1819 476 Ennius

258 498 292 536 si
323 496 370 534 de
406 496 540 546 patria
571 507 642 534 sua
673 495 794 534 verba
825 495 936 544 fecit,
967 507 1103 534 versus
1141 496 1211 545 qui
1240 494 1361 533 habet
1390 495 1548 534 landem
1578 496 1821 535 Brundusini

256 557 394 606 portus
432 550 541 607 (ann.
580 549 685 607 488)
724 555 988 594 Brundisium
1017 555 1158 603 pulcro
1186 556 1455 603 praecinctum
1486 557 1670 604 praepete
1701 559 1821 604 portu

258 616 298 653 et
334 615 398 652 hic
436 615 604 653 fortasse
641 615 771 653 locum
809 608 896 667 (sed
932 614 1002 652 ubi
1039 608 1165 667 non‘?)
1203 614 1378 652 nancisci
1408 613 1552 663 potuit.
1609 613 1820 654 Suetonius

261 675 394 711 autem
426 675 460 711 si
491 674 593 712 forte
624 674 666 711 in
699 686 745 712 ea
775 675 888 723 parte
919 673 1108 711 Virorum
1139 673 1378 722 Hlustrium,
1410 686 1490 722 qua
1514 673 1687 711 Ennium
1718 675 1820 712 trac-

256 733 387 781 tabat,
431 745 517 771 cum
555 732 705 771 Rudias
749 733 896 771 diceret
939 733 1102 771 Tarenti
1140 733 1328 771 viciniam
1364 734 1671 781 memoraverat,
1721 735 1822 772 esset

257 792 361 830 unde
393 791 627 841 Hieronymi
665 804 773 830 error
804 793 997 840 oreretur,
1036 793 1104 841 qui
1134 791 1308 829 Ennium
1343 792 1501 830 Tarenti
1531 794 1669 830 natum
1701 793 1820 842 scrip-

257 852 327 899 sit,
365 864 605 901 quamquam
642 851 747 889 idem
783 864 908 901 paene
945 852 1091 891 inscius
1123 852 1162 889 et
1191 852 1275 901 ipse
1306 851 1462 889 Rudias
1494 846 1596 904 (sive
1626 846 1821 904 Rudiam)

258 911 379 949 Ennii
415 911 589 960 patriam
627 910 851 949 subindicat
888 924 977 949 cum
1014 911 1112 949 dicit
1148 911 1308 959 quidam
1338 921 1427 948 ossa
1458 912 1540 949 eius
1570 911 1747 949 Rudiam
1778 923 1822 949 ex

256 970 438 1009 Ianiculo
470 970 663 1008 translata
694 970 919 1017 adfirmant.
954 969 1031 1008 Gur
1063 971 1167 1008 enim
1196 969 1364 1017 Rudias,
1396 970 1430 1008 si
1461 982 1540 1008 non
1573 971 1658 1008 erat
1688 970 1822 1008 natale

258 1027 412 1067 solum?
454 1029 514 1067 De
539 1030 647 1067 terra
671 1030 759 1079 ipsa
783 1030 825 1067 in
851 1043 930 1079 qua
954 1029 1085 1068 media
1110 1030 1209 1067 sitae
1235 1030 1327 1067 sunt
1354 1028 1506 1067 Rudiae
1534 1028 1675 1068 Strabo
1695 1023 1820 1082 (282)

258 1093 326 1139 τῆς
358 1085 565 1140 εἰρημένης
595 1089 728 1138 inquit
757 1087 1009 1141 χερρονήσου,
1039 1085 1091 1139 ἣν
1117 1087 1356 1126 Μεσσαπίαν
1382 1101 1420 1126 τε
1444 1086 1510 1126 καὶ
1532 1082 1732 1140 Ἰαπυγίαν
1757 1087 1823 1127 καὶ

258 1147 489 1199 Καλαβρίαν
526 1145 592 1186 καὶ
623 1147 869 1198 Σαλεντίνην
899 1153 1044 1194 κοινῶς
1075 1146 1116 1186 οἱ
1142 1145 1279 1186 πολλοὶ
1309 1146 1685 1200 προσαγορεύουσινε
1719 1147 1822 1186 unde

257 1209 471 1256 utrumque
502 1207 743 1257 intelligitur
774 1208 814 1245 et
845 1207 939 1256 quid
974 1206 1162 1246 Calabria
1193 1206 1243 1246 ad
1275 1206 1447 1245 Ennium
1479 1209 1519 1245 et
1549 1207 1646 1256 quid
1670 1208 1822 1245 Messa-

253 1268 348 1314 pia,
387 1279 504 1316 quem
538 1264 702 1305 Ovidius
742 1261 833 1319 (art.
867 1280 941 1305 am.
973 1279 1019 1304 111
1052 1260 1156 1319 409)
1192 1266 1372 1305 Calabris
1402 1267 1446 1304 in
1475 1267 1667 1305 montibus
1698 1269 1824 1304 ortum

259 1326 362 1364 dixit
393 1320 595 1378 (similiter
629 1325 749 1364 Silius
787 1326 873 1364 loco
905 1326 1012 1364 infra
1042 1320 1198 1378 citato),
1237 1326 1276 1363 et
1310 1326 1419 1364 cuius
1450 1326 1601 1375 poesim
1632 1325 1822 1364 Horatius

258 1398 288 1423 c.
314 1398 356 1423 1v
389 1385 413 1422 8
450 1385 641 1423 Calabras
672 1385 845 1423 Pierides
883 1385 1119 1435 appellavit,
1158 1384 1207 1423 ad
1245 1397 1345 1434 quae
1381 1385 1424 1422 in
1461 1383 1627 1423 Acronis
1665 1384 1822 1423 scholiis

259 1444 472 1482 adnotatur
502 1445 698 1493 siqnifieat
722 1444 901 1482 Ennium
933 1445 999 1493 qui
1029 1446 1136 1492 faeta
1167 1442 1354 1492 Africani
1384 1444 1585 1492 descripsit
1614 1444 1824 1482 oriundum

258 1504 304 1541 de
340 1503 526 1542 Raudino
567 1503 708 1552 oppido
747 1503 972 1548 Calabriae,
1009 1504 1094 1542 ideo
1134 1503 1326 1542 Calabrae
1363 1504 1517 1542 Musae.
1585 1502 1824 1553 Messapium

259 1564 393 1600 autem
417 1562 591 1600 Ennium
615 1563 716 1601 teste
741 1562 909 1601 Aeliano
930 1562 1072 1601 Suidas
1098 1562 1200 1600 dixit
1225 1557 1291 1615 (cf.
1314 1575 1401 1600 ann.
1422 1574 1481 1600 ΧΠ
1503 1562 1548 1599 fr.
1569 1556 1645 1615 vn)
1666 1563 1705 1600 et
1723 1562 1823 1601 Mes-

261 1623 414 1672 sapiam
440 1622 633 1672 originem
665 1634 776 1660 suam
801 1622 977 1660 Ennium
1007 1623 1137 1672 ipsum
1169 1634 1407 1660 memorasse
1440 1621 1598 1660 Servius
1627 1622 1739 1659 testis
1765 1623 1824 1660 est

261 1676 393 1734 (ibid.)
424 1693 588 1730 eamque
619 1681 799 1731 pluribus
826 1681 954 1720 verbis
982 1680 1102 1720 Silius
1129 1681 1292 1719 Italicus
1319 1675 1396 1733 (ΧΠ
1423 1675 1526 1733 393)
1552 1682 1723 1734 ornavit,
1755 1682 1823 1730 qui

258 1742 419 1791 poetam
450 1741 623 1778 Ennium
654 1741 923 1778 centurionem
954 1741 996 1778 in
1026 1741 1130 1778 bello
1161 1739 1424 1778 Hannibalico
1456 1740 1498 1777 in
1531 1739 1715 1778 Sardinia
1745 1740 1823 1778 for-

259 1801 354 1838 titer
384 1801 629 1850 pugnantem
659 1801 700 1837 in
725 1799 913 1839 honorem
941 1801 1081 1850 poetae
1105 1800 1262 1850 poetica
1289 1798 1459 1848 quadam
1484 1798 1667 1837 libertate
1693 1798 1824 1847 finxit,

261 1860 329 1908 qui
360 1872 448 1898 cum
481 1860 587 1897 canit

473 1918 643 1963 Ennius,
675 1919 837 1966 ant-iqua
867 1919 1046 1966 Messapi
1076 1918 1124 1956 ab
1156 1919 1304 1966 oriyine
1334 1919 1447 1966 reyis,

473 1978 666 2016 Miscebat
689 1979 845 2025 primas
876 1979 989 2022 acies,
1020 1977 1236 2025 Latiaeque
1265 1977 1475 2025 superbum

481 2037 579 2075 Vitis
610 2037 830 2075 adornabat
859 2037 1034 2076 dextram
1065 2037 1178 2075 decus
1186 2050 1200 2082 ,·
1230 2037 1386 2084 hispida
1417 2036 1528 2074 tellus

474 2097 671 2134 Miserunt
705 2095 882 2145 Calabri3
914 2096 1070 2134 Rudiae
1097 2107 1262 2144 ,qenuere
1292 2098 1472 2143 vetustae,

472 2155 590 2194 Nunc
621 2155 777 2194 Rudiae
808 2157 887 2194 solo
918 2155 1165 2194 memorabile
1194 2165 1333 2193 nomen
1364 2155 1534 2199 alumno,

260 2215 387 2264 possit
425 2214 603 2263 exemplo
642 2227 724 2253 6556
757 2216 839 2253 61115
871 2215 978 2253 modi
1010 2227 1088 2263 quo
1120 2213 1222 2252 forte
1254 2213 1405 2251 Ennius
1435 2213 1607 2263 patriam
1640 2225 1754 2251 suam
1786 2214 1825 2251 et

263 2274 456 2324 originem
486 2273 615 2311 verbis
648 2269 896 2327 extulerat.'⁴³‘)
929 2274 1032 2311 Nam
1058 2273 1230 2310 Ennium
1257 2273 1449 2324 originem
1474 2272 1711 2321 Messapiam
1735 2284 1824 2321 pro-

262 2332 406 2371 didisse
439 2332 613 2370 dubitari
643 2346 722 2371 non
753 2333 902 2381 debuit,
933 2345 979 2371 ac
1012 2334 1153 2382 poetae
1184 2332 1316 2380 licuit,
1353 2333 1401 2370 ut
1432 2344 1471 2370 se
1503 2331 1743 2381 Messapium
1769 2331 1824 2369 af-

262 2392 453 2440 firmaret,
497 2392 624 2430 dicere
662 2405 701 2431 se
743 2404 767 2430 a
806 2405 897 2443 rege
934 2392 1115 2441 Messapo
1158 2392 1350 2441 originem
1385 2390 1542 2439 ducere,
1587 2391 1655 2439 qui
1697 2392 1824 2428 terrae

263 2464 405 2489 nomen
437 2450 557 2500 dedit,
589 2453 633 2489 ut
665 2451 807 2490 Strabo
838 2451 962 2489 tradit
995 2446 1054 2503 (lx
1076 2453 1114 2499 2,
1137 2451 1189 2489 13
1215 2464 1254 2500 p.
1281 2450 1364 2488 405
1378 2444 1424 2502 C)
1457 2447 1500 2487 ἐν
1531 2446 1573 2487 δὲ
1603 2453 1650 2503 τῇ
1677 2443 1825 2499 Ἀνθη-

264 2510 378 2563 δονία
416 2509 654 2548 Μεσσάπιον
691 2508 780 2562 ὄρος
816 2506 1003 2563 (Ρ3115311.
1036 2523 1077 2547 1x
1100 2511 1173 2558 22,
1195 2505 1239 2562 5)
1277 2506 1380 2547 ἐστὶν
1417 2506 1507 2547 ἀπὸ
1540 2507 1824 2558 Μεσσάπου,

263 2566 312 2616 ὃς
359 2568 425 2615 εἰς
467 2567 551 2619 τὴν
591 2564 834 2621 Ἰαπυγίαν
878 2567 1034 2608 ἐλθὼν
1072 2567 1362 2607 Μεσσαπίαν
1404 2565 1488 2617 τὴν
1531 2566 1684 2618 χώραν
1721 2563 1823 2604 ε’κά-

263 2630 414 2677 λεσενς
445 2627 548 2666 idem
575 2627 798 2678 Stephanus
824 2629 917 2677 Byz.
944 2643 981 2679 p.
1009 2629 1092 2666 447
1103 2629 1155 2666 M.
1183 2626 1421 2666 Μεσσάπιον
1454 2623 1544 2678 ὅρος
1575 2624 1823 2676 Εὐβοίας...

264 2685 353 2726 ἀπὸ
379 2686 638 2726 Μεσσάπου
665 2693 744 2726 τοῦ
771 2686 1142 2738 μετοικήσαντος
1166 2685 1233 2733 εἰς
1256 2680 1475 2736 Ἰταλίαν,
1501 2685 1570 2734 qui
1588 2684 1708 2734 paulo
1733 2686 1825 2722 ante

383 2836 413 2881 ²⁸)
438 2835 493 2870 De
517 2835 647 2880 lingua
672 2835 860 2881 Messapia
885 2837 923 2870 et
947 2835 1253 2880 inscriptionibus
1280 2834 1378 2869 circa
1396 2833 1538 2868 Rudias
1557 2832 1716 2886 inventis
1736 2831 1825 2866 olim

266 2883 518 2965 ἕὲἒὲωίεὲὶῖ
542 2883 621 2965 ἓξὲίῑ
646 2882 686 2917 111
712 2882 799 2917 dial.
826 2883 958 2918 Italiae
984 2882 1170 2918 inferioris
1195 2894 1230 2927 p.
1252 2886 1296 2917 59
1311 2893 1389 2926 sqq.
1429 2880 1480 2915 Cf.
1505 2879 1708 2915 Deeckmm
1732 2891 1824 2914 mus.
