2004 3278
563 179 803 217 AURELIUS
821 181 1008 219 VICTOR.
1047 183 1296 221 CHARISIUS
1577 189 1707 225 XCVH

269 289 425 328 Aurelii
448 289 622 330 Victoris
647 294 815 343 nomine,
848 296 1034 344 quoniam
1059 297 1138 335 alio
1164 310 1242 336 non
1267 298 1372 347 licet,
1396 300 1619 349 temporum
1643 314 1704 339 ra-

149 349 257 388 tione
282 348 470 387 suadente
495 349 569 388 hoc
594 351 680 389 loco
706 352 853 391 colloco
879 354 977 392 duos
1001 354 1167 404 libellos,
1193 353 1256 394 ‘de
1281 357 1376 396 viris
1394 357 1627 397 illustribus'
1650 360 1704 397 al-

152 410 295 457 terum,
320 408 490 446 alterum
517 405 642 460 ‘origo
669 411 796 460 gentis
816 410 1032 451 Romanae'
1057 413 1300 464 inscriptum,
1327 429 1494 465 quorum
1518 418 1585 456 ille
1606 430 1705 468 quae

149 466 196 505 de
215 467 267 505 M.
289 466 449 506 Catonis
468 467 509 505 in
530 467 713 506 Sardinia
735 482 824 507 cum
843 471 971 509 Ennio
991 473 1267 511 consuetudine
1287 469 1374 526 (47,
1391 470 1433 526 1)
1453 477 1492 514 et
1511 476 1557 514 de
1577 477 1704 516 Ennio

149 526 200 564 M.
219 526 352 565 Fulvii
376 526 415 564 N
417 526 592 565 obilioris
618 527 659 564 in
683 527 786 566 bello
812 528 990 568 Aetolico
1017 531 1157 569 comite
1178 526 1264 584 (52,
1281 528 1325 584 3)
1345 533 1509 572 tradidit
1527 547 1645 584 supra
1663 537 1705 573 in

148 584 233 623 vita
252 585 371 623 Ennii
399 585 577 624 adhibita
602 588 712 635 sunt;
740 587 880 636 quibus
905 588 1022 627 tertio
1047 589 1133 628 loco
1154 590 1303 628 accedit
1323 586 1410 643 (35,
1432 588 1476 645 2)
1502 594 1704 632 oraculum

149 643 302 694 Pyrrho
323 644 460 682 datum
480 639 588 697 (ann.
613 641 715 699 179)
742 647 805 684 aio
825 649 858 685 te
877 646 1053 686 Aeacida
1072 661 1150 698 eqs,
1174 662 1289 698 quem
1309 650 1533 689 Ennianum
1551 665 1705 691 versum

149 715 231 742 esse
257 717 305 742 ne
330 705 573 742 memoratur
597 704 764 753 quidem.
799 704 918 756 Origo
945 708 1077 744 autem
1108 707 1167 746 bis
1194 708 1375 757 Ennium,
1407 708 1597 748 incertum
1629 724 1704 760 quo

149 763 321 810 auctore,
352 762 502 812 laudat,
536 775 625 801 cum
650 757 709 816 (4,
731 761 774 814 5)
806 777 963 803 versum
993 765 1242 804 notissimum
1267 768 1306 805 et
1332 779 1354 805 a
1379 768 1514 806 multis
1543 768 1705 807 citatum

149 815 257 874 (ann.
285 816 388 875 214)
420 823 594 861 versibus
625 834 719 870 quos
750 823 842 862 olim
871 825 1008 863 Fawni
1038 828 1214 873 vatesque
1239 838 1306 875 eqs
1338 826 1452 864 affert
1484 829 1523 865 et
1551 822 1638 881 (20,
1660 823 1704 879 3)

149 893 249 930 quae
274 881 321 919 de
346 881 442 930 lupa
468 881 655 932 gemellos
674 883 873 921 nutriente
892 883 1071 922 narravit
1089 884 1267 923 Enniam
1285 886 1447 924 scribere
1466 887 1563 925 libro
1575 889 1705 935 primo

149 935 246 991 [xm.
266 938 382 990 xnm]
411 939 593 979 affirmat.

266 998 374 1044 Quae
404 1012 497 1038 vero
530 999 571 1038 111
602 1000 840 1052 panegyrico
873 1002 1119 1052 genethliaco
1145 1002 1374 1040 Maximiani
1401 1004 1585 1054 leguntur
1610 999 1704 1058 (16)

148 1059 285 1097 etenim
309 1059 411 1107 quod
435 1060 492 1097 ait
515 1060 579 1097 ille
604 1060 776 1098 Romani
800 1062 987 1099 carminis
1004 1063 1162 1109 primns
1188 1065 1321 1100 auctor
1347 1059 1387 1100 ‘a
1415 1063 1492 1101 sole
1522 1065 1707 1101 exoriente

148 1118 200 1155 ad
229 1129 349 1166 nsque
374 1118 543 1157 Maeotis
567 1116 750 1166 paladcs’
785 1113 926 1171 (epigr.
946 1132 989 1159 1v
1011 1115 1067 1172 1),
1098 1121 1140 1158 id
1169 1133 1274 1159 nnnc
1304 1121 1455 1169 lonyius
1486 1122 1707 1170 lonyiasque

139 1177 370 1224 protendere
395 1178 480 1216 licet
499 1189 578 1227 eqs,
604 1177 685 1216 sive
712 1191 799 1216 eam
820 1180 1038 1217 orationem
1057 1179 1225 1217 editores
1245 1180 1329 1217 iure
1350 1179 1514 1218 Claudio
1539 1180 1703 1219 Mamer-

146 1236 231 1274 tino
257 1235 404 1274 Iuliani
430 1237 589 1286 aequali
615 1237 854 1286 adscribunt,
879 1238 960 1277 sive
985 1239 1130 1276 rectius
1157 1238 1225 1276 alii
1245 1239 1456 1288 superioris
1477 1239 1618 1277 aetatis
1636 1239 1707 1277 tri-

147 1294 295 1343 buitur,
323 1295 428 1345 quod
451 1296 550 1333 mihi
576 1296 713 1335 licebit
737 1298 780 1335 in
804 1297 934 1335 medio
959 1297 1191 1347 relinquere,
1216 1299 1373 1336 tantum
1392 1298 1440 1337 iis
1465 1298 1707 1347 patefactum

147 1355 207 1392 est
230 1354 334 1393 hunc
359 1356 554 1393 oratorem
581 1357 790 1394 etiamtum
816 1356 1014 1406 quandam
1034 1357 1154 1395 Ennii
1178 1359 1317 1406 poetae
1337 1358 1566 1395 memoriam
1584 1357 1706 1395 habu-

147 1414 223 1452 isse
250 1408 317 1466 (cf.
337 1413 472 1453 Birtus
498 1414 604 1453 Zwei
621 1416 823 1463 politische
847 1415 1003 1454 Satiren
1026 1430 1063 1465 p.
1086 1411 1171 1468 67).

266 1472 524 1523 Superiorum
544 1475 668 1512 aetati
686 1487 810 1524 paene
830 1475 1032 1514 coniuncti
1051 1476 1211 1513 fuerunt
1230 1475 1478 1525 grammatici
1498 1475 1585 1523 duo,
1612 1488 1706 1524 quo-

146 1544 234 1569 rum
258 1533 439 1582 tempora
465 1534 686 1572 accuratius
712 1534 980 1573 circumscribi
1004 1547 1083 1572 non
1107 1536 1290 1583 possunt,
1318 1533 1516 1573 Charisius
1550 1536 1589 1571 et
1613 1534 1705 1572 Dio-

147 1591 289 1640 medes,
317 1592 385 1640 qui
409 1592 483 1630 hoc
508 1593 613 1631 inter
638 1605 677 1632 se
703 1606 909 1632 commune
933 1593 1081 1632 habent
1106 1595 1151 1631 ut
1176 1606 1221 1631 ex
1247 1594 1386 1632 alienis
1406 1594 1501 1631 rivis
1521 1605 1592 1631 sua
1610 1605 1706 1630 arva

148 1649 330 1688 aridioris
363 1652 458 1689 artis
493 1654 777 1703 grammaticae
809 1653 1073 1704 irrigaverint.
1106 1653 1159 1690 Et
1184 1651 1362 1691 Charisio
1395 1652 1554 1701 quidem
1586 1664 1707 1701 supra

147 1709 229 1747 dixi
253 1709 376 1747 Plinii
397 1709 568 1749 Secundi
592 1711 713 1751 libros
740 1712 929 1751 sermonis
955 1711 1065 1750 dubii
1090 1713 1128 1750 et
1150 1710 1189 1749 G.
1210 1711 1302 1749 Iulii
1322 1711 1491 1749 Romani
1516 1708 1706 1762 ἀφορμῶν

145 1769 372 1818 potissimos
404 1769 532 1809 fontes
564 1771 687 1810 fuisse
720 1784 765 1809 ex
798 1771 939 1821 quibus
971 1784 1061 1810 cum
1090 1771 1309 1821 praeceptis
1339 1771 1517 1819 exempla
1542 1770 1705 1807 duxerit.

147 1826 260 1873 Quod
286 1829 401 1878 quale
426 1830 559 1878 fuerit,
592 1843 833 1880 quamquam
858 1831 931 1869 1166
957 1844 981 1869 6
1004 1842 1090 1868 11160
1123 1831 1306 1868 instituto
1339 1829 1511 1868 alienum
1543 1831 1612 1876 est,
1644 1829 1707 1866 vel

145 1886 242 1925 haec
275 1888 520 1937 patefaciant
557 1902 655 1939 quae
692 1890 829 1929 scribit
859 1891 902 1928 'm
932 1890 1034 1928 libro
1059 1902 1075 1927 1
1099 1902 1135 1938 p.
1160 1889 1255 1937 116,
1277 1890 1330 1926 29
1345 1888 1391 1926 Κ.
1418 1900 1509 1926 Χνη
1536 1888 1581 1926 de
1612 1899 1707 1925 asna-

146 1946 249 1995 loqia
267 1950 310 1984 ut
329 1949 385 1985 ait
402 1947 617 1993 Romanas,
643 1949 712 1986 ubi
730 1951 942 1999 postquam
961 1963 998 1998 p.
1023 1950 1118 1996 117,
1133 1948 1157 1985 5
1177 1948 1274 1986 11666
1292 1948 1498 1997 praemisit
1516 1948 1626 1985 cuias
1650 1947 1707 1984 rei

145 2008 288 2044 rectam
312 2008 501 2045 rationem
525 2009 680 2046 interim
705 2009 946 2057 differamus,
971 2009 1134 2046 contenti
1150 2008 1293 2054 paucis
1319 2018 1416 2054 qaae
1441 2005 1600 2052 exempli
1615 2016 1706 2053 yra-

146 2066 202 2103 tia
229 2064 270 2104 O.
289 2065 421 2104 Iulias
446 2066 649 2104 Romanus
673 2067 744 2104 sub
770 2067 898 2105 eodem
923 2067 1033 2104 titulo
1053 2067 1226 2113 exposuit
1244 2077 1310 2113 eqs
1330 2066 1415 2102 toto
1435 2063 1562 2112 capite
1583 2075 1705 2112 usque

147 2123 197 2161 ad
221 2137 259 2173 p.
283 2126 379 2173 147,
402 2126 455 2162 16
488 2125 633 2162 multas
666 2126 869 2163 nominum
902 2125 1048 2163 formas
1074 2123 1346 2162 similitudinis
1372 2123 1434 2160 vel
1460 2122 1704 2160 dissimilitu-

147 2182 251 2222 dinis
278 2195 396 2222 causa
419 2185 595 2221 recenset
627 2185 667 2221 et
697 2185 927 2233 pertractat,
958 2183 1170 2231 eodemque
1202 2183 1359 2220 nomine
1391 2181 1633 2231 praescripto
1664 2182 1705 2218 in

146 2241 249 2279 libro
282 2242 452 2280 secundo
479 2255 502 2281 a
526 2255 563 2291 p.
588 2243 690 2290 194,
712 2243 764 2280 22
793 2236 859 2295 (cs.
884 2243 985 2291 190,
1007 2236 1052 2294 8)
1080 2241 1130 2278 ad
1154 2254 1190 2290 p.
1214 2242 1316 2288 224,
1338 2242 1390 2278 22
1419 2239 1705 2287 adverbiorum,

148 2313 171 2338 a
195 2314 232 2350 p.
255 2302 390 2350 239,1
415 2300 464 2339 ad
486 2302 652 2350 242,12
679 2301 997 2339 interiectionum
1022 2301 1163 2339 seriem
1186 2299 1404 2349 perscribit.
1430 2299 1478 2337 In
1501 2298 1563 2337 his
1582 2299 1706 2348 igitur

146 2359 337 2409 partibus,
359 2373 455 2409 quas
476 2373 516 2399 se
536 2373 560 2398 a
578 2360 756 2399 Romano
775 2360 978 2410 repetiisse
999 2358 1199 2397 Charisius
1219 2358 1378 2406 fatetur,
1403 2371 1502 2407 quae
1520 2358 1706 2408 leguntur

148 2420 325 2469 exempla
346 2420 529 2458 Enniana
554 2421 650 2458 satis
675 2420 813 2468 multa,
838 2420 1090 2469 perspicuum
1115 2420 1174 2457 est
1199 2430 1278 2456 non
1302 2429 1326 2455 a
1346 2416 1524 2455 Charisio
1549 2416 1705 2454 sublata

148 2490 229 2517 esse
255 2491 301 2516 ex
327 2479 455 2517 Ennio
481 2479 548 2517 sed
574 2492 619 2517 ex
643 2479 814 2517 Romani
839 2478 960 2528 copiis
985 2477 1166 2528 repetita,
1192 2476 1268 2516 nisi
1294 2476 1397 2525 quod
1424 2477 1517 2525 quia
1538 2475 1705 2513 aliorum

149 2549 303 2586 quoque
323 2540 529 2577 auctorum
547 2537 589 2576 in
608 2538 669 2576 his
688 2537 867 2587 partibus
886 2537 1034 2575 mentio
1054 2536 1110 2584 fit,
1134 2535 1359 2585 saepissime
1379 2534 1500 2572 Plinii
1520 2534 1566 2572 de
1587 2533 1703 2570 dubio

148 2608 336 2645 sermone,
361 2597 564 2646 Varronis,
589 2597 746 2635 Helenii
771 2596 949 2645 Acronis,
975 2595 1206 2646 ambiguum
1231 2596 1300 2643 est,
1331 2595 1467 2632 utrum
1492 2593 1703 2638 Romanus,

149 2656 218 2704 qui
242 2658 346 2694 certe
372 2657 508 2695 doctus
535 2658 621 2694 erat
644 2657 774 2704 homo,
806 2657 939 2694 omnia
965 2655 1141 2705 exempla
1167 2653 1215 2691 ab
1241 2654 1334 2701 illis,
1365 2653 1544 2702 inprimis
1577 2663 1599 2688 a
1624 2649 1702 2686 Pli-

147 2715 212 2752 nio
244 2717 446 2754 mutuatus
479 2717 547 2764 sit,
580 2729 630 2753 an
662 2715 855 2764 quaedam
887 2714 936 2753 ab
967 2715 1066 2762 illis,
1099 2714 1179 2751 alia
1209 2712 1292 2762 ipse
1324 2711 1519 2750 addiderit
1549 2709 1595 2746 de
1620 2719 1700 2745 suo.

149 2772 225 2811 Sed
249 2774 323 2812 hoc
347 2776 439 2813 utut
464 2776 533 2824 est,
560 2776 710 2812 certum
735 2775 794 2812 est
819 2773 869 2812 ad
890 2772 1113 2812 Charisium
1137 2772 1236 2810 nihil
1255 2771 1412 2809 omnino
1432 2769 1702 2806 Ennianorum

147 2832 292 2882 redire3
323 2846 449 2883 neque
482 2835 587 2872 enim
618 2833 793 2871 dubitari
823 2834 955 2882 potest
986 2832 1082 2881 quin
1114 2843 1213 2880 quae
1240 2831 1330 2868 ante
1355 2841 1391 2877 p.
1416 2827 1495 2864 116
1522 2826 1565 2862 in
1588 2825 1700 2890 parte

147 2892 277 2939 priore
303 2894 431 2942 operis
456 2893 653 2943 leguntur,
678 2904 756 2930 non
782 2892 903 2930 aliam
928 2892 1121 2930 rationem
1145 2888 1315 2927 habeant
1341 2898 1460 2935 quam
1483 2896 1582 2933 quae
1601 2895 1701 2920 inse-

218 2962 370 2990 Emuus
390 2965 437 2991 ed.
456 2965 584 2990 Vahlen.
1467 2961 1492 2994 g
