2054 3282
359 171 415 213 32
907 163 1165 199 ANNALIUM
1189 163 1276 198 ΜΒ.
1297 162 1348 198 VI

1116 281 1150 315 H

359 347 441 389 175
472 345 581 387 Tum
612 359 708 387 cum
739 343 866 386 corde
899 356 975 384 suo
1009 342 1154 383 divum
1185 343 1307 396 pater
1337 343 1465 396 abque
1495 341 1719 384 hominum
1750 357 1823 384 rex

473 416 640 457 Effalaur

1108 469 1158 503 HI

358 534 438 576 177
470 532 617 576 Navus
647 534 837 587 repertus
868 531 998 572 homo
1033 529 1160 572 Graio
1191 532 1312 586 patre
1345 529 1497 572 Graius
1528 531 1658 572 homo
1689 546 1763 572 rex

1107 634 1159 669 IV

358 699 439 740 178
470 697 655 741 Nomine
679 697 843 739 Burrus
876 696 940 738 uti
972 698 1211 738 memorant
1241 710 1267 737 a
1298 696 1431 751 sbirpe
1462 711 1658 752 supremo

1116 800 1150 835 V

357 864 452 906 179·
471 862 593 906 «Aiio
619 866 662 905 te
693 860 881 904 Aeacida
910 861 1129 904 Romanos
1161 863 1329 905 vincere
1360 877 1496 918 posse.

353 1005 521 1050 ingentes
547 1013 629 1038 oras
656 1002 811 1037 evolvite
837 1002 927 1037 belli
948 1003 1050 1048 (Aen.
1072 1016 1109 1038 1x
1130 1004 1222 1049 526).
1243 1003 1385 1038 Ennius
1411 1003 1450 1038 in
1469 1017 1506 1038 VI
1527 1004 1631 1049 «quis
1651 1005 1748 1050 (qui
1769 1004 1855 1050 Sal.)
1875 1016 1910 1049 p.

352 1058 521 1103 ingentes
540 1067 623 1092 oras
642 1066 671 1090 e.
693 1055 832 1091 belli».’
932 1056 1077 1091 Servius
1097 1056 1136 1091 in
1155 1056 1245 1092 Aen.
1267 1070 1304 1091 111
1325 1060 1393 1092 526
1415 1057 1518 1092 ‘oras
1539 1057 1696 1092 evolvite
1715 1057 1821 1093 belli:
1841 1058 1912 1092 hoc

353 1112 409 1146 θεὴ
427 1110 588 1156 ingentis
614 1108 713 1144 belli.
734 1110 884 1144 narrate
910 1120 984 1144 non
1009 1111 1156 1144 tantum
1181 1110 1292 1144 initia
1317 1110 1382 1144 sed
1402 1110 1516 1145 etiam
1536 1112 1700 1145 extrema
1719 1111 1910 1146 bellorum.

352 1175 439 1199 nam
458 1174 543 1198 orae
563 1163 650 1197 suni:
674 1162 955 1198 extremitates)
979 1163 1063 1197 add.
1086 1163 1270 1198 Danielin.
1295 1163 1372 1198 ‘est
1392 1164 1517 1198 autem
1536 1163 1747 1198 Ennianum
1773 1165 1861 1209 «qui
1881 1193 1886 1198 .
1905 1192 1910 1198 .

352 1229 434 1254 oras
452 1228 482 1252 e.
497 1216 635 1252 belli».’
735 1215 933 1252 Diomedes
947 1230 959 1250 1
975 1229 1010 1261 p.
1028 1219 1106 1259 385,
1122 1220 1166 1251 32
1180 1216 1222 1250 K.
1241 1216 1438 1251 ‘dicebant
1453 1246 1459 1251 .
1477 1245 1482 1251 .
1497 1217 1596 1262 potis
1617 1218 1673 1252 est
1691 1228 1757 1262 pro
1777 1218 1911 1262 potest,

351 1273 393 1306 ut
418 1271 516 1316 apud
539 1299 544 1304 .
568 1298 573 1304 .
595 1269 756 1304 Ennium
776 1271 882 1315 «quis
902 1299 907 1304 .
931 1298 937 1304 .
959 1281 1042 1305 oras
1067 1270 1233 1305 evolvere
1254 1271 1402 1315 (orase
1420 1270 1600 1306 volvere
1625 1270 1706 1305 Par.
1729 1271 1758 1305 B
1784 1281 1912 1305 orare

351 1325 529 1359 volvere
552 1323 633 1358 Par.
655 1323 686 1357 A
707 1334 807 1358 oras
829 1323 1012 1358 evolare
1031 1323 1144 1369 Mon.)
1164 1323 1305 1359 belli».’

466 1377 500 1411 H
513 1378 608 1422 (175)
637 1376 849 1411 Macrobius
864 1376 938 1411 Sat.
954 1390 991 1411 v1
1007 1380 1092 1419 1,10
1110 1378 1118 1391 ‘
1131 1376 1403 1422 conciliumque
1416 1378 1524 1412 vocat
1537 1377 1663 1412 divum
1675 1378 1783 1423 pater
1799 1378 1912 1422 atque

350 1431 540 1466 hominum
558 1440 622 1464 rex
642 1430 745 1475 (Aen.
767 1443 790 1464 x
811 1432 855 1475 2).
880 1430 1022 1465 Ennius
1042 1430 1081 1464 in
1100 1443 1137 1465 v1
1157 1431 1260 1466 «tum
1280 1431 1407 1475 (tunc
1425 1430 1558 1476 Neap.)
1580 1459 1586 1465 .
1604 1459 1610 1465 .
1627 1459 1633 1465 .
1655 1430 1838 1467 effatur»)

467 1484 517 1518 ΠΙ
537 1485 632 1529 (177)
683 1483 814 1519 Fesbus
839 1496 874 1529 p.
904 1487 982 1527 170,
999 1487 1042 1518 33
1063 1483 1129 1517 Th.
1159 1484 1295 1518 ‘navus
1328 1483 1425 1519 celer
1450 1495 1494 1519 ac
1519 1485 1690 1519 strenuus
1716 1495 1739 1518 a
1763 1484 1913 1519 navium

350 1538 546 1573 velocitate
565 1537 713 1572 videtur
733 1537 864 1571 dictus.
893 1537 1035 1571 Ennius
1055 1537 1078 1571 1.
1100 1550 1136 1571 w
1157 1548 1296 1573 «navus
1318 1566 1324 1571 .
1341 1565 1347 1572 .
1365 1566 1371 1572 .
1392 1548 1478 1573 rex»
1499 1539 1537 1572 eb
1555 1537 1578 1572 1.
1599 1551 1660 1573 xvi
1681 1538 1814 1584 [xvn].'

466 1591 517 1626 IV
536 1591 632 1636 (178)
669 1590 812 1625 Nonius
838 1603 873 1635 p.
895 1594 974 1633 226,
991 1593 1035 1624 30
1062 1590 1236 1635 ‘stirpem
1265 1591 1411 1636 generis
1439 1590 1611 1626 feminini
1632 1619 1638 1625 .
1655 1619 1661 1625 .
1679 1619 1685 1625 .
1705 1590 1910 1626 masculino

350 1644 490 1679 Ennius
510 1643 702 1679 annalium
720 1643 784 1678 lib.
802 1657 825 1679 v
842 1645 903 1689 (v1
922 1643 1080 1689 Merula)
1101 1644 1284 1679 «homiues
1298 1655 1437 1690 pyrrus
1458 1644 1514 1678 uti
1533 1657 1580 1678 m.
1597 1655 1619 1679 a·
1638 1645 1764 1689 styrpe
1785 1655 1910 1690 supre-

349 1698 458 1734 mo».’
557 1697 688 1732 Festus
706 1709 742 1742 p.
758 1700 836 1739 454,
853 1700 897 1731 30
911 1696 977 1731 Th.
997 1698 1006 1712 ‘
1017 1697 1085 1731 stir
1100 1718 1141 1723 -
1158 1718 1201 1723 —
1217 1718 1260 1723 —-
1279 1697 1283 1743 Ι
1299 1708 1338 1732 re
1353 1697 1526 1743 antiqufi)
1549 1725 1704 1732 ......
1723 1698 1727 1744 1
1744 1699 1912 1734 «nomine

348 1752 465 1798 pyrrh
484 1773 528 1777 -
550 1772 594 1776 -—
611 1750 615 1798 Ι
633 1761 655 1785 a
674 1750 790 1795 stirpe
810 1750 1032 1795 supremo».'
1052 1750 1155 1785 Idem
1174 1762 1209 1795 p.
1231 1753 1311 1793 402,
1328 1753 1371 1785 15
1392 1750 1457 1785 Th.
1482 1751 1602 1785 ‘recto
1628 1750 1750 1786 fronte
1771 1779 1777 1785 .
1794 1779 1801 1785 .
1818 1779 1824 1785 .
1847 1756 1911 1786 an-

349 1805 477 1850 tiquae
497 1805 536 1839 id
556 1803 835 1839 consuetudinis
855 1803 938 1846 fuit,
965 1804 1007 1838 ut
1032 1815 1115 1838 cum
1143 1804 1197 1838 aii:
1216 1804 1357 1838 Ennius
1384 1814 1531 1848 quoque
1551 1814 1597 1839 «a
1622 1804 1737 1849 stirpe
1757 1809 1910 1850 sul-mio»

350 1860 387 1893 et
401 1858 493 1895 «Ilia
506 1857 570 1893 dia
582 1868 720 1903 nepos»
736 1859 807 1903 (55)
823 1858 861 1892 et
874 1857 1006 1902 «lupus
1026 1856 1126 1892 feta»
1142 1858 1213 1902 (68)
1229 1858 1267 1892 et
1279 1857 1406 1893 «nulla
1421 1858 1565 1893 metus»
1580 1859 1673 1902 (549.
1688 1867 1784 1892 scen.
1799 1858 1909 1903 407).’

350 1911 401 1946 Cf.
417 1911 554 1947 Paulus
574 1924 609 1956 p.
624 1915 682 1954 42,
698 1914 741 1945 27
756 1911 822 1945 Th.
844 1911 882 1946 et
900 1911 1032 1945 Festus
1050 1923 1086 1955 p.
1110 1913 1187 1954 138,
1204 1914 1247 1944 27
1262 1910 1328 1945 Th.
1351 1911 1399 1945 ad
1418 1924 1456 1945 111
1476 1910 1518 1944 fr.
1540 1923 1577 1945 1v
1597 1911 1714 1946 adscr.

466 1964 500 1999 V
519 1965 614 2010 (179)
653 1963 778 1999 Cicero
805 1964 851 1998 de
877 1963 948 1998 div.
969 1977 997 1998 11
1017 1968 1072 2007 56,
1088 1967 1156 1998 116
1178 1964 1427 1999 ‘Herodotum
1453 1975 1517 1998 cur
1534 1964 1758 1999 veraciorem
1778 1965 1912 1999 ducam

350 2017 493 2052 Ennio?
518 2029 607 2052 num
632 2017 754 2052 minus
779 2016 844 2051 ille
868 2017 994 2062 posuit
1012 2017 1059 2052 de
1078 2017 1210 2053 Croeso
1231 2028 1343 2063 quam
1363 2018 1409 2052 de
1427 2017 1567 2062 Pyrrho
1587 2017 1726 2063 fingere
1745 2018 1911 2052 Ennius?

349 2071 432 2115 quis
458 2071 557 2106 enim
582 2072 639 2106 est
663 2070 728 2116 qui
750 2070 879 2106 credat
897 2071 1082 2116 Apollinis
1108 2082 1152 2106 ex
1177 2071 1300 2106 oraclo
1319 2071 1460 2116 Pyrrho
1487 2082 1565 2107 esse
1590 2082 1807 2116 responsum
1827 2071 1910 2107 «aio

470 2243 552 2281 175
580 2256 668 2281 cum
694 2242 807 2282 corde
834 2256 924 2282 suo:
949 2245 996 2291 cf.
1021 2252 1104 2291 540
1131 2243 1268 2282 effudib
1298 2256 1412 2282 voces
1443 2244 1603 2293 proprio
1635 2256 1723 2281 cum
1753 2244 1910 2292 pectore

350 2303 486 2340 sancto
630 2302 763 2340 divum
788 2304 904 2353 pater
934 2304 1053 2353 atque
1080 2303 1283 2341 hominum
1308 2316 1375 2341 rex
1399 2314 1514 2351 saepe
1538 2303 1694 2341 variata
1717 2302 1910 2350 formula‚·

350 2362 436 2399 vide
467 2358 560 2408 580.
584 2359 661 2409 581
833 2363 914 2400 178
947 2362 1122 2412 Pyrrhus
1153 2362 1212 2400 vel
1242 2361 1390 2411 Pyrrus
1420 2362 1575 2400 Nouius
1602 2364 1635 2400 et
1659 2361 1817 2405 Fesms,
1843 2361 1910 2399 sed

354 2418 483 2457 Cicero
508 2423 602 2458 orat.
626 2418 792 2469 48,16ο
818 2421 988 2459 Burrum
1014 2434 1167 2471 semper
1190 2420 1353 2470 Ennius,
1378 2433 1594 2470 numquam
1618 2415 1862 2470 Pyrrhum3‘
1867 2420 1908 2458 vi

350 2478 621 2527 patefecerunt
639 2477 803 2530 Bruges'
820 2475 936 2532 (scen.
957 2490 971 2516 1
984 2476 1056 2534 76)
1077 2493 1155 2519 non
1174 2480 1368 2547 Phryges3
1386 2481 1510 2529 ipsius
1531 2481 1687 2528 antiqui
1705 2479 1908 2517 declarant

350 2537 443 2575 libri
468 2539 502 2575 et
527 2537 790 2585 Quintilianus
815 2552 829 2576 1
850 2550 888 2589 4,
909 2548 956 2587 15
986 2539 1053 2578 sed
1077 2540 1102 2578 b
1129 2552 1284 2589 quoque
1309 2540 1350 2576 in
1375 2539 1505 2577 locum
1532 2539 1699 2576 aliarum
1729 2537 1906 2576 dedimus

352 2596 577 2646 aliquando,
596 2597 698 2635 unde
721 2597 869 2637 Burrus
897 2601 936 2637 eb
958 2599 1109 2649 Bruges
1135 2601 1175 2637 ei:
1197 2599 1354 2636 Belena.
1384 2597 1442 2645 Cf.
1463 2598 1575 2636 Paul.
1595 2597 1698 2635 Fest.
1715 2609 1757 2645 p.
1770 2605 1836 2646 22,
1851 2605 1906 2643 30

353 2656 422 2693 Th.
444 2653 596 2708 πυρῤόν
623 2655 797 2705 burrum,
821 2657 947 2705 πύξου
971 2658 1118 2696 buxum
1143 2658 1335 2696 dicebam.
1359 2657 1443 2695 Ter.
1461 2656 1634 2695 Scaurus
1655 2655 1701 2694 G.
1719 2656 1768 2694 L.
1785 2656 1835 2693 K.
1849 2667 1907 2694 v11

345 2727 387 2762 10.
403 2725 417 2750 1
428 2725 466 2763 4,
476 2723 498 2762 5
588 2714 763 2753 Ceterum
777 2718 934 2754 nomine
953 2720 1051 2755 reete
1068 2718 1195 2762 scribi,
1210 2717 1383 2755 Nouium
1392 2727 1564 2764 peccare,
1581 2718 1614 2753 et
1630 2715 1698 2752 hos
1714 2716 1811 2753 duos
1823 2726 1905 2752 vcr-

350 2786 429 2819 sus,
443 2775 486 2812 iri
504 2775 643 2822 quibus
660 2775 812 2822 frustra
832 2777 1060 2814 emendandi
1075 2778 1221 2814 occasio
1238 2777 1448 2824 quaeritur,
1464 2775 1661 2812 continuos
1677 2776 1779 2812 sexto
1797 2774 1905 2817 libro,

351 2845 461 2881 quem
484 2833 626 2871 Festus
650 2834 752 2878 dicit,
771 2845 850 2871 mm
871 2835 1013 2881 quinto,
1033 2847 1143 2883 quem
1167 2835 1333 2879 Nouius,
1358 2836 1455 2872 recte
1480 2834 1660 2877 adscribi,
1686 2834 1906 2870 accuratius

351 2893 508 2939 exposui
526 2894 568 2930 iu
588 2894 683 2931 actis
703 2893 811 2931 acad.
826 2905 860 2930 a.
877 2891 984 2929 1886
1001 2889 1032 2946 (e
1044 2887 1146 2932 Uber
1165 2895 1226 2933 die
1238 2892 1422 2932 Armaleu
1440 2893 1506 2931 des
1518 2886 1717 2944 Ennius’)
1731 2904 1773 2939 p.
1789 2902 1802 2927 1
1819 2901 1832 2926 1
1852 2903 1904 2938 sq.
