<?xml version="1.0" encoding="UTF-8"?>
<!DOCTYPE html PUBLIC "-//W3C//DTD XHTML 1.0 Transitional//EN"
    "http://www.w3.org/TR/xhtml1/DTD/xhtml1-transitional.dtd">
<html xmlns="http://www.w3.org/1999/xhtml" xml:lang="en" lang="en">
 <head>
  <title>
</title>
<meta http-equiv="Content-Type" content="text/html;charset=utf-8" />
  <meta name='ocr-system' content='tesseract 3.04.00' />
  <meta name='ocr-capabilities' content='ocr_page ocr_carea ocr_par ocr_line ocrx_word'/>
</head>
<body>
  <div class='ocr_page' id='page_1' title='image "./ennianaepoesisre00enniuoft/ennianaepoesisre00enniuoft_0133.png"; bbox 0 0 2004 3278; ppageno 0'>
   <div class='ocr_carea' id='block_1_1' title="bbox 649 198 1711 242">
    <p class='ocr_par' dir='ltr' id='par_1_1' title="bbox 649 198 1711 242">
     <span class='ocr_line' id='line_1_1' title="bbox 649 198 1711 242; baseline 0.002 -2"><span class='ocrx_word' id='word_1_1' title='bbox 649 198 882 241; x_wconf 71' lang='lat' dir='ltr'><em>ISOEORUS.</em></span> <span class='ocrx_word' id='word_1_2' title='bbox 920 199 1213 241; x_wconf 80' lang='lat' dir='ltr'><strong>ALDHELMUS</strong></span> <span class='ocrx_word' id='word_1_3' title='bbox 1566 203 1711 242; x_wconf 84' lang='lat' dir='ltr'>CXXIX</span> 
     </span>
    </p>
   </div>
   <div class='ocr_carea' id='block_1_2' title="bbox 91 314 1712 2971">
    <p class='ocr_par' dir='ltr' id='par_1_2' title="bbox 91 314 1712 1082">
     <span class='ocr_line' id='line_1_2' title="bbox 149 314 1712 368; baseline -0.001 -10"><span class='ocrx_word' id='word_1_4' title='bbox 149 331 246 368; x_wconf 71' lang='lat' dir='ltr'><em>ayea</em></span> <span class='ocrx_word' id='word_1_5' title='bbox 269 319 357 357; x_wconf 86' lang='lat' dir='ltr'><em>viae</em></span> <span class='ocrx_word' id='word_1_6' title='bbox 380 319 472 356; x_wconf 77' lang='lat' dir='ltr'><em>sunt</em></span> <span class='ocrx_word' id='word_1_7' title='bbox 494 317 554 356; x_wconf 85' lang='lat' dir='ltr'><em>vel</em></span> <span class='ocrx_word' id='word_1_8' title='bbox 578 317 662 355; x_wconf 89' lang='lat' dir='ltr'><em>loca</em></span> <span class='ocrx_word' id='word_1_9' title='bbox 685 318 730 355; x_wconf 78' lang='lat' dir='ltr'><em>im</em></span> <span class='ocrx_word' id='word_1_10' title='bbox 753 319 848 356; x_wconf 79' lang='lat' dir='ltr'><em>navi</em></span> <span class='ocrx_word' id='word_1_11' title='bbox 868 348 876 356; x_wconf 92' lang='lat'><em>.</em></span> <span class='ocrx_word' id='word_1_12' title='bbox 898 348 906 356; x_wconf 90' lang='lat'><em>.</em></span> <span class='ocrx_word' id='word_1_13' title='bbox 932 318 979 356; x_wconf 84' lang='lat' dir='ltr'><em>de</em></span> <span class='ocrx_word' id='word_1_14' title='bbox 1002 330 1080 367; x_wconf 75' lang='lat' dir='ltr'><em>qua</em></span> <span class='ocrx_word' id='word_1_15' title='bbox 1105 319 1263 356; x_wconf 75' lang='lat' dir='ltr'><em>Ennius</em></span> <span class='ocrx_word' id='word_1_16' title='bbox 1290 314 1428 357; x_wconf 79' lang='lat' dir='ltr'><em>‘multa</em></span> <span class='ocrx_word' id='word_1_17' title='bbox 1445 319 1530 367; x_wconf 80' lang='lat' dir='ltr'><em>foro</em></span> <span class='ocrx_word' id='word_1_18' title='bbox 1543 320 1659 368; x_wconf 86' lang='lat' dir='ltr'><em>ponit</em></span> <span class='ocrx_word' id='word_1_19' title='bbox 1677 322 1712 358; x_wconf 82' lang='lat' dir='ltr'><em>et</em></span> 
     </span>
     <span class='ocr_line' id='line_1_3' title="bbox 149 370 1710 429; baseline -0.001 -12"><span class='ocrx_word' id='word_1_20' title='bbox 149 390 245 427; x_wconf 77' lang='lat' dir='ltr'><em>aqea</em></span> <span class='ocrx_word' id='word_1_21' title='bbox 269 378 384 427; x_wconf 73' lang='lat' dir='ltr'><em>lonya</em></span> <span class='ocrx_word' id='word_1_22' title='bbox 407 373 589 426; x_wconf 82' lang='lat' dir='ltr'><em>repletur&#39;</em></span> <span class='ocrx_word' id='word_1_23' title='bbox 618 370 726 429; x_wconf 92' lang='grc'><strong>(31111.</strong></span> <span class='ocrx_word' id='word_1_24' title='bbox 747 371 870 429; x_wconf 72' lang='grc'><strong>492),</strong></span> <span class='ocrx_word' id='word_1_25' title='bbox 896 389 927 414; x_wconf 88' lang='grc'><em>0.</em></span> <span class='ocrx_word' id='word_1_26' title='bbox 950 378 988 426; x_wconf 80' lang='grc'><em>2,</em></span> <span class='ocrx_word' id='word_1_27' title='bbox 1012 379 1062 414; x_wconf 87' lang='grc'><em>12</em></span> <span class='ocrx_word' id='word_1_28' title='bbox 1089 378 1222 415; x_wconf 81' lang='lat' dir='ltr'><em>clavas</em></span> <span class='ocrx_word' id='word_1_29' title='bbox 1247 380 1301 416; x_wconf 88' lang='lat' dir='ltr'><em>est</em></span> <span class='ocrx_word' id='word_1_30' title='bbox 1322 408 1328 414; x_wconf 92' lang='lat'><em>.</em></span> <span class='ocrx_word' id='word_1_31' title='bbox 1350 407 1357 414; x_wconf 92' lang='lat'><em>.</em></span> <span class='ocrx_word' id='word_1_32' title='bbox 1384 378 1430 416; x_wconf 87' lang='lat' dir='ltr'><em>de</em></span> <span class='ocrx_word' id='word_1_33' title='bbox 1454 389 1526 426; x_wconf 81' lang='lat' dir='ltr'><em>quo</em></span> <span class='ocrx_word' id='word_1_34' title='bbox 1551 378 1710 417; x_wconf 63' lang='lat' dir='ltr'><em>Euenus</em></span> 
     </span>
     <span class='ocr_line' id='line_1_4' title="bbox 150 430 1708 489; baseline 0 -14"><span class='ocrx_word' id='word_1_35' title='bbox 150 434 208 475; x_wconf 74' lang='lat' dir='ltr'><em>‘ut</em></span> <span class='ocrx_word' id='word_1_36' title='bbox 231 437 385 475; x_wconf 83' lang='lat' dir='ltr'><em>clavum</em></span> <span class='ocrx_word' id='word_1_37' title='bbox 407 438 551 475; x_wconf 81' lang='lat' dir='ltr'><em>rectam</em></span> <span class='ocrx_word' id='word_1_38' title='bbox 577 437 725 473; x_wconf 86' lang='lat' dir='ltr'><em>teneam</em></span> <span class='ocrx_word' id='word_1_39' title='bbox 748 447 960 483; x_wconf 79' lang='lat' dir='ltr'><em>navemque</em></span> <span class='ocrx_word' id='word_1_40' title='bbox 975 433 1196 484; x_wconf 76' lang='lat' dir='ltr'><em>yabernem&#39;</em></span> <span class='ocrx_word' id='word_1_41' title='bbox 1219 432 1327 488; x_wconf 86' lang='lat' dir='ltr'><em>(ann.</em></span> <span class='ocrx_word' id='word_1_42' title='bbox 1349 430 1466 489; x_wconf 84' lang='lat'>483),</span> <span class='ocrx_word' id='word_1_43' title='bbox 1492 437 1602 475; x_wconf 87' lang='lat' dir='ltr'><em>cuius</em></span> <span class='ocrx_word' id='word_1_44' title='bbox 1623 450 1708 475; x_wconf 88' lang='lat' dir='ltr'><em>ver-</em></span> 
     </span>
     <span class='ocr_line' id='line_1_5' title="bbox 149 494 1708 546; baseline -0.001 -11"><span class='ocrx_word' id='word_1_45' title='bbox 149 508 214 535; x_wconf 89' lang='lat' dir='ltr'><em>sus</em></span> <span class='ocrx_word' id='word_1_46' title='bbox 238 497 393 546; x_wconf 86' lang='lat' dir='ltr'><em>partem</em></span> <span class='ocrx_word' id='word_1_47' title='bbox 413 494 680 540; x_wconf 75' lang='lat' dir='ltr'><strong>Quintilianus</strong></span> <span class='ocrx_word' id='word_1_48' title='bbox 706 496 909 543; x_wconf 85' lang='lat' dir='ltr'><em>memorat,</em></span> <span class='ocrx_word' id='word_1_49' title='bbox 933 495 1066 532; x_wconf 90' lang='lat' dir='ltr'><em>totum</em></span> <span class='ocrx_word' id='word_1_50' title='bbox 1090 506 1203 532; x_wconf 91' lang='lat' dir='ltr'><em>nemo</em></span> <span class='ocrx_word' id='word_1_51' title='bbox 1229 495 1305 533; x_wconf 88' lang='lat' dir='ltr'><em>nisi</em></span> <span class='ocrx_word' id='word_1_52' title='bbox 1329 495 1520 544; x_wconf 85' lang='lat' dir='ltr'><em>Isidorus3</em></span> <span class='ocrx_word' id='word_1_53' title='bbox 1547 509 1577 534; x_wconf 92' lang='lat' dir='ltr'><em>c.</em></span> <span class='ocrx_word' id='word_1_54' title='bbox 1600 497 1638 544; x_wconf 84' lang='lat'><em>2,</em></span> <span class='ocrx_word' id='word_1_55' title='bbox 1654 498 1708 534; x_wconf 92' lang='lat'><em>14</em></span> 
     </span>
     <span class='ocr_line' id='line_1_6' title="bbox 147 551 1709 603; baseline -0.001 -9"><span class='ocrx_word' id='word_1_56' title='bbox 147 556 304 594; x_wconf 74' lang='lat' dir='ltr'><em>tonsilla</em></span> <span class='ocrx_word' id='word_1_57' title='bbox 327 556 495 593; x_wconf 73' lang='lat' dir='ltr'><em>uncinus</em></span> <span class='ocrx_word' id='word_1_58' title='bbox 518 555 669 602; x_wconf 80' lang='lat' dir='ltr'><em>ferreus</em></span> <span class='ocrx_word' id='word_1_59' title='bbox 686 553 746 591; x_wconf 82' lang='lat' dir='ltr'><em>vel</em></span> <span class='ocrx_word' id='word_1_60' title='bbox 764 553 914 602; x_wconf 75' lang='lat' dir='ltr'><em>liyneus</em></span> <span class='ocrx_word' id='word_1_61' title='bbox 935 583 941 590; x_wconf 90' lang='lat'><em>.</em></span> <span class='ocrx_word' id='word_1_62' title='bbox 964 583 971 590; x_wconf 94' lang='lat'><em>.</em></span> <span class='ocrx_word' id='word_1_63' title='bbox 992 554 1038 591; x_wconf 85' lang='lat' dir='ltr'><em>de</em></span> <span class='ocrx_word' id='word_1_64' title='bbox 1056 565 1129 601; x_wconf 77' lang='lat' dir='ltr'><em>quo</em></span> <span class='ocrx_word' id='word_1_65' title='bbox 1149 554 1307 592; x_wconf 78' lang='lat' dir='ltr'><em>Ennius</em></span> <span class='ocrx_word' id='word_1_66' title='bbox 1328 551 1518 593; x_wconf 74' lang='lat' dir='ltr'><em>‘tonsillas</em></span> <span class='ocrx_word' id='word_1_67' title='bbox 1536 557 1709 603; x_wconf 77' lang='lat' dir='ltr'><em>rapiunt,</em></span> 
     </span>
     <span class='ocr_line' id='line_1_7' title="bbox 147 606 1709 665; baseline -0.001 -12"><span class='ocrx_word' id='word_1_68' title='bbox 147 615 344 663; x_wconf 72' lang='lat' dir='ltr'><em>confiqwnt</em></span> <span class='ocrx_word' id='word_1_69' title='bbox 372 614 481 658; x_wconf 81' lang='lat' dir='ltr'><em>litus,</em></span> <span class='ocrx_word' id='word_1_70' title='bbox 513 609 702 651; x_wconf 78' lang='lat' dir='ltr'><em>admwas&#39;</em></span> <span class='ocrx_word' id='word_1_71' title='bbox 737 607 845 665; x_wconf 88' lang='grc'><strong>(31111.</strong></span> <span class='ocrx_word' id='word_1_72' title='bbox 867 606 990 665; x_wconf 87' lang='lat'>499):</span> <span class='ocrx_word' id='word_1_73' title='bbox 1021 625 1148 661; x_wconf 91' lang='lat' dir='ltr'><em>neque</em></span> <span class='ocrx_word' id='word_1_74' title='bbox 1177 612 1282 650; x_wconf 90' lang='lat' dir='ltr'><em>hunc</em></span> <span class='ocrx_word' id='word_1_75' title='bbox 1309 625 1466 651; x_wconf 87' lang='lat' dir='ltr'><em>versum</em></span> <span class='ocrx_word' id='word_1_76' title='bbox 1498 615 1709 663; x_wconf 87' lang='lat' dir='ltr'><em>quisquam</em></span> 
     </span>
     <span class='ocr_line' id='line_1_8' title="bbox 91 671 1710 723; baseline -0.001 -11"><span class='ocrx_word' id='word_1_77' title='bbox 91 682 93 685; x_wconf 85' lang='grc'><strong>“</strong></span> <span class='ocrx_word' id='word_1_78' title='bbox 147 675 306 723; x_wconf 86' lang='lat' dir='ltr'><em>praeter</em></span> <span class='ocrx_word' id='word_1_79' title='bbox 329 673 528 711; x_wconf 87' lang='lat' dir='ltr'><em>Isidorum</em></span> <span class='ocrx_word' id='word_1_80' title='bbox 552 671 674 710; x_wconf 90' lang='lat' dir='ltr'><em>novit.</em></span> <span class='ocrx_word' id='word_1_81' title='bbox 703 671 779 709; x_wconf 87' lang='lat' dir='ltr'><em>Sed</em></span> <span class='ocrx_word' id='word_1_82' title='bbox 803 671 845 709; x_wconf 88' lang='lat' dir='ltr'><em>in</em></span> <span class='ocrx_word' id='word_1_83' title='bbox 870 671 943 709; x_wconf 89' lang='lat' dir='ltr'><em>hac</em></span> <span class='ocrx_word' id='word_1_84' title='bbox 969 683 1124 721; x_wconf 90' lang='lat' dir='ltr'><em>quoque</em></span> <span class='ocrx_word' id='word_1_85' title='bbox 1149 673 1263 720; x_wconf 89' lang='lat' dir='ltr'><em>parte</em></span> <span class='ocrx_word' id='word_1_86' title='bbox 1282 672 1472 710; x_wconf 87' lang='lat' dir='ltr'><em>nonnulla</em></span> <span class='ocrx_word' id='word_1_87' title='bbox 1492 673 1710 711; x_wconf 87' lang='lat' dir='ltr'><em>afferuntur</em></span> 
     </span>
     <span class='ocr_line' id='line_1_9' title="bbox 148 729 1708 782; baseline 0 -12"><span class='ocrx_word' id='word_1_88' title='bbox 148 745 249 782; x_wconf 86' lang='lat' dir='ltr'><em>quae</em></span> <span class='ocrx_word' id='word_1_89' title='bbox 268 732 389 771; x_wconf 84' lang='lat' dir='ltr'><em>Ennii</em></span> <span class='ocrx_word' id='word_1_90' title='bbox 414 730 826 770; x_wconf 85' lang='lat' dir='ltr'><em>commemorationem</em></span> <span class='ocrx_word' id='word_1_91' title='bbox 845 743 923 768; x_wconf 92' lang='lat' dir='ltr'><em>non</em></span> <span class='ocrx_word' id='word_1_92' title='bbox 942 729 1089 768; x_wconf 87' lang='lat' dir='ltr'><em>habent</em></span> <span class='ocrx_word' id='word_1_93' title='bbox 1108 743 1197 769; x_wconf 89' lang='lat' dir='ltr'><em>cum</em></span> <span class='ocrx_word' id='word_1_94' title='bbox 1215 730 1357 768; x_wconf 86' lang='lat' dir='ltr'><em>habere</em></span> <span class='ocrx_word' id='word_1_95' title='bbox 1378 732 1596 780; x_wconf 85' lang='lat' dir='ltr'><em>potuerint3</em></span> <span class='ocrx_word' id='word_1_96' title='bbox 1622 732 1708 770; x_wconf 89' lang='lat' dir='ltr'><em>dico</em></span> 
     </span>
     <span class='ocr_line' id='line_1_10' title="bbox 148 790 1710 840; baseline -0.001 -10"><span class='ocrx_word' id='word_1_97' title='bbox 148 803 178 830; x_wconf 92' lang='grc'><em>0.</em></span> <span class='ocrx_word' id='word_1_98' title='bbox 203 793 240 840; x_wconf 93' lang='grc'><em>1,</em></span> <span class='ocrx_word' id='word_1_99' title='bbox 261 793 285 830; x_wconf 88' lang='lat'>9</span> <span class='ocrx_word' id='word_1_100' title='bbox 317 794 421 830; x_wconf 83' lang='lat' dir='ltr'><em>rates</em></span> <span class='ocrx_word' id='word_1_101' title='bbox 444 792 623 840; x_wconf 79' lang='lat' dir='ltr'><em>primum</em></span> <span class='ocrx_word' id='word_1_102' title='bbox 654 793 687 829; x_wconf 86' lang='lat' dir='ltr'><em>et</em></span> <span class='ocrx_word' id='word_1_103' title='bbox 718 791 1033 838; x_wconf 78' lang='lat' dir='ltr'><em>antiquissimum</em></span> <span class='ocrx_word' id='word_1_104' title='bbox 1060 800 1182 838; x_wconf 75' lang='lat' dir='ltr'><em>qenus</em></span> <span class='ocrx_word' id='word_1_105' title='bbox 1211 790 1377 839; x_wconf 71' lang='lat' dir='ltr'><em>naviyii3</em></span> <span class='ocrx_word' id='word_1_106' title='bbox 1410 802 1440 828; x_wconf 91' lang='lat' dir='ltr'><em>c.</em></span> <span class='ocrx_word' id='word_1_107' title='bbox 1463 791 1500 838; x_wconf 85' lang='lat'><em>2,</em></span> <span class='ocrx_word' id='word_1_108' title='bbox 1522 790 1546 828; x_wconf 88' lang='grc'><strong>6</strong></span> <span class='ocrx_word' id='word_1_109' title='bbox 1580 793 1710 829; x_wconf 83' lang='lat' dir='ltr'><em>tonsae</em></span> 
     </span>
     <span class='ocr_line' id='line_1_11' title="bbox 146 845 1709 903; baseline -0.001 -14"><span class='ocrx_word' id='word_1_110' title='bbox 146 852 244 889; x_wconf 90' lang='lat' dir='ltr'><em>remi</em></span> <span class='ocrx_word' id='word_1_111' title='bbox 274 863 300 889; x_wconf 91' lang='lat' dir='ltr'><em>a</em></span> <span class='ocrx_word' id='word_1_112' title='bbox 330 850 565 889; x_wconf 75' lang='lat' dir='ltr'><em>decutiendis</em></span> <span class='ocrx_word' id='word_1_113' title='bbox 595 850 775 897; x_wconf 80' lang='lat' dir='ltr'><em>flactibus</em></span> <span class='ocrx_word' id='word_1_114' title='bbox 806 849 909 894; x_wconf 79' lang='lat' dir='ltr'><em>dicti,</em></span> <span class='ocrx_word' id='word_1_115' title='bbox 941 861 1044 898; x_wconf 92' lang='lat' dir='ltr'><em>quae</em></span> <span class='ocrx_word' id='word_1_116' title='bbox 1075 848 1195 886; x_wconf 88' lang='lat' dir='ltr'><em>verba</em></span> <span class='ocrx_word' id='word_1_117' title='bbox 1226 848 1399 887; x_wconf 84' lang='lat' dir='ltr'><em>Isidorus</em></span> <span class='ocrx_word' id='word_1_118' title='bbox 1432 862 1454 886; x_wconf 92' lang='grc'><em>3</em></span> <span class='ocrx_word' id='word_1_119' title='bbox 1481 848 1616 888; x_wconf 85' lang='lat' dir='ltr'><em>Servio</em></span> <span class='ocrx_word' id='word_1_120' title='bbox 1649 845 1709 903; x_wconf 87' lang='lat' dir='ltr'><em>(in</em></span> 
     </span>
     <span class='ocr_line' id='line_1_12' title="bbox 146 904 1709 963; baseline -0.001 -15"><span class='ocrx_word' id='word_1_121' title='bbox 146 910 243 948; x_wconf 87' lang='lat' dir='ltr'><em>Aen.</em></span> <span class='ocrx_word' id='word_1_122' title='bbox 263 922 322 949; x_wconf 87' lang='lat' dir='ltr'><em>v11</em></span> <span class='ocrx_word' id='word_1_123' title='bbox 344 904 418 963; x_wconf 85' lang='grc'><strong>28)</strong></span> <span class='ocrx_word' id='word_1_124' title='bbox 450 911 657 947; x_wconf 86' lang='grc'><strong>1111111131118</strong></span> <span class='ocrx_word' id='word_1_125' title='bbox 689 910 758 947; x_wconf 84' lang='grc'><strong>081.</strong></span> <span class='ocrx_word' id='word_1_126' title='bbox 791 907 970 957; x_wconf 89' lang='lat' dir='ltr'><em>Utroque</em></span> <span class='ocrx_word' id='word_1_127' title='bbox 1002 908 1106 946; x_wconf 88' lang='lat' dir='ltr'><em>enim</em></span> <span class='ocrx_word' id='word_1_128' title='bbox 1137 908 1328 946; x_wconf 86' lang='lat' dir='ltr'><em>vocabulo</em></span> <span class='ocrx_word' id='word_1_129' title='bbox 1357 908 1477 946; x_wconf 88' lang='lat' dir='ltr'><em>semel</em></span> <span class='ocrx_word' id='word_1_130' title='bbox 1503 909 1542 947; x_wconf 88' lang='lat' dir='ltr'><em>et</em></span> <span class='ocrx_word' id='word_1_131' title='bbox 1567 909 1709 946; x_wconf 89' lang='lat' dir='ltr'><em>iterum</em></span> 
     </span>
     <span class='ocr_line' id='line_1_13' title="bbox 147 967 1709 1018; baseline -0.001 -11"><span class='ocrx_word' id='word_1_132' title='bbox 147 969 299 1008; x_wconf 86' lang='lat' dir='ltr'><em>Ennius</em></span> <span class='ocrx_word' id='word_1_133' title='bbox 324 981 417 1008; x_wconf 90' lang='lat' dir='ltr'><em>usus</em></span> <span class='ocrx_word' id='word_1_134' title='bbox 444 970 515 1018; x_wconf 90' lang='lat' dir='ltr'><em>est,</em></span> <span class='ocrx_word' id='word_1_135' title='bbox 541 969 581 1007; x_wconf 86' lang='lat' dir='ltr'><em>et</em></span> <span class='ocrx_word' id='word_1_136' title='bbox 605 971 736 1006; x_wconf 89' lang='lat' dir='ltr'><em>tonsas</em></span> <span class='ocrx_word' id='word_1_137' title='bbox 763 967 922 1017; x_wconf 90' lang='lat' dir='ltr'><em>quidem</em></span> <span class='ocrx_word' id='word_1_138' title='bbox 949 967 1017 1005; x_wconf 91' lang='lat' dir='ltr'><em>alii</em></span> <span class='ocrx_word' id='word_1_139' title='bbox 1044 967 1292 1018; x_wconf 72' lang='lat' dir='ltr'><em>grammatici</em></span> <span class='ocrx_word' id='word_1_140' title='bbox 1318 967 1500 1006; x_wconf 88' lang='lat' dir='ltr'><em>similiter</em></span> <span class='ocrx_word' id='word_1_141' title='bbox 1525 967 1591 1006; x_wconf 90' lang='lat' dir='ltr'><em>sed</em></span> <span class='ocrx_word' id='word_1_142' title='bbox 1610 969 1709 1007; x_wconf 88' lang='lat' dir='ltr'><em>teste</em></span> 
     </span>
     <span class='ocr_line' id='line_1_14' title="bbox 148 1021 990 1082; baseline -0.004 -15"><span class='ocrx_word' id='word_1_143' title='bbox 148 1029 276 1067; x_wconf 85' lang='lat' dir='ltr'><em>Ennio</em></span> <span class='ocrx_word' id='word_1_144' title='bbox 302 1023 411 1082; x_wconf 88' lang='grc'><strong>(31111.</strong></span> <span class='ocrx_word' id='word_1_145' title='bbox 434 1029 529 1066; x_wconf 84' lang='grc'><strong>230.</strong></span> <span class='ocrx_word' id='word_1_146' title='bbox 552 1021 656 1080; x_wconf 85' lang='grc'><strong>231)</strong></span> <span class='ocrx_word' id='word_1_147' title='bbox 684 1027 990 1077; x_wconf 75' lang='lat' dir='ltr'><em>explicaverunt.</em></span> 
     </span>
    </p>

    <p class='ocr_par' dir='ltr' id='par_1_3' title="bbox 146 1085 1709 1376">
     <span class='ocr_line' id='line_1_15' title="bbox 264 1085 1709 1137; baseline -0.002 -11"><span class='ocrx_word' id='word_1_148' title='bbox 264 1087 426 1126; x_wconf 89' lang='lat' dir='ltr'><em>Praeter</em></span> <span class='ocrx_word' id='word_1_149' title='bbox 451 1088 627 1137; x_wconf 86' lang='lat' dir='ltr'><em>amplum</em></span> <span class='ocrx_word' id='word_1_150' title='bbox 651 1086 794 1125; x_wconf 82' lang='lat' dir='ltr'><em>Isidori</em></span> <span class='ocrx_word' id='word_1_151' title='bbox 819 1099 916 1136; x_wconf 90' lang='lat' dir='ltr'><em>opus</em></span> <span class='ocrx_word' id='word_1_152' title='bbox 943 1085 1140 1136; x_wconf 88' lang='lat' dir='ltr'><em>originum</em></span> <span class='ocrx_word' id='word_1_153' title='bbox 1166 1086 1248 1124; x_wconf 84' lang='lat' dir='ltr'><em>sive</em></span> <span class='ocrx_word' id='word_1_154' title='bbox 1268 1085 1598 1136; x_wconf 79' lang='lat' dir='ltr'>etymologiarum</span> <span class='ocrx_word' id='word_1_155' title='bbox 1622 1098 1709 1135; x_wconf 90' lang='lat' dir='ltr'><em>per-</em></span> 
     </span>
     <span class='ocr_line' id='line_1_16' title="bbox 146 1144 1708 1197; baseline -0.002 -12"><span class='ocrx_word' id='word_1_156' title='bbox 146 1159 273 1197; x_wconf 85' lang='lat' dir='ltr'><em>pauca</em></span> <span class='ocrx_word' id='word_1_157' title='bbox 293 1147 475 1185; x_wconf 83' lang='lat' dir='ltr'><em>Enniana</em></span> <span class='ocrx_word' id='word_1_158' title='bbox 500 1148 711 1196; x_wconf 77' lang='lat' dir='ltr'><em>supersunt</em></span> <span class='ocrx_word' id='word_1_159' title='bbox 735 1147 818 1184; x_wconf 86' lang='lat' dir='ltr'><em>tam</em></span> <span class='ocrx_word' id='word_1_160' title='bbox 842 1146 885 1183; x_wconf 90' lang='lat' dir='ltr'><em>in</em></span> <span class='ocrx_word' id='word_1_161' title='bbox 910 1145 958 1182; x_wconf 90' lang='lat' dir='ltr'><em>iis</em></span> <span class='ocrx_word' id='word_1_162' title='bbox 986 1157 1085 1194; x_wconf 90' lang='lat' dir='ltr'><em>quae</em></span> <span class='ocrx_word' id='word_1_163' title='bbox 1112 1145 1269 1194; x_wconf 77' lang='lat' dir='ltr'><em>scripsit</em></span> <span class='ocrx_word' id='word_1_164' title='bbox 1295 1144 1342 1182; x_wconf 92' lang='lat' dir='ltr'><em>de</em></span> <span class='ocrx_word' id='word_1_165' title='bbox 1368 1144 1600 1182; x_wconf 87' lang='lat' dir='ltr'><em>differentiis</em></span> <span class='ocrx_word' id='word_1_166' title='bbox 1625 1158 1708 1183; x_wconf 83' lang='lat' dir='ltr'><em>ver-</em></span> 
     </span>
     <span class='ocr_line' id='line_1_17' title="bbox 146 1198 1709 1258; baseline -0.002 -13"><span class='ocrx_word' id='word_1_167' title='bbox 146 1206 299 1256; x_wconf 88' lang='lat' dir='ltr'><em>borum,</em></span> <span class='ocrx_word' id='word_1_168' title='bbox 332 1219 431 1256; x_wconf 89' lang='lat' dir='ltr'><em>quae</em></span> <span class='ocrx_word' id='word_1_169' title='bbox 462 1207 542 1245; x_wconf 88' lang='lat' dir='ltr'><em>tres</em></span> <span class='ocrx_word' id='word_1_170' title='bbox 573 1218 709 1244; x_wconf 89' lang='lat' dir='ltr'><em>versus</em></span> <span class='ocrx_word' id='word_1_171' title='bbox 741 1206 912 1243; x_wconf 81' lang='lat' dir='ltr'><em>scenicos</em></span> <span class='ocrx_word' id='word_1_172' title='bbox 940 1198 1094 1258; x_wconf 83' lang='lat'>(7—9)</span> <span class='ocrx_word' id='word_1_173' title='bbox 1126 1215 1318 1253; x_wconf 81' lang='lat' dir='ltr'><em>nusquam</em></span> <span class='ocrx_word' id='word_1_174' title='bbox 1353 1202 1450 1241; x_wconf 88' lang='lat' dir='ltr'><em>alibi</em></span> <span class='ocrx_word' id='word_1_175' title='bbox 1475 1205 1709 1242; x_wconf 88' lang='lat' dir='ltr'><em>memoratos</em></span> 
     </span>
     <span class='ocr_line' id='line_1_18' title="bbox 146 1257 1707 1316; baseline -0.003 -12"><span class='ocrx_word' id='word_1_176' title='bbox 146 1267 293 1315; x_wconf 83' lang='lat' dir='ltr'><em>tenent,</em></span> <span class='ocrx_word' id='word_1_177' title='bbox 323 1278 443 1316; x_wconf 90' lang='lat' dir='ltr'><em>quam</em></span> <span class='ocrx_word' id='word_1_178' title='bbox 466 1266 510 1303; x_wconf 88' lang='lat' dir='ltr'><em>in</em></span> <span class='ocrx_word' id='word_1_179' title='bbox 534 1264 636 1303; x_wconf 91' lang='lat' dir='ltr'><em>libro</em></span> <span class='ocrx_word' id='word_1_180' title='bbox 662 1265 710 1303; x_wconf 89' lang='lat' dir='ltr'><em>de</em></span> <span class='ocrx_word' id='word_1_181' title='bbox 734 1265 879 1302; x_wconf 88' lang='lat' dir='ltr'><em>natura</em></span> <span class='ocrx_word' id='word_1_182' title='bbox 903 1276 1046 1311; x_wconf 90' lang='lat' dir='ltr'><em>rerum,</em></span> <span class='ocrx_word' id='word_1_183' title='bbox 1078 1264 1148 1313; x_wconf 90' lang='lat' dir='ltr'><em>qui</em></span> <span class='ocrx_word' id='word_1_184' title='bbox 1172 1275 1329 1302; x_wconf 86' lang='lat' dir='ltr'><em>versum</em></span> <span class='ocrx_word' id='word_1_185' title='bbox 1355 1262 1558 1301; x_wconf 85' lang='lat' dir='ltr'><em>annalium</em></span> <span class='ocrx_word' id='word_1_186' title='bbox 1584 1257 1707 1315; x_wconf 83' lang='lat'>(545)</span> 
     </span>
     <span class='ocr_line' id='line_1_19' title="bbox 148 1322 1106 1376; baseline -0.003 -13"><span class='ocrx_word' id='word_1_187' title='bbox 148 1326 188 1374; x_wconf 81' lang='lat' dir='ltr'><em>et</em></span> <span class='ocrx_word' id='word_1_188' title='bbox 212 1325 342 1376; x_wconf 85' lang='lat' dir='ltr'><em>ipsum</em></span> <span class='ocrx_word' id='word_1_189' title='bbox 366 1326 570 1375; x_wconf 85' lang='lat' dir='ltr'><em>praeterea</em></span> <span class='ocrx_word' id='word_1_190' title='bbox 594 1337 674 1363; x_wconf 90' lang='lat' dir='ltr'><em>non</em></span> <span class='ocrx_word' id='word_1_191' title='bbox 699 1324 904 1374; x_wconf 88' lang='lat' dir='ltr'><em>cognitum</em></span> <span class='ocrx_word' id='word_1_192' title='bbox 928 1322 1106 1361; x_wconf 80' lang='lat' dir='ltr'><em>tradidit.</em></span> 
     </span>
    </p>

    <p class='ocr_par' dir='ltr' id='par_1_4' title="bbox 143 1381 1710 2319">
     <span class='ocr_line' id='line_1_20' title="bbox 263 1381 1708 1434; baseline -0.002 -12"><span class='ocrx_word' id='word_1_193' title='bbox 263 1384 495 1423; x_wconf 87' lang='lat' dir='ltr'><em>Isidorianis</em></span> <span class='ocrx_word' id='word_1_194' title='bbox 521 1384 569 1422; x_wconf 94' lang='lat' dir='ltr'><em>ob</em></span> <span class='ocrx_word' id='word_1_195' title='bbox 596 1384 872 1434; x_wconf 84' lang='lat' dir='ltr'><em>cognationem</em></span> <span class='ocrx_word' id='word_1_196' title='bbox 898 1382 1098 1432; x_wconf 89' lang='lat' dir='ltr'><em>quandam</em></span> <span class='ocrx_word' id='word_1_197' title='bbox 1123 1382 1277 1432; x_wconf 87' lang='lat' dir='ltr'><em>generis</em></span> <span class='ocrx_word' id='word_1_198' title='bbox 1304 1381 1474 1432; x_wconf 88' lang='lat' dir='ltr'><em>adiungo</em></span> <span class='ocrx_word' id='word_1_199' title='bbox 1503 1393 1630 1431; x_wconf 85' lang='lat' dir='ltr'><em>pauca</em></span> <span class='ocrx_word' id='word_1_200' title='bbox 1662 1381 1708 1419; x_wconf 92' lang='lat' dir='ltr'><em>de</em></span> 
     </span>
     <span class='ocr_line' id='line_1_21' title="bbox 147 1440 1708 1495; baseline -0.003 -13"><span class='ocrx_word' id='word_1_201' title='bbox 147 1443 366 1495; x_wconf 86' lang='lat' dir='ltr'><em>glossarum</em></span> <span class='ocrx_word' id='word_1_202' title='bbox 398 1444 597 1494; x_wconf 82' lang='lat' dir='ltr'><em>congerie,</em></span> <span class='ocrx_word' id='word_1_203' title='bbox 630 1455 729 1492; x_wconf 89' lang='lat' dir='ltr'><em>quae</em></span> <span class='ocrx_word' id='word_1_204' title='bbox 763 1442 921 1492; x_wconf 89' lang='lat' dir='ltr'><em>quidem</em></span> <span class='ocrx_word' id='word_1_205' title='bbox 953 1441 1072 1479; x_wconf 86' lang='lat' dir='ltr'><em>Ennii</em></span> <span class='ocrx_word' id='word_1_206' title='bbox 1103 1454 1246 1479; x_wconf 91' lang='lat' dir='ltr'><em>nomen</em></span> <span class='ocrx_word' id='word_1_207' title='bbox 1277 1453 1370 1490; x_wconf 90' lang='lat' dir='ltr'><em>prae</em></span> <span class='ocrx_word' id='word_1_208' title='bbox 1403 1453 1442 1479; x_wconf 92' lang='lat' dir='ltr'><em>se</em></span> <span class='ocrx_word' id='word_1_209' title='bbox 1474 1441 1618 1478; x_wconf 88' lang='lat' dir='ltr'><em>ferunt.</em></span> <span class='ocrx_word' id='word_1_210' title='bbox 1650 1440 1708 1478; x_wconf 90' lang='lat' dir='ltr'><em>Ac</em></span> 
     </span>
     <span class='ocr_line' id='line_1_22' title="bbox 145 1494 1708 1553; baseline -0.002 -13"><span class='ocrx_word' id='word_1_211' title='bbox 145 1504 272 1553; x_wconf 88' lang='lat' dir='ltr'><em>primo</em></span> <span class='ocrx_word' id='word_1_212' title='bbox 298 1503 383 1542; x_wconf 92' lang='lat' dir='ltr'><em>loco</em></span> <span class='ocrx_word' id='word_1_213' title='bbox 409 1515 512 1552; x_wconf 92' lang='lat' dir='ltr'><em>pono</em></span> <span class='ocrx_word' id='word_1_214' title='bbox 537 1504 580 1540; x_wconf 91' lang='lat' dir='ltr'><em>in</em></span> <span class='ocrx_word' id='word_1_215' title='bbox 606 1503 798 1552; x_wconf 83' lang='lat' dir='ltr'><em>excerptis</em></span> <span class='ocrx_word' id='word_1_216' title='bbox 821 1514 866 1539; x_wconf 81' lang='lat' dir='ltr'><em>ex</em></span> <span class='ocrx_word' id='word_1_217' title='bbox 887 1500 1116 1539; x_wconf 80' lang='lat' dir='ltr'><em>cod.&#39;Vatic.</em></span> <span class='ocrx_word' id='word_1_218' title='bbox 1140 1501 1251 1538; x_wconf 86' lang='lat'>1468</span> <span class='ocrx_word' id='word_1_219' title='bbox 1273 1495 1333 1553; x_wconf 79' lang='lat' dir='ltr'><em>(O.</em></span> <span class='ocrx_word' id='word_1_220' title='bbox 1356 1498 1416 1537; x_wconf 86' lang='lat' dir='ltr'><em>Gl.</em></span> <span class='ocrx_word' id='word_1_221' title='bbox 1436 1498 1479 1537; x_wconf 90' lang='lat' dir='ltr'><em>L.</em></span> <span class='ocrx_word' id='word_1_222' title='bbox 1500 1512 1526 1538; x_wconf 91' lang='lat' dir='ltr'>v</span> <span class='ocrx_word' id='word_1_223' title='bbox 1544 1513 1581 1550; x_wconf 91' lang='lat' dir='ltr'><em>p.</em></span> <span class='ocrx_word' id='word_1_224' title='bbox 1602 1494 1708 1552; x_wconf 85' lang='lat'><em>498)</em></span> 
     </span>
     <span class='ocr_line' id='line_1_23' title="bbox 145 1558 1710 1610; baseline -0.003 -10"><span class='ocrx_word' id='word_1_225' title='bbox 145 1564 347 1601; x_wconf 87' lang='lat' dir='ltr'><em>servatum</em></span> <span class='ocrx_word' id='word_1_226' title='bbox 377 1562 648 1600; x_wconf 85' lang='lat' dir='ltr'><em>testimonium</em></span> <span class='ocrx_word' id='word_1_227' title='bbox 680 1561 727 1599; x_wconf 89' lang='lat' dir='ltr'><em>de</em></span> <span class='ocrx_word' id='word_1_228' title='bbox 759 1561 887 1599; x_wconf 83' lang='lat' dir='ltr'><em>Ennio</em></span> <span class='ocrx_word' id='word_1_229' title='bbox 920 1559 1024 1610; x_wconf 89' lang='lat' dir='ltr'><em>quod</em></span> <span class='ocrx_word' id='word_1_230' title='bbox 1057 1560 1107 1598; x_wconf 90' lang='lat' dir='ltr'><em>ad</em></span> <span class='ocrx_word' id='word_1_231' title='bbox 1138 1573 1227 1598; x_wconf 88' lang='lat' dir='ltr'><em>ann.</em></span> <span class='ocrx_word' id='word_1_232' title='bbox 1258 1560 1310 1597; x_wconf 89' lang='lat'><em>15</em></span> <span class='ocrx_word' id='word_1_233' title='bbox 1343 1558 1512 1597; x_wconf 85' lang='lat' dir='ltr'><em>adscribi</em></span> <span class='ocrx_word' id='word_1_234' title='bbox 1543 1558 1710 1596; x_wconf 87' lang='lat' dir='ltr'><em>debebat</em></span> 
     </span>
     <span class='ocr_line' id='line_1_24' title="bbox 145 1618 1709 1669; baseline -0.003 -9"><span class='ocrx_word' id='word_1_235' title='bbox 145 1621 304 1660; x_wconf 77' lang='lat' dir='ltr'><em>Ennius</em></span> <span class='ocrx_word' id='word_1_236' title='bbox 328 1632 466 1660; x_wconf 90' lang='lat' dir='ltr'><em>nomen</em></span> <span class='ocrx_word' id='word_1_237' title='bbox 491 1621 655 1660; x_wconf 83' lang='lat' dir='ltr'><em>doctoris</em></span> <span class='ocrx_word' id='word_1_238' title='bbox 680 1622 743 1659; x_wconf 79' lang='lat' dir='ltr'><em>cni</em></span> <span class='ocrx_word' id='word_1_239' title='bbox 760 1631 866 1669; x_wconf 83' lang='lat' dir='ltr'><em>pavo</em></span> <span class='ocrx_word' id='word_1_240' title='bbox 890 1631 966 1668; x_wconf 88' lang='lat' dir='ltr'><em>per</em></span> <span class='ocrx_word' id='word_1_241' title='bbox 990 1621 1176 1658; x_wconf 79' lang='lat' dir='ltr'><em>visionem</em></span> <span class='ocrx_word' id='word_1_242' title='bbox 1200 1620 1243 1657; x_wconf 90' lang='lat' dir='ltr'><em>in</em></span> <span class='ocrx_word' id='word_1_243' title='bbox 1262 1629 1326 1657; x_wconf 90' lang='lat' dir='ltr'><em>ore</em></span> <span class='ocrx_word' id='word_1_244' title='bbox 1343 1619 1518 1656; x_wconf 76' lang='lat' dir='ltr'><em>introivit</em></span> <span class='ocrx_word' id='word_1_245' title='bbox 1535 1620 1570 1656; x_wconf 88' lang='lat' dir='ltr'><em>et</em></span> <span class='ocrx_word' id='word_1_246' title='bbox 1587 1618 1709 1656; x_wconf 87' lang='lat' dir='ltr'><em>altera</em></span> 
     </span>
     <span class='ocr_line' id='line_1_25' title="bbox 145 1676 1706 1729; baseline -0.003 -10"><span class='ocrx_word' id='word_1_247' title='bbox 145 1681 207 1719; x_wconf 83' lang='lat' dir='ltr'><em>die</em></span> <span class='ocrx_word' id='word_1_248' title='bbox 236 1682 407 1719; x_wconf 67' lang='lat' dir='ltr'><em>surremit</em></span> <span class='ocrx_word' id='word_1_249' title='bbox 432 1681 722 1729; x_wconf 63' lang='lat' dir='ltr'><em>grammaticus.</em></span> <span class='ocrx_word' id='word_1_250' title='bbox 753 1681 832 1729; x_wconf 77' lang='lat' dir='ltr'><em>fuit</em></span> <span class='ocrx_word' id='word_1_251' title='bbox 862 1682 989 1718; x_wconf 80' lang='lat' dir='ltr'><em>autem</em></span> <span class='ocrx_word' id='word_1_252' title='bbox 1020 1679 1141 1717; x_wconf 78' lang='lat' dir='ltr'><em>cultor</em></span> <span class='ocrx_word' id='word_1_253' title='bbox 1171 1678 1374 1716; x_wconf 77' lang='lat' dir='ltr'><em>idolorum.</em></span> <span class='ocrx_word' id='word_1_254' title='bbox 1406 1676 1527 1716; x_wconf 91' lang='lat' dir='ltr'><em>Porro</em></span> <span class='ocrx_word' id='word_1_255' title='bbox 1553 1677 1706 1727; x_wconf 88' lang='lat' dir='ltr'><em>glossae</em></span> 
     </span>
     <span class='ocr_line' id='line_1_26' title="bbox 145 1735 1706 1779; baseline -0.003 -1"><span class='ocrx_word' id='word_1_256' title='bbox 145 1740 288 1778; x_wconf 89' lang='lat' dir='ltr'><em>codicis</em></span> <span class='ocrx_word' id='word_1_257' title='bbox 315 1738 463 1779; x_wconf 83' lang='lat' dir='ltr'><em>Cassin.</em></span> <span class='ocrx_word' id='word_1_258' title='bbox 486 1741 541 1778; x_wconf 87' lang='lat'><em>90</em></span> <span class='ocrx_word' id='word_1_259' title='bbox 567 1752 656 1777; x_wconf 90' lang='lat' dir='ltr'><em>cum</em></span> <span class='ocrx_word' id='word_1_260' title='bbox 680 1740 801 1777; x_wconf 85' lang='lat' dir='ltr'><em>Ennii</em></span> <span class='ocrx_word' id='word_1_261' title='bbox 826 1739 1063 1777; x_wconf 85' lang='lat' dir='ltr'><em>sententiam</em></span> <span class='ocrx_word' id='word_1_262' title='bbox 1089 1738 1137 1776; x_wconf 91' lang='lat' dir='ltr'><em>de</em></span> <span class='ocrx_word' id='word_1_263' title='bbox 1168 1737 1335 1775; x_wconf 86' lang='lat' dir='ltr'><em>Romulo</em></span> <span class='ocrx_word' id='word_1_264' title='bbox 1361 1736 1562 1775; x_wconf 89' lang='lat' dir='ltr'><em>conditore</em></span> <span class='ocrx_word' id='word_1_265' title='bbox 1598 1735 1706 1774; x_wconf 89' lang='lat' dir='ltr'><em>urbis</em></span> 
     </span>
     <span class='ocr_line' id='line_1_27' title="bbox 145 1791 1707 1852; baseline -0.003 -15"><span class='ocrx_word' id='word_1_266' title='bbox 145 1793 254 1851; x_wconf 88' lang='grc'><strong>(31111.</strong></span> <span class='ocrx_word' id='word_1_267' title='bbox 278 1800 330 1837; x_wconf 88' lang='grc'><em>77</em></span> <span class='ocrx_word' id='word_1_268' title='bbox 351 1813 388 1849; x_wconf 90' lang='lat' dir='ltr'><em>p.</em></span> <span class='ocrx_word' id='word_1_269' title='bbox 412 1794 485 1852; x_wconf 91' lang='lat'><em>14)</em></span> <span class='ocrx_word' id='word_1_270' title='bbox 511 1800 598 1837; x_wconf 88' lang='lat' dir='ltr'><em>tum</em></span> <span class='ocrx_word' id='word_1_271' title='bbox 621 1811 780 1838; x_wconf 83' lang='lat' dir='ltr'><em>versum</em></span> <span class='ocrx_word' id='word_1_272' title='bbox 806 1799 888 1836; x_wconf 89' lang='lat' dir='ltr'><em>eius</em></span> <span class='ocrx_word' id='word_1_273' title='bbox 909 1795 1015 1848; x_wconf 88' lang='lat' dir='ltr'><em>(ann.</em></span> <span class='ocrx_word' id='word_1_274' title='bbox 1039 1791 1142 1849; x_wconf 82' lang='lat'>297)</span> <span class='ocrx_word' id='word_1_275' title='bbox 1163 1798 1208 1835; x_wconf 88' lang='lat' dir='ltr'><em>ob</em></span> <span class='ocrx_word' id='word_1_276' title='bbox 1227 1796 1394 1835; x_wconf 83' lang='lat' dir='ltr'><em>Romam</em></span> <span class='ocrx_word' id='word_1_277' title='bbox 1411 1798 1526 1834; x_wconf 80' lang='lat' dir='ltr'><em>nocta</em></span> <span class='ocrx_word' id='word_1_278' title='bbox 1544 1796 1707 1844; x_wconf 75' lang='lat' dir='ltr'><em>leyiones</em></span> 
     </span>
     <span class='ocr_line' id='line_1_28' title="bbox 145 1853 1707 1907; baseline -0.003 -10"><span class='ocrx_word' id='word_1_279' title='bbox 145 1858 281 1897; x_wconf 80' lang='lat' dir='ltr'><em>ducere</em></span> <span class='ocrx_word' id='word_1_280' title='bbox 305 1860 426 1907; x_wconf 85' lang='lat' dir='ltr'><em>coepit</em></span> <span class='ocrx_word' id='word_1_281' title='bbox 450 1871 496 1897; x_wconf 87' lang='lat' dir='ltr'><em>ex</em></span> <span class='ocrx_word' id='word_1_282' title='bbox 515 1858 632 1896; x_wconf 86' lang='lat' dir='ltr'><em>Festo</em></span> <span class='ocrx_word' id='word_1_283' title='bbox 658 1858 820 1896; x_wconf 90' lang='lat' dir='ltr'><em>ductum</em></span> <span class='ocrx_word' id='word_1_284' title='bbox 842 1859 994 1905; x_wconf 84' lang='lat' dir='ltr'><em>tenent3</em></span> <span class='ocrx_word' id='word_1_285' title='bbox 1021 1856 1165 1906; x_wconf 84' lang='lat' dir='ltr'><em>duplex</em></span> <span class='ocrx_word' id='word_1_286' title='bbox 1185 1858 1317 1893; x_wconf 85' lang='lat' dir='ltr'><em>autem</em></span> <span class='ocrx_word' id='word_1_287' title='bbox 1337 1855 1536 1906; x_wconf 87' lang='lat' dir='ltr'><em>congeries</em></span> <span class='ocrx_word' id='word_1_288' title='bbox 1557 1855 1596 1892; x_wconf 87' lang='lat' dir='ltr'><em>et</em></span> <span class='ocrx_word' id='word_1_289' title='bbox 1616 1853 1707 1892; x_wconf 84' lang='lat' dir='ltr'><em>Oas-</em></span> 
     </span>
     <span class='ocr_line' id='line_1_29' title="bbox 145 1913 1708 1957; baseline -0.004 -1"><span class='ocrx_word' id='word_1_290' title='bbox 145 1917 310 1957; x_wconf 87' lang='lat' dir='ltr'><em>sinensis</em></span> <span class='ocrx_word' id='word_1_291' title='bbox 336 1919 376 1955; x_wconf 90' lang='lat' dir='ltr'><em>et</em></span> <span class='ocrx_word' id='word_1_292' title='bbox 400 1917 582 1956; x_wconf 87' lang='lat' dir='ltr'><em>Parisina</em></span> <span class='ocrx_word' id='word_1_293' title='bbox 613 1930 701 1956; x_wconf 91' lang='lat' dir='ltr'><em>cum</em></span> <span class='ocrx_word' id='word_1_294' title='bbox 725 1917 877 1956; x_wconf 91' lang='lat' dir='ltr'><em>Isidoro</em></span> <span class='ocrx_word' id='word_1_295' title='bbox 911 1928 1156 1955; x_wconf 91' lang='lat' dir='ltr'><em>communem</em></span> <span class='ocrx_word' id='word_1_296' title='bbox 1182 1914 1303 1953; x_wconf 88' lang='lat' dir='ltr'><em>habet</em></span> <span class='ocrx_word' id='word_1_297' title='bbox 1327 1914 1447 1952; x_wconf 84' lang='lat' dir='ltr'><em>Ennii</em></span> <span class='ocrx_word' id='word_1_298' title='bbox 1472 1913 1708 1952; x_wconf 88' lang='lat' dir='ltr'><em>versiculum</em></span> 
     </span>
     <span class='ocr_line' id='line_1_30' title="bbox 145 1971 1707 2030; baseline -0.003 -16"><span class='ocrx_word' id='word_1_299' title='bbox 145 1972 255 2030; x_wconf 88' lang='grc'><strong>(31111.</strong></span> <span class='ocrx_word' id='word_1_300' title='bbox 277 1972 381 2030; x_wconf 87' lang='grc'><strong>607)</strong></span> <span class='ocrx_word' id='word_1_301' title='bbox 407 1980 519 2015; x_wconf 90' lang='lat' dir='ltr'><em>tetros</em></span> <span class='ocrx_word' id='word_1_302' title='bbox 547 1977 774 2026; x_wconf 77' lang='lat' dir='ltr'><em>elephantos.</em></span> <span class='ocrx_word' id='word_1_303' title='bbox 816 1976 926 2021; x_wconf 85' lang='lat' dir='ltr'><em>Quae</em></span> <span class='ocrx_word' id='word_1_304' title='bbox 957 1987 1051 2013; x_wconf 87' lang='lat' dir='ltr'><em>vero</em></span> <span class='ocrx_word' id='word_1_305' title='bbox 1082 1975 1236 2025; x_wconf 87' lang='lat' dir='ltr'><em>glossae</em></span> <span class='ocrx_word' id='word_1_306' title='bbox 1267 1971 1613 2011; x_wconf 82' lang='lat' dir='ltr'><em>Latino-Graecae</em></span> <span class='ocrx_word' id='word_1_307' title='bbox 1645 1984 1707 2009; x_wconf 86' lang='lat' dir='ltr'><em>ex-</em></span> 
     </span>
     <span class='ocr_line' id='line_1_31' title="bbox 143 2024 1706 2087; baseline -0.004 -14"><span class='ocrx_word' id='word_1_308' title='bbox 143 2035 281 2074; x_wconf 86' lang='lat' dir='ltr'><em>hibent</em></span> <span class='ocrx_word' id='word_1_309' title='bbox 305 2036 426 2074; x_wconf 86' lang='lat' dir='ltr'><em>Ennii</em></span> <span class='ocrx_word' id='word_1_310' title='bbox 456 2035 651 2074; x_wconf 87' lang='lat' dir='ltr'><em>vocabula</em></span> <span class='ocrx_word' id='word_1_311' title='bbox 682 2036 877 2084; x_wconf 75' lang='lat' dir='ltr'><em>aplustria</em></span> <span class='ocrx_word' id='word_1_312' title='bbox 902 2028 1011 2087; x_wconf 87' lang='grc'><strong>(31111.</strong></span> <span class='ocrx_word' id='word_1_313' title='bbox 1034 2028 1137 2085; x_wconf 86' lang='grc'><strong>602)</strong></span> <span class='ocrx_word' id='word_1_314' title='bbox 1170 2034 1210 2071; x_wconf 85' lang='grc'><em>01</em></span> <span class='ocrx_word' id='word_1_315' title='bbox 1234 2033 1432 2071; x_wconf 80' lang='lat' dir='ltr'><em>ambactas</em></span> <span class='ocrx_word' id='word_1_316' title='bbox 1458 2026 1566 2083; x_wconf 89' lang='grc'><strong>(31111.</strong></span> <span class='ocrx_word' id='word_1_317' title='bbox 1589 2024 1706 2083; x_wconf 87' lang='grc'><strong>605),</strong></span> 
     </span>
     <span class='ocr_line' id='line_1_32' title="bbox 145 2090 1706 2144; baseline -0.004 -11"><span class='ocrx_word' id='word_1_318' title='bbox 145 2107 190 2133; x_wconf 86' lang='lat' dir='ltr'><em>ex</em></span> <span class='ocrx_word' id='word_1_319' title='bbox 214 2096 264 2134; x_wconf 91' lang='lat' dir='ltr'><em>iis</em></span> <span class='ocrx_word' id='word_1_320' title='bbox 292 2095 365 2134; x_wconf 92' lang='lat' dir='ltr'><em>hoc</em></span> <span class='ocrx_word' id='word_1_321' title='bbox 397 2109 444 2134; x_wconf 87' lang='lat' dir='ltr'><em>ex</em></span> <span class='ocrx_word' id='word_1_322' title='bbox 467 2096 585 2134; x_wconf 84' lang='lat' dir='ltr'><em>Festo</em></span> <span class='ocrx_word' id='word_1_323' title='bbox 616 2095 743 2144; x_wconf 89' lang='lat' dir='ltr'><em>repeti</em></span> <span class='ocrx_word' id='word_1_324' title='bbox 772 2094 917 2143; x_wconf 82' lang='lat' dir='ltr'><em>potuit,</em></span> <span class='ocrx_word' id='word_1_325' title='bbox 947 2093 1048 2130; x_wconf 90' lang='lat' dir='ltr'><em>illud</em></span> <span class='ocrx_word' id='word_1_326' title='bbox 1079 2091 1148 2129; x_wconf 93' lang='lat' dir='ltr'><em>uni</em></span> <span class='ocrx_word' id='word_1_327' title='bbox 1179 2092 1398 2142; x_wconf 90' lang='lat' dir='ltr'><em>glossarum</em></span> <span class='ocrx_word' id='word_1_328' title='bbox 1429 2090 1612 2139; x_wconf 84' lang='lat' dir='ltr'><em>scriptori</em></span> <span class='ocrx_word' id='word_1_329' title='bbox 1645 2101 1706 2127; x_wconf 89' lang='grc'><em>30-</em></span> 
     </span>
     <span class='ocr_line' id='line_1_33' title="bbox 145 2148 1706 2204; baseline -0.005 -11"><span class='ocrx_word' id='word_1_330' title='bbox 145 2156 303 2204; x_wconf 88' lang='lat' dir='ltr'><em>ceptum</em></span> <span class='ocrx_word' id='word_1_331' title='bbox 327 2155 464 2193; x_wconf 84' lang='lat' dir='ltr'><em>fertur.</em></span> <span class='ocrx_word' id='word_1_332' title='bbox 490 2154 619 2191; x_wconf 88' lang='lat' dir='ltr'><em>Multa</em></span> <span class='ocrx_word' id='word_1_333' title='bbox 644 2155 776 2190; x_wconf 89' lang='lat' dir='ltr'><em>autem</em></span> <span class='ocrx_word' id='word_1_334' title='bbox 802 2153 886 2190; x_wconf 90' lang='lat' dir='ltr'><em>sine</em></span> <span class='ocrx_word' id='word_1_335' title='bbox 906 2152 1027 2189; x_wconf 85' lang='lat' dir='ltr'><em>Ennii</em></span> <span class='ocrx_word' id='word_1_336' title='bbox 1051 2151 1208 2188; x_wconf 93' lang='lat' dir='ltr'><em>nomine</em></span> <span class='ocrx_word' id='word_1_337' title='bbox 1233 2150 1276 2188; x_wconf 92' lang='lat' dir='ltr'><em>in</em></span> <span class='ocrx_word' id='word_1_338' title='bbox 1300 2149 1441 2187; x_wconf 87' lang='lat' dir='ltr'><em>iisdem</em></span> <span class='ocrx_word' id='word_1_339' title='bbox 1466 2148 1607 2199; x_wconf 90' lang='lat' dir='ltr'><em>glossis</em></span> <span class='ocrx_word' id='word_1_340' title='bbox 1626 2149 1706 2186; x_wconf 87' lang='lat' dir='ltr'><em>tra-</em></span> 
     </span>
     <span class='ocr_line' id='line_1_34' title="bbox 144 2207 1707 2263; baseline -0.004 -12"><span class='ocrx_word' id='word_1_341' title='bbox 144 2213 295 2251; x_wconf 89' lang='lat' dir='ltr'><em>duntur</em></span> <span class='ocrx_word' id='word_1_342' title='bbox 320 2226 421 2263; x_wconf 87' lang='lat' dir='ltr'><em>quae</em></span> <span class='ocrx_word' id='word_1_343' title='bbox 445 2213 641 2251; x_wconf 86' lang='lat' dir='ltr'><em>incertum</em></span> <span class='ocrx_word' id='word_1_344' title='bbox 666 2211 808 2261; x_wconf 91' lang='lat' dir='ltr'><em>quibus</em></span> <span class='ocrx_word' id='word_1_345' title='bbox 835 2210 1021 2261; x_wconf 88' lang='lat' dir='ltr'><em>gradibus</em></span> <span class='ocrx_word' id='word_1_346' title='bbox 1047 2209 1098 2248; x_wconf 87' lang='lat' dir='ltr'><em>ad</em></span> <span class='ocrx_word' id='word_1_347' title='bbox 1123 2208 1288 2247; x_wconf 90' lang='lat' dir='ltr'><em>eundem</em></span> <span class='ocrx_word' id='word_1_348' title='bbox 1313 2209 1471 2258; x_wconf 82' lang='lat' dir='ltr'><em>poetam</em></span> <span class='ocrx_word' id='word_1_349' title='bbox 1497 2207 1707 2246; x_wconf 81' lang='lat' dir='ltr'><em>videantur</em></span> 
     </span>
     <span class='ocr_line' id='line_1_35' title="bbox 145 2270 909 2319; baseline -0.005 -8"><span class='ocrx_word' id='word_1_350' title='bbox 145 2272 289 2319; x_wconf 79' lang='lat' dir='ltr'><em>redire3</em></span> <span class='ocrx_word' id='word_1_351' title='bbox 316 2272 384 2311; x_wconf 90' lang='lat' dir='ltr'><em>sed</em></span> <span class='ocrx_word' id='word_1_352' title='bbox 410 2284 456 2310; x_wconf 89' lang='lat' dir='ltr'><em>ea</em></span> <span class='ocrx_word' id='word_1_353' title='bbox 481 2283 585 2309; x_wconf 89' lang='lat' dir='ltr'><em>nunc</em></span> <span class='ocrx_word' id='word_1_354' title='bbox 609 2273 781 2309; x_wconf 89' lang='lat' dir='ltr'><em>tractare</em></span> <span class='ocrx_word' id='word_1_355' title='bbox 806 2270 909 2308; x_wconf 90' lang='lat' dir='ltr'><em>nolo.</em></span> 
     </span>
    </p>

    <p class='ocr_par' dir='ltr' id='par_1_5' title="bbox 142 2320 1705 2795">
     <span class='ocr_line' id='line_1_36' title="bbox 261 2320 1705 2381; baseline -0.005 -12"><span class='ocrx_word' id='word_1_356' title='bbox 261 2331 324 2369; x_wconf 91' lang='lat' dir='ltr'><em>Ab</em></span> <span class='ocrx_word' id='word_1_357' title='bbox 345 2331 496 2370; x_wconf 89' lang='lat' dir='ltr'><em>Isidoro</em></span> <span class='ocrx_word' id='word_1_358' title='bbox 515 2330 701 2381; x_wconf 88' lang='lat' dir='ltr'><em>progredi</em></span> <span class='ocrx_word' id='word_1_359' title='bbox 714 2328 861 2367; x_wconf 87' lang='lat' dir='ltr'><em>licebat</em></span> <span class='ocrx_word' id='word_1_360' title='bbox 874 2328 925 2366; x_wconf 92' lang='lat' dir='ltr'><em>ad</em></span> <span class='ocrx_word' id='word_1_361' title='bbox 938 2327 1191 2366; x_wconf 89' lang='lat' dir='ltr'><em>Aldhelmum</em></span> <span class='ocrx_word' id='word_1_362' title='bbox 1205 2321 1258 2380; x_wconf 85' lang='lat' dir='ltr'><em>(a.</em></span> <span class='ocrx_word' id='word_1_363' title='bbox 1275 2327 1298 2364; x_wconf 90' lang='grc'><strong>6</strong></span> <span class='ocrx_word' id='word_1_364' title='bbox 1307 2320 1540 2378; x_wconf 77' lang='grc'><strong>75-709),</strong></span> <span class='ocrx_word' id='word_1_365' title='bbox 1563 2324 1705 2374; x_wconf 89' lang='lat' dir='ltr'><em>quibis</em></span> 
     </span>
     <span class='ocr_line' id='line_1_37' title="bbox 143 2385 1704 2436; baseline -0.004 -8"><span class='ocrx_word' id='word_1_366' title='bbox 143 2392 385 2430; x_wconf 87' lang='lat' dir='ltr'><em>memoratur</em></span> <span class='ocrx_word' id='word_1_367' title='bbox 416 2390 467 2428; x_wconf 87' lang='lat' dir='ltr'><em>ad</em></span> <span class='ocrx_word' id='word_1_368' title='bbox 492 2403 581 2428; x_wconf 90' lang='lat' dir='ltr'><em>ann.</em></span> <span class='ocrx_word' id='word_1_369' title='bbox 606 2391 657 2427; x_wconf 88' lang='lat'><em>17</em></span> <span class='ocrx_word' id='word_1_370' title='bbox 686 2391 726 2427; x_wconf 89' lang='lat' dir='ltr'><em>et</em></span> <span class='ocrx_word' id='word_1_371' title='bbox 752 2389 855 2436; x_wconf 81' lang='lat'><strong>623,</strong></span> <span class='ocrx_word' id='word_1_372' title='bbox 887 2387 954 2426; x_wconf 91' lang='lat' dir='ltr'><em>sed</em></span> <span class='ocrx_word' id='word_1_373' title='bbox 986 2399 1086 2436; x_wconf 90' lang='lat' dir='ltr'><em>quae</em></span> <span class='ocrx_word' id='word_1_374' title='bbox 1119 2386 1232 2424; x_wconf 88' lang='lat' dir='ltr'><em>affert</em></span> <span class='ocrx_word' id='word_1_375' title='bbox 1263 2398 1397 2424; x_wconf 91' lang='lat' dir='ltr'><em>eorum</em></span> <span class='ocrx_word' id='word_1_376' title='bbox 1428 2385 1584 2422; x_wconf 84' lang='lat' dir='ltr'><em>exstant</em></span> <span class='ocrx_word' id='word_1_377' title='bbox 1615 2396 1704 2422; x_wconf 88' lang='lat' dir='ltr'><em>auc-</em></span> 
     </span>
     <span class='ocr_line' id='line_1_38' title="bbox 143 2442 1704 2499; baseline -0.005 -11"><span class='ocrx_word' id='word_1_378' title='bbox 143 2451 260 2499; x_wconf 84' lang='lat' dir='ltr'><em>tores,</em></span> <span class='ocrx_word' id='word_1_379' title='bbox 284 2450 369 2499; x_wconf 88' lang='lat' dir='ltr'><em>ipse</em></span> <span class='ocrx_word' id='word_1_380' title='bbox 394 2449 495 2488; x_wconf 88' lang='lat' dir='ltr'><em>nihil</em></span> <span class='ocrx_word' id='word_1_381' title='bbox 513 2449 665 2499; x_wconf 91' lang='lat' dir='ltr'><em>proprii</em></span> <span class='ocrx_word' id='word_1_382' title='bbox 683 2447 815 2497; x_wconf 86' lang='lat' dir='ltr'><em>habet,</em></span> <span class='ocrx_word' id='word_1_383' title='bbox 839 2460 918 2485; x_wconf 91' lang='lat' dir='ltr'><em>non</em></span> <span class='ocrx_word' id='word_1_384' title='bbox 937 2447 1064 2497; x_wconf 85' lang='lat' dir='ltr'><em>magis</em></span> <span class='ocrx_word' id='word_1_385' title='bbox 1083 2445 1212 2484; x_wconf 92' lang='lat' dir='ltr'><em>hercle</em></span> <span class='ocrx_word' id='word_1_386' title='bbox 1232 2457 1351 2494; x_wconf 88' lang='lat' dir='ltr'><em>quam</em></span> <span class='ocrx_word' id='word_1_387' title='bbox 1372 2443 1563 2493; x_wconf 81' lang='lat' dir='ltr'><em>Cynthius</em></span> <span class='ocrx_word' id='word_1_388' title='bbox 1586 2442 1704 2481; x_wconf 83' lang='lat' dir='ltr'><em>Cene-</em></span> 
     </span>
     <span class='ocr_line' id='line_1_39' title="bbox 143 2499 1702 2560; baseline -0.005 -13"><span class='ocrx_word' id='word_1_389' title='bbox 143 2510 266 2547; x_wconf 86' lang='lat' dir='ltr'><em>tensis</em></span> <span class='ocrx_word' id='word_1_390' title='bbox 285 2509 455 2560; x_wconf 88' lang='lat' dir='ltr'><em>Vergilii</em></span> <span class='ocrx_word' id='word_1_391' title='bbox 474 2508 669 2547; x_wconf 89' lang='lat' dir='ltr'><em>Aeneidos</em></span> <span class='ocrx_word' id='word_1_392' title='bbox 694 2508 888 2556; x_wconf 86' lang='lat' dir='ltr'><em>interpres</em></span> <span class='ocrx_word' id='word_1_393' title='bbox 914 2500 1032 2559; x_wconf 84' lang='lat' dir='ltr'><em>(saec.</em></span> <span class='ocrx_word' id='word_1_394' title='bbox 1053 2499 1138 2558; x_wconf 85' lang='lat' dir='ltr'>xv),</span> <span class='ocrx_word' id='word_1_395' title='bbox 1164 2504 1210 2543; x_wconf 90' lang='lat' dir='ltr'><em>de</em></span> <span class='ocrx_word' id='word_1_396' title='bbox 1236 2516 1313 2554; x_wconf 90' lang='lat' dir='ltr'><em>quo</em></span> <span class='ocrx_word' id='word_1_397' title='bbox 1339 2503 1429 2542; x_wconf 84' lang='lat' dir='ltr'><em>vide</em></span> <span class='ocrx_word' id='word_1_398' title='bbox 1456 2503 1505 2540; x_wconf 89' lang='lat' dir='ltr'><em>ad</em></span> <span class='ocrx_word' id='word_1_399' title='bbox 1525 2515 1614 2540; x_wconf 89' lang='lat' dir='ltr'><em>ann.</em></span> <span class='ocrx_word' id='word_1_400' title='bbox 1638 2502 1702 2539; x_wconf 87' lang='grc'><em>18.</em></span> 
     </span>
     <span class='ocr_line' id='line_1_40' title="bbox 142 2560 1704 2618; baseline -0.005 -12"><span class='ocrx_word' id='word_1_401' title='bbox 142 2568 280 2618; x_wconf 88' lang='lat' dir='ltr'><em>Neque</em></span> <span class='ocrx_word' id='word_1_402' title='bbox 304 2581 437 2607; x_wconf 88' lang='lat' dir='ltr'><em>meum</em></span> <span class='ocrx_word' id='word_1_403' title='bbox 462 2580 545 2607; x_wconf 87' lang='lat' dir='ltr'><em>esse</em></span> <span class='ocrx_word' id='word_1_404' title='bbox 570 2568 710 2618; x_wconf 80' lang='lat' dir='ltr'><em>putavi</em></span> <span class='ocrx_word' id='word_1_405' title='bbox 734 2566 856 2604; x_wconf 84' lang='lat' dir='ltr'><em>Ennii</em></span> <span class='ocrx_word' id='word_1_406' title='bbox 874 2565 1105 2603; x_wconf 90' lang='lat' dir='ltr'><em>memoriam</em></span> <span class='ocrx_word' id='word_1_407' title='bbox 1125 2565 1244 2602; x_wconf 84' lang='lat' dir='ltr'><em>etiam</em></span> <span class='ocrx_word' id='word_1_408' title='bbox 1263 2575 1334 2613; x_wconf 89' lang='lat' dir='ltr'><em>per</em></span> <span class='ocrx_word' id='word_1_409' title='bbox 1352 2562 1472 2600; x_wconf 89' lang='lat' dir='ltr'><em>medii</em></span> <span class='ocrx_word' id='word_1_410' title='bbox 1492 2562 1580 2600; x_wconf 83' lang='lat' dir='ltr'><em>aevi</em></span> <span class='ocrx_word' id='word_1_411' title='bbox 1599 2560 1704 2610; x_wconf 91' lang='lat' dir='ltr'><em>quod</em></span> 
     </span>
     <span class='ocr_line' id='line_1_41' title="bbox 143 2619 1702 2677; baseline -0.006 -11"><span class='ocrx_word' id='word_1_412' title='bbox 143 2628 306 2666; x_wconf 83' lang='lat' dir='ltr'><em>vocatur</em></span> <span class='ocrx_word' id='word_1_413' title='bbox 324 2629 503 2677; x_wconf 90' lang='lat' dir='ltr'><em>tempora</em></span> <span class='ocrx_word' id='word_1_414' title='bbox 521 2627 715 2676; x_wconf 87' lang='lat' dir='ltr'><em>persequi.</em></span> <span class='ocrx_word' id='word_1_415' title='bbox 741 2626 862 2663; x_wconf 83' lang='lat' dir='ltr'><em>Ennii</em></span> <span class='ocrx_word' id='word_1_416' title='bbox 880 2626 1021 2674; x_wconf 88' lang='lat' dir='ltr'><em>poetae</em></span> <span class='ocrx_word' id='word_1_417' title='bbox 1039 2636 1181 2661; x_wconf 89' lang='lat' dir='ltr'><em>nomen</em></span> <span class='ocrx_word' id='word_1_418' title='bbox 1200 2635 1279 2661; x_wconf 92' lang='lat' dir='ltr'><em>non</em></span> <span class='ocrx_word' id='word_1_419' title='bbox 1299 2623 1382 2660; x_wconf 89' lang='lat' dir='ltr'><em>sine</em></span> <span class='ocrx_word' id='word_1_420' title='bbox 1400 2621 1547 2659; x_wconf 89' lang='lat' dir='ltr'><em>honore</em></span> <span class='ocrx_word' id='word_1_421' title='bbox 1568 2619 1702 2668; x_wconf 89' lang='lat' dir='ltr'><em>appel-</em></span> 
     </span>
     <span class='ocr_line' id='line_1_42' title="bbox 144 2675 1700 2739; baseline -0.005 -16"><span class='ocrx_word' id='word_1_422' title='bbox 144 2686 250 2724; x_wconf 88' lang='lat' dir='ltr'><em>latur</em></span> <span class='ocrx_word' id='word_1_423' title='bbox 274 2687 316 2724; x_wconf 92' lang='lat' dir='ltr'><em>in</em></span> <span class='ocrx_word' id='word_1_424' title='bbox 340 2687 512 2725; x_wconf 87' lang='lat' dir='ltr'><em>Nasonis</em></span> <span class='ocrx_word' id='word_1_425' title='bbox 538 2679 812 2739; x_wconf 88' lang='lat' dir='ltr'><em>(Muaduuini)</em></span> <span class='ocrx_word' id='word_1_426' title='bbox 839 2684 975 2733; x_wconf 92' lang='lat' dir='ltr'><em>ecloga</em></span> <span class='ocrx_word' id='word_1_427' title='bbox 998 2695 1096 2721; x_wconf 88' lang='lat' dir='ltr'><em>saec.</em></span> <span class='ocrx_word' id='word_1_428' title='bbox 1115 2694 1158 2719; x_wconf 81' lang='lat' dir='ltr'><em>1x</em></span> <span class='ocrx_word' id='word_1_429' title='bbox 1176 2683 1230 2720; x_wconf 91' lang='lat' dir='ltr'><em>in.</em></span> <span class='ocrx_word' id='word_1_430' title='bbox 1256 2675 1383 2735; x_wconf 85' lang='lat' dir='ltr'><em>(Poet.</em></span> <span class='ocrx_word' id='word_1_431' title='bbox 1409 2679 1495 2718; x_wconf 88' lang='lat' dir='ltr'><em>Lat.</em></span> <span class='ocrx_word' id='word_1_432' title='bbox 1523 2691 1604 2716; x_wconf 90' lang='lat' dir='ltr'><em>aev.</em></span> <span class='ocrx_word' id='word_1_433' title='bbox 1627 2676 1700 2714; x_wconf 86' lang='lat' dir='ltr'><em>Ca-</em></span> 
     </span>
     <span class='ocr_line' id='line_1_43' title="bbox 143 2737 1164 2795; baseline -0.004 -12"><span class='ocrx_word' id='word_1_434' title='bbox 143 2745 256 2783; x_wconf 71' lang='lat' dir='ltr'><em>rolin.</em></span> <span class='ocrx_word' id='word_1_435' title='bbox 284 2746 342 2783; x_wconf 88' lang='lat' dir='ltr'><em>ed.</em></span> <span class='ocrx_word' id='word_1_436' title='bbox 368 2745 597 2783; x_wconf 88' lang='lat' dir='ltr'><em>Duemmler</em></span> <span class='ocrx_word' id='word_1_437' title='bbox 621 2746 714 2783; x_wconf 91' lang='lat' dir='ltr'><em>tom.</em></span> <span class='ocrx_word' id='word_1_438' title='bbox 735 2757 750 2781; x_wconf 94' lang='lat'>1</span> <span class='ocrx_word' id='word_1_439' title='bbox 769 2757 806 2793; x_wconf 91' lang='lat' dir='ltr'><em>p.</em></span> <span class='ocrx_word' id='word_1_440' title='bbox 829 2737 933 2795; x_wconf 87' lang='grc'><strong>387)</strong></span> <span class='ocrx_word' id='word_1_441' title='bbox 959 2755 996 2781; x_wconf 89' lang='lat' dir='ltr'><em>v.</em></span> <span class='ocrx_word' id='word_1_442' title='bbox 1019 2743 1164 2790; x_wconf 86' lang='lat' dir='ltr'><em>79sqq.</em></span> 
     </span>
    </p>

    <p class='ocr_par' dir='ltr' id='par_1_6' title="bbox 377 2799 1463 2971">
     <span class='ocr_line' id='line_1_44' title="bbox 382 2799 1349 2843; baseline -0.006 0"><span class='ocrx_word' id='word_1_443' title='bbox 382 2805 572 2843; x_wconf 80' lang='lat' dir='ltr'><em>Carmina</em></span> <span class='ocrx_word' id='word_1_444' title='bbox 597 2805 690 2842; x_wconf 78' lang='lat' dir='ltr'><em>lusit</em></span> <span class='ocrx_word' id='word_1_445' title='bbox 712 2805 802 2841; x_wconf 82' lang='lat' dir='ltr'><em>item</em></span> <span class='ocrx_word' id='word_1_446' title='bbox 825 2803 950 2840; x_wconf 80' lang='lat' dir='ltr'><em>variis</em></span> <span class='ocrx_word' id='word_1_447' title='bbox 975 2813 1022 2839; x_wconf 91' lang='lat' dir='ltr'><em>en</em></span> <span class='ocrx_word' id='word_1_448' title='bbox 1045 2802 1240 2839; x_wconf 79' lang='lat' dir='ltr'><em>maximas</em></span> <span class='ocrx_word' id='word_1_449' title='bbox 1265 2799 1349 2837; x_wconf 84' lang='lat' dir='ltr'><em>odis</em></span> 
     </span>
     <span class='ocr_line' id='line_1_45' title="bbox 380 2859 1463 2911; baseline -0.008 -9"><span class='ocrx_word' id='word_1_450' title='bbox 380 2864 586 2908; x_wconf 79' lang='lat' dir='ltr'><em>Ennius,</em></span> <span class='ocrx_word' id='word_1_451' title='bbox 611 2863 790 2911; x_wconf 71' lang='lat' dir='ltr'><em>inqenuis</em></span> <span class='ocrx_word' id='word_1_452' title='bbox 814 2861 983 2900; x_wconf 86' lang='lat' dir='ltr'><em>scribens</em></span> <span class='ocrx_word' id='word_1_453' title='bbox 1007 2861 1242 2898; x_wconf 82' lang='lat' dir='ltr'><em>monimenta</em></span> <span class='ocrx_word' id='word_1_454' title='bbox 1259 2859 1463 2907; x_wconf 81' lang='lat' dir='ltr'><em>priorum;</em></span> 
     </span>
     <span class='ocr_line' id='line_1_46' title="bbox 377 2917 1405 2971; baseline -0.01 -9"><span class='ocrx_word' id='word_1_455' title='bbox 377 2923 587 2971; x_wconf 76' lang='lat' dir='ltr'><em>Propterea</em></span> <span class='ocrx_word' id='word_1_456' title='bbox 611 2924 654 2960; x_wconf 90' lang='lat' dir='ltr'><em>in</em></span> <span class='ocrx_word' id='word_1_457' title='bbox 679 2922 792 2960; x_wconf 89' lang='lat' dir='ltr'><em>terris</em></span> <span class='ocrx_word' id='word_1_458' title='bbox 817 2921 939 2959; x_wconf 80' lang='lat' dir='ltr'><em>tenuit</em></span> <span class='ocrx_word' id='word_1_459' title='bbox 962 2922 1043 2957; x_wconf 80' lang='lat' dir='ltr'><em>tam</em></span> <span class='ocrx_word' id='word_1_460' title='bbox 1067 2919 1216 2957; x_wconf 77' lang='lat' dir='ltr'><em>culmen</em></span> <span class='ocrx_word' id='word_1_461' title='bbox 1240 2917 1405 2955; x_wconf 77' lang='lat' dir='ltr'><em>honoris.</em></span> 
     </span>
    </p>
   </div>
   <div class='ocr_carea' id='block_1_3' title="bbox 215 2978 1488 3021">
    <p class='ocr_par' dir='ltr' id='par_1_7' title="bbox 215 2978 1488 3021">
     <span class='ocr_line' id='line_1_47' title="bbox 215 2978 1488 3021; baseline -0.003 -1"><span class='ocrx_word' id='word_1_462' title='bbox 215 2994 365 3020; x_wconf 60' lang='lat' dir='ltr'><em>Burnus</em></span> <span class='ocrx_word' id='word_1_463' title='bbox 385 2994 431 3021; x_wconf 79' lang='lat' dir='ltr'><em>ed.</em></span> <span class='ocrx_word' id='word_1_464' title='bbox 449 2995 578 3020; x_wconf 76' lang='lat' dir='ltr'><em>Vahlen.</em></span> <span class='ocrx_word' id='word_1_465' title='bbox 1476 2978 1488 3011; x_wconf 76' lang='lat' dir='ltr'>i</span> 
     </span>
    </p>
   </div>
  </div>
 </body>
</html>
