2004 3278
737 200 996 238 ANNALIUM
1021 202 1108 238 LIB.
1128 203 1145 238 I
1559 204 1719 241 CXLVII

154 313 221 349 tur
246 311 396 349 clarum
422 322 579 349 carmen
605 313 644 349 et
668 312 892 352 immortale
917 314 1096 353 futurum
1122 317 1337 366 auguratus
1364 328 1387 354 a
1407 316 1592 371 φιλαυτίᾳ
1612 318 1716 355 scili-

155 371 217 408 cet
241 382 320 408 non
343 370 403 408 ita
428 370 579 408 alienus
604 372 722 420 poeta
747 366 830 425 (111)
839 367 879 425 ³¹⁸)
905 375 1037 412 nescio
1064 374 1205 423 quibus
1232 374 1418 425 gradibus
1445 377 1485 413 et
1511 388 1587 425 quo
1613 389 1716 415 nexu

155 429 373 467 sententiae
399 429 449 467 ad
474 428 575 466 illud
601 429 750 467 celebre
776 433 972 470 somnium
995 434 1138 484 pergit,
1163 433 1265 471 unde
1291 434 1458 485 diligens
1485 435 1606 473 Ennii
1635 447 1716 474 sec-

153 490 262 526 tator
285 488 486 539 Vergilius
513 488 660 527 colores
687 489 877 538 quosdam
903 492 1047 529 somnii
1070 491 1226 530 Aeneae
1252 492 1503 543 deprompsit.
1541 493 1598 532 Cf.
1618 494 1715 532 Aen.

154 560 184 585 11
205 548 290 586 270
307 559 390 596 sqq.
417 549 457 585 et
483 546 643 586 Servius
670 548 720 585 ad
744 548 781 586 h.
801 544 904 602 1.**).
932 549 1088 599 Species
1113 552 1306 590 venientis
1331 552 1495 590 Homeri
1527 566 1603 602 quo
1634 554 1714 591 fere

153 606 270 645 modo
290 606 448 656 depicta
466 607 587 645 fuerit
605 606 789 646 Lucretio
809 607 907 646 duce
927 610 967 646 et
986 610 1120 647 ascitis
1137 609 1307 660 Vergilii
1325 610 1502 650 versibus
1521 611 1546 649 l.
1561 612 1585 649 i.
1601 624 1631 650 c.
1653 625 1714 650 ex-

155 667 282 715 posui.
308 665 368 703 De
393 667 561 704 materia
586 667 730 705 somnii
748 667 786 704 h.
807 679 838 705 e.
859 667 906 705 de
925 668 975 706 iis
996 680 1096 716 quae
1114 668 1330 707 Homerum
1350 670 1588 719 aperientem
1608 672 1715 720 facit,

154 737 200 762 ex
223 726 337 775 parte
361 726 678 764 testimoniorum
704 738 833 771 causa,
859 738 950 764 cum
975 727 1071 764 olim
1094 728 1180 765 tum
1205 740 1330 777 nuper
1353 740 1474 777 prave
1497 729 1716 768 iudicatum

155 785 225 822 est.
252 783 339 830 Qua
363 783 411 822 de
435 797 477 822 re
503 784 667 822 eandem
694 797 812 834 quam
838 786 933 823 olim
959 787 1196 824 sententiam
1222 788 1462 837 argumentis
1493 790 1714 827 accuratius

154 843 345 893 expressis
370 844 590 893 meliusque
617 843 810 882 ordinatis
837 844 1043 882 defendere
1069 845 1249 884 conabor.
1283 845 1555 896 Incipiendum
1584 849 1716 886 autem

153 904 213 941 est
238 902 287 940 ab
312 903 622 952 interpretandis
647 903 825 942 versibus
851 903 1112 953 Lucretianis,
1142 906 1211 953 qui
1235 905 1308 943 hoc
1332 906 1584 955 patefacient,
1618 919 1713 956 quos

152 973 286 1000 versus
306 962 428 1000 Ennii
451 962 656 1012 probabile
682 964 735 1001 sit
753 964 796 1000 in
814 963 889 1001 hac
907 965 1021 1014 parte
1039 964 1170 1002 locum
1188 963 1383 1002 habuisse.
1410 965 1550 1014 Itaque
1571 965 1714 1004 Lucre-

153 1021 232 1060 tius
259 1033 360 1070 quae
386 1021 500 1059 affert
525 1034 570 1059 ex
595 1022 686 1060 unis
713 1022 921 1061 annalibus
948 1022 1078 1061 affert:
1111 1034 1202 1060 cum
1228 1023 1332 1060 enim
1357 1023 1529 1061 Ennium
1560 1026 1618 1062 ita
1650 1025 1713 1063 de-

152 1081 284 1131 signat
309 1075 527 1134 (117sqq.)
550 1083 617 1129 qui
628 1083 786 1129 primus
805 1093 963 1120 amoeno
983 1082 1117 1120 detulit
1135 1094 1179 1120 eoe
1198 1083 1382 1121 Helicone
1393 1084 1559 1130 perenni
1577 1084 1714 1131 fronde

152 1150 333 1179 coronam
339 1152 415 1188 per
424 1143 552 1189 yentes
566 1140 694 1179 Italas
706 1142 905 1179 hominum
918 1153 1016 1189 quae
1029 1142 1138 1179 clara
1149 1142 1299 1186 clueret,
1314 1154 1401 1179 cum
1415 1143 1558 1180 somnii
1567 1155 1716 1180 memor

151 1201 211 1238 est
225 1199 330 1248 quod
341 1200 376 1237 is
391 1212 430 1238 se
444 1200 659 1238 somniasse
673 1201 715 1237 in
728 1200 918 1238 Helicone
937 1201 1048 1250 dixit,
1069 1201 1187 1250 idque
1203 1197 1260 1237 ‘in
1278 1201 1475 1250 principio
1496 1198 1712 1239 annalium'

151 1258 272 1297 fuisse
297 1258 372 1296 fide
396 1260 560 1298 testium
585 1261 751 1308 constat,
776 1261 864 1297 tum
888 1261 1029 1310 poetae
1056 1256 1114 1297 ‘in
1135 1257 1279 1309 primo'
1299 1260 1506 1310 magnifice
1526 1273 1637 1299 suam
1656 1261 1713 1299 fa-

151 1330 257 1356 mam
291 1318 466 1356 futuram
496 1318 735 1368 profitentis:
767 1332 860 1357 nam
891 1331 1027 1357 versus
1054 1313 1136 1372 (111)
1168 1332 1216 1356 ne
1246 1320 1289 1357 in
1321 1332 1367 1357 ea
1399 1319 1557 1368 quidem
1588 1319 1715 1358 forma

153 1389 271 1426 quam
295 1377 486 1416 traditam
512 1379 666 1417 servavi
699 1378 747 1416 ab
779 1379 851 1416 illa
882 1379 1079 1417 sententia
1113 1378 1290 1417 discedit.
1324 1378 1570 1428 Quapropter
1594 1378 1715 1417 Ache·

149 1438 262 1475 rusia
294 1449 448 1487 quoque
479 1438 631 1485 templa,
664 1450 903 1487 quamquam
935 1437 1071 1476 eadem
1100 1439 1143 1475 in
1167 1437 1445 1476 Andromacha
1470 1432 1564 1490 (ΧΠ)
1596 1438 1713 1488 plane

152 1496 233 1534 alia
252 1497 406 1534 ratione
426 1497 679 1546 appellantur
698 1499 738 1535 et
757 1497 1041 1545 describuntur,
1066 1496 1271 1536 Lucretius
1292 1510 1337 1535 ex
1357 1496 1566 1535 annalibus
1585 1497 1713 1547 petiit,

150 1644 227 1679 tile.
253 1644 295 1679 In
320 1644 392 1679 hac
417 1645 636 1689 quaestione
665 1645 737 1680 hoc
768 1645 863 1689 dico,
888 1645 1066 1681 Varronis
1097 1645 1312 1680 testimonio
1344 1644 1526 1680 declarari
1551 1644 1712 1680 Ennium

150 1691 276 1726 Musas
300 1693 343 1726 ut
362 1691 563 1728 Homerum
582 1693 800 1738 priusquam
820 1693 868 1728 ad
886 1704 964 1728 rem
985 1693 1178 1728 accederet
1196 1692 1403 1736 invocasse;
1429 1693 1566 1727 Fronto
1587 1694 1713 1727 autem

151 1750 246 1784 quae
267 1739 397 1774 scribit
410 1742 473 1786 (iv)
487 1742 588 1775 recte
608 1741 749 1785 scribit,
770 1741 884 1775 etiam
899 1741 930 1775 si
950 1741 1136 1775 invocatio
1150 1740 1341 1775 Musarum
1354 1740 1455 1785 prior
1468 1739 1540 1774 fuit
1554 1740 1712 1775 somnio:

150 1787 265 1827 εὐθὺς
284 1787 324 1823 ἐν
344 1787 438 1834 ἀρχῇ
458 1793 523 1832 τῆς
535 1787 717 1832 ποιήσεως
735 1788 790 1823 ait
802 1788 872 1823 Dio
888 1787 1073 1833 Chrysost.
1094 1801 1145 1822 xn
1160 1791 1203 1822 62
1225 1788 1271 1823 de
1290 1789 1453 1823 extremo
1473 1787 1603 1822 Iliadis
1617 1787 1711 1822 libro

149 1834 280 1879 primo.
300 1834 416 1869 Musis
436 1835 618 1870 invocatis
638 1836 739 1880 quod
760 1834 1005 1870 Camenarum
1019 1834 1225 1880 appellatio
1239 1835 1458 1880 adiungitur
1471 1845 1539 1870 nec
1553 1834 1594 1869 fit
1607 1845 1711 1879 prae-

149 1883 206 1916 ter
232 1883 539 1917 consuetudinem
565 1883 642 1918 sive
667 1883 878 1917 Ennianam
903 1883 979 1918 sive
1008 1882 1271 1928 Vergilianam,
1299 1882 1403 1917 cuius
1428 1883 1563 1927 poetae
1590 1892 1712 1926 pauca

149 1929 230 1974 ipse
256 1929 386 1964 attulit
404 1929 645 1974 Ribbeckius,
671 1932 709 1965 et
734 1930 811 1965 late
836 1930 897 1964 hic
922 1941 1010 1965 usus
1036 1930 1161 1975 patuit
1186 1929 1301 1964 etiam
1324 1928 1425 1974 apud
1445 1929 1653 1974 scriptores,
1675 1930 1712 1964 et

149 1976 327 2021 quoniam
354 1976 536 2012 Camenae
562 1988 584 2012 a
610 1978 777 2012 canendo
805 1977 927 2012 dictae
954 1977 1202 2012 credebantur
1227 1977 1388 2021 (praeter
1406 1975 1610 2010 Varronem
1634 1975 1658 2010 1.
1680 1986 1708 2010 0.

149 2023 286 2058 Paulus
313 2024 415 2059 Festi
439 2037 474 2070 p.
497 2028 552 2067 30,
568 2028 612 2059 34
621 2024 686 2059 Th.
717 2025 893 2060 Camenae
920 2026 1053 2060 Musae
1078 2036 1102 2059 a
1129 2025 1354 2059 carminibus
1382 2027 1470 2058 sunt
1499 2024 1627 2065 dictae,
1657 2023 1712 2058 vel

149 2072 244 2116 quod
274 2076 414 2107 canunt
443 2073 679 2117 antiquorum
711 2073 836 2107 laudes
861 2074 950 2117 eqs),
983 2071 1084 2115 quod
1114 2070 1283 2115 Odyssea
1314 2070 1406 2104 dicit
1430 2082 1496 2104 vm
1512 2073 1554 2103 73
1587 2067 1706 2104 Μοῦσ’

149 2116 205 2162 ἄρ’
234 2118 368 2154 ἀοιδὸν
394 2119 532 2164 ἀνῆκεν
555 2118 768 2163 ἀειδέμεναι
788 2117 875 2153 κλέα
894 2119 1044 2162 ἀνδρῶν
1065 2119 1103 2152 et
1121 2117 1170 2152 ib.
1186 2121 1254 2151 480
1264 2129 1316 2161 sq.
1337 2118 1375 2151 015
1394 2116 1497 2159 alibi,
1517 2116 1557 2151 id
1575 2116 1709 2151 Latino

148 2165 297 2200 nomine
323 2166 488 2210 apertius
514 2165 768 2208 indicabatur3
795 2176 838 2200 ac
863 2166 895 2199 si
920 2176 1018 2200 nunc
1039 2164 1132 2199 haec
1151 2163 1311 2199 frustula
1331 2163 1383 2198 sic
1402 2164 1501 2198 nude
1520 2163 1625 2198 iuxta
1644 2174 1708 2208 po-

149 2212 222 2247 sita
248 2214 343 2255 sunt,
371 2213 454 2257 quis
480 2212 665 2247 effinxerit
691 2223 765 2256 qua
791 2213 989 2247 continuae
1015 2211 1193 2246 orationis
1219 2210 1338 2246 forma
1365 2222 1454 2245 usus
1486 2210 1535 2245 sit
1565 2210 1708 2256 ingeni-

150 2270 235 2294 osus
261 2262 384 2304 poeta,
410 2270 519 2304 quem
545 2259 610 2294 ille
637 2259 842 2294 ‘Musarum
868 2259 1107 2304 discipulum’
1134 2258 1288 2293 vocavit.

267 2307 296 2352 *)
324 2306 517 2342 Sententia
542 2307 596 2341 sic
620 2307 697 2342 fere
723 2307 942 2352 suppleatur
959 2318 1046 2341 nam
1066 2307 1158 2341 latos
1171 2306 1327 2350 populos
1346 2316 1401 2341 res
1419 2309 1525 2350 atque
1538 2308 1708 2350 poemata

149 2359 275 2390 nostra
299 2355 499 2401 [Auguror
524 2366 594 2390 esse
619 2356 811 2390 audituros
809 2355 849 2400 ];
877 2354 922 2388 de
947 2354 1113 2389 eluebant
1137 2354 1299 2388 incertus
1324 2353 1470 2387 haereo.

248 2402 299 2447 ³¹⁶⁸)
325 2402 380 2436 De
400 2412 475 2446 qua
494 2412 533 2436 re
553 2402 637 2437 vide
656 2413 754 2436 nunc
774 2412 870 2445 quae
888 2412 919 2435 a.
937 2404 1026 2435 1896
1042 2400 1195 2445 exposui
1208 2401 1248 2435 in
1261 2399 1366 2434 relat.
1383 2399 1485 2434 acad.
1501 2411 1536 2444 p.
1553 2402 1618 2433 717
1628 2410 1706 2443 sqq.

150 2470 193 2475 —
209 2449 350 2484 Somnii
364 2449 524 2483 Enniani
544 2449 662 2494 ipsius
683 2449 893 2494 exemplum
911 2447 1092 2483 Graecum
1111 2447 1226 2482 fuisse
1245 2446 1417 2482 Lehrsius
1438 2447 1579 2491 (popul.
1598 2447 1706 2489 Λαΐς.

150 2496 205 2531 ed.
221 2500 242 2531 2
255 2509 290 2542 p.
308 2500 372 2531 129
381 2498 431 2542 n.)
458 2497 602 2541 optavit
623 2496 743 2541 magis
764 2507 875 2540 quam
895 2495 1085 2530 divinavit.
1111 2495 1155 2529 Id
1174 2494 1285 2539 quale
1304 2494 1417 2529 fuerit
1436 2494 1613 2539 perdocta
1633 2493 1708 2527 dis-

149 2545 344 2588 putatione
370 2543 542 2588 probavit
563 2543 598 2578 C.
614 2544 800 2578 Diltheius
826 2544 886 2587 (de
906 2542 1126 2578 Callimachi
1146 2541 1315 2587 Cydippa
1336 2545 1426 2576 1863
1446 2553 1481 2586 p.
1504 2544 1546 2575 15
1555 2542 1621 2584 sq.)
1643 2540 1707 2584 qui

149 2591 430 2636 epigrammatis
456 2590 664 2626 ἀδεσπότου
684 2591 837 2635 (anthol.
858 2590 936 2625 Pal.
956 2602 1008 2625 v11
1021 2591 1080 2631 42)
1099 2599 1238 2623 111011101·
1256 2589 1327 2623 1100
1346 2588 1559 2623 testimonio
1580 2587 1707 2621 docuit

149 2637 188 2671 in
201 2638 350 2673 exordio
371 2638 496 2673 aetion
516 2637 736 2673 Callimachi
756 2637 939 2673 somnium
958 2638 1170 2672 enarratum
1189 2636 1303 2670 fuisse
1324 2647 1396 2680 quo
1416 2636 1526 2680 poeta
1546 2645 1568 2668 a
1587 2633 1705 2677 Libya

149 2684 187 2719 in
212 2685 429 2720 Heliconem
455 2687 493 2720 et
517 2686 615 2720 inter
639 2685 781 2720 medias
801 2685 926 2719 Musas
952 2684 1156 2718 translatus
1182 2683 1229 2718 ab
1254 2682 1301 2717 iis
1326 2682 1478 2717 heroum
1498 2683 1535 2715 et
1554 2681 1705 2715 deorum

150 2742 280 2767 causas
295 2732 478 2767 didicerit.
501 2732 553 2767 Cf.
570 2732 609 2767 Ο.
625 2733 776 2767 Iahnius
791 2733 839 2767 ad
849 2732 947 2766 Pers.
962 2731 1052 2776 prol.
1071 2735 1100 2766 1.
1123 2731 1229 2773 Quod
1241 2730 1351 2764 multi
1364 2730 1557 2774 poetarum
1571 2727 1703 2780 1101110,-

149 2790 279 2813 norum
303 2780 442 2815 imitati
468 2782 564 2823 sunt,
590 2780 629 2814 in
656 2780 789 2824 quibus
815 2779 987 2824 princeps
1013 2778 1165 2822 Ennius,
1191 2777 1264 2812 nisi
1289 2777 1388 2821 quod
1413 2776 1444 2810 is
1469 2775 1508 2809 in
1527 2773 1705 2808 Helicone

149 2825 305 2871 (Lucret.
327 2840 339 2861 1
361 2830 439 2870 118,
459 2827 624 2872 Propert.
646 2840 686 2860 111
701 2831 733 2870 3,
753 2827 934 2861 Parnasso
954 2826 1100 2860 Persius
1120 2825 1212 2870 prol.
1228 2826 1263 2864 2)
1283 2823 1470 2858 somnians
1490 2832 1562 2855 non
1582 2831 1604 2854 a
1623 2819 1704 2853 Mu-

150 2873 200 2907 sis
226 2884 263 2908 se
290 2874 354 2909 sed
374 2875 421 2909 ab
441 2874 600 2909 Homero
621 2874 767 2909 edoceri
786 2873 913 2909 voluit.
941 2872 1019 2915 Quo
1038 2873 1159 2917 magis
1178 2873 1271 2907 haec
1291 2871 1462 2915 separata
1481 2877 1560 2902 esse
1582 2877 1604 2901 a
1623 2866 1703 2900 Mu-

150 2930 273 2955 sarum
297 2921 532 2957 invocatione
558 2923 722 2966 apparet.

1441 2973 1492 3008 k*
