2020 3334
315 251 435 287 XXVI
865 253 891 287 I.
918 251 1145 288 HISTORIA
1170 252 1307 288 ENNII

313 364 537 414 padionem,
569 364 686 403 simul
714 363 833 401 Ennii
865 363 1075 402 annalibus
1106 376 1243 402 curam
1267 364 1516 415 impendisse,
1548 365 1759 405 Suetonius
1791 366 1876 416 qui-

314 424 402 462 dem
439 437 518 461 non
555 423 669 470 dicit,
707 422 773 461 sed
812 435 857 460 ex
898 422 988 461 aliis
1020 422 1189 460 aliorum
1220 423 1456 462 testimoniis
1488 425 1584 464 satis
1615 425 1876 475 probabiliter

317 482 497 520 concludi
534 481 710 520 videtur:
754 494 846 520 nam
884 482 917 519 si
958 481 1107 520 Gellius
1140 476 1259 534 (xvm
1292 483 1334 531 5,
1364 478 1438 535 11)
1476 486 1613 523 narrat
1649 485 1714 523 vel
1750 484 1875 522 Anto-

313 542 422 579 nium
447 540 647 579 Iulianum
678 542 906 579 narrantem
937 541 1052 589 facit,
1084 553 1124 579 se
1155 543 1201 579 ut
1232 542 1337 579 certo
1369 541 1653 581 diiudicaretur
1683 543 1724 581 in
1753 557 1874 582 anna-

313 601 411 637 lium
435 612 493 639 v11
511 600 558 637 fr.
578 612 652 637 xm
683 611 818 638 ecusne
849 613 902 639 an
933 612 1044 648 eques
1074 602 1262 648 scriptum
1293 601 1452 639 Ennius
1482 602 1708 649 reliquisset,
1733 603 1877 640 tibrum

312 671 487 698 summae
524 662 636 707 atque
678 660 909 698 reverendae
952 661 1149 698 vetustatis
1193 671 1303 708 quem
1345 661 1425 708 fere
1468 661 1666 699 constabat
1700 661 1875 709 Lampa-

313 719 442 757 dionis
472 731 595 756 manu
627 719 870 757 emendatum
902 719 1029 757 studio
1060 720 1260 767 pretioque
1296 720 1414 757 mutto
1452 720 1695 764 conduxisse,
1734 720 1807 758 etsi
1844 720 1876 758 is

314 777 414 816 liber
457 791 573 827 quem
609 777 787 816 Iulianus
827 778 923 816 emit
959 777 1240 828 Lampadionis
1282 791 1402 816 manu
1444 778 1613 828 scriptus
1657 791 1735 817 non
1780 780 1876 827 erat,

313 838 447 875 tamen
496 849 650 875 necesse
701 839 787 875 erat
829 850 900 886 pro
945 839 1050 876 certo
1093 837 1230 875 haberi
1274 837 1393 875 Ennii
1437 838 1598 876 annales
1642 851 1665 876 a
1709 837 1878 888 Lampa-

313 896 429 934 dione
461 896 689 934 emendatos
721 908 804 934 esse
836 898 876 934 et
906 897 968 934 vel
999 896 1068 935 illo
1100 898 1275 946 tempore
1307 897 1355 935 ab
1389 909 1433 935 eo
1466 897 1612 947 scripta
1639 897 1877 947 exemplaria

313 955 479 1005 vulgari.
519 956 572 993 Et
607 955 680 994 hoc
718 955 971 994 confirmatur
1006 955 1055 994 iis
1094 969 1194 1005 quae
1225 956 1372 994 Fronto
1405 955 1541 994 scribit
1572 956 1622 994 ad
1652 956 1704 993 M.
1738 955 1876 995 Caesa-

313 1027 395 1052 rem
434 1009 490 1067 (p.
520 1016 587 1063 20,
607 1015 633 1051 4
660 1009 780 1067 Nab.)
820 1014 1013 1065 gloriatus
1052 1016 1273 1054 orationem
1310 1015 1508 1064 quandam
1546 1027 1658 1054 suam
1697 1014 1876 1054 Caesaris

313 1086 435 1112 manu
467 1073 704 1123 descriptam
737 1076 905 1112 exstare:
937 1076 1137 1123 contiyisse
1167 1075 1261 1122 quid
1291 1075 1366 1113 tale
1391 1075 1451 1112 M.
1475 1075 1612 1113 Porcio
1643 1077 1712 1112 aut
1738 1075 1876 1123 Quinto

313 1133 464 1177 Ennio,
498 1132 539 1171 Ο.
569 1132 741 1171 Graccho
779 1136 848 1171 aut
882 1134 981 1171 Titio
1006 1134 1170 1181 poetae?
1212 1134 1306 1182 quid
1341 1133 1515 1181 Scipioni
1552 1137 1621 1172 aut
1655 1134 1877 1179 Numidico,

313 1193 406 1240 quid
437 1193 496 1229 M.
526 1193 652 1230 Tullio
684 1193 758 1231 tate
790 1204 865 1230 usu
894 1194 1007 1237 venit,
1039 1204 1202 1241 quorum
1232 1193 1324 1231 libri
1347 1194 1595 1240 pretiosiores
1625 1194 1814 1231 habentur
1844 1197 1878 1232 et

311 1263 506 1289 summam
533 1252 700 1300 ytoriam
724 1253 897 1296 retinent,
927 1253 963 1290 si
986 1255 1078 1290 sunt
1102 1265 1127 1290 a
1151 1252 1423 1299 Lampadione
1448 1255 1517 1290 aut
1540 1251 1713 1290 Staberio
1739 1255 1877 1290 aut...

313 1313 382 1348 aut
405 1309 517 1349 Aelio
539 1341 546 1348 .
569 1340 576 1348 .
599 1341 606 1348 .
633 1314 702 1349 aut
725 1310 851 1349 Attico
884 1314 953 1349 aut
977 1312 1132 1359 Nepote.
1164 1312 1260 1349 Mea
1291 1313 1414 1349 oratio
1443 1312 1584 1349 extabit
1613 1312 1673 1349 M.
1696 1311 1877 1350 Caesaris

312 1382 435 1407 manu
464 1371 620 1417 scripta.
682 1370 785 1408 Nam
818 1369 911 1408 licet
942 1370 983 1408 in
1015 1372 1190 1408 extrema
1227 1372 1340 1420 parte
1372 1370 1568 1408 sententia
1598 1371 1729 1409 lacera
1761 1370 1813 1408 sit
1838 1372 1878 1409 et

313 1428 496 1475 obscura,
527 1428 569 1466 id
602 1441 681 1467 non
712 1430 844 1478 potest
870 1429 1055 1478 dubitari,
1084 1430 1179 1478 quin
1205 1428 1487 1478 Lampadionis
1512 1441 1656 1468 nomen
1681 1430 1731 1468 ad
1755 1443 1878 1467 unum

315 1486 358 1532 Q
386 1488 559 1525 Ennium
589 1488 788 1554 pertineat
819 1490 858 1526 et
890 1501 913 1526 a
945 1488 1214 1538 Lampadione
1247 1487 1383 1538 scripti
1416 1489 1576 1527 annales
1609 1489 1728 1526 Ennii
1764 1502 1877 1558 prae-

314 1546 476 1596 cipuum
508 1547 590 1585 eius
623 1547 775 1598 generis
808 1548 1031 1597 exemplum
1061 1547 1218 1586 fuerint.

431 1607 669 1656 Temporum
706 1606 860 1645 ratione
894 1607 965 1645 hos
997 1619 1093 1656 quos
1126 1607 1207 1645 dixi
1239 1606 1516 1658 grammaticos
1547 1620 1678 1645 rerum
1710 1607 1878 1656 scriptor

315 1665 486 1715 excipiat
504 1664 548 1702 L.
571 1664 726 1704 Coelius
746 1665 959 1715 Antipater
980 1660 1028 1718 (c.
1045 1679 1078 1704 a.
1095 1662 1212 1718 631),
1238 1678 1316 1704 non
1342 1665 1447 1715 quod
1466 1666 1668 1704 Ennianas
1687 1666 1876 1715 reliquias

313 1725 540 1773 tradiderit,
585 1725 652 1762 sed
696 1725 790 1773 quia
829 1725 875 1763 de
913 1737 957 1763 eo
996 1727 1124 1763 exstat
1160 1725 1371 1763 Frontonis
1414 1725 1604 1763 iudicium
1641 1725 1876 1776 perdignum

316 1784 421 1833 quod
451 1785 689 1822 memoretur
721 1786 760 1821 et
792 1784 1030 1822 aestimetur.
1064 1784 1212 1822 Fronto
1243 1784 1370 1834 igitur
1402 1784 1452 1822 ad
1477 1784 1528 1821 M.
1556 1783 1762 1822 Gaesarem
1789 1797 1831 1823 1v
1853 1786 1876 1822 3

313 1857 350 1892 p.
380 1845 432 1881 62
466 1843 566 1881 Nab.
606 1843 743 1881 scribit
781 1843 1036 1891 Quamobrem
1073 1845 1158 1881 rari
1196 1844 1405 1881 admodum
1442 1846 1609 1881 veterum
1645 1845 1877 1891 scriptorum

312 1904 356 1940 in
393 1914 479 1940 eum
516 1903 685 1940 laborem
723 1903 969 1950 studiumque
1000 1905 1034 1940 et
1056 1903 1277 1950 periculum
1308 1903 1425 1940 verba
1454 1903 1731 1941 industriosius
1762 1915 1876 1951 quae—

312 1962 424 2000 rendi
459 1973 538 2000 sese
575 1963 804 2000 commisere.
845 1961 1053 1999 Oratorum
1085 1965 1175 2009 post
1211 1962 1380 2000 homines
1417 1965 1528 1999 natos
1564 1973 1667 1999 unus
1704 1964 1876 2000 omnium

312 2022 372 2059 M.
398 2021 560 2059 Porcius
591 2022 745 2069 eiusque
769 2022 948 2069 frequens
972 2023 1133 2059 sectator
1160 2021 1201 2059 Ο.
1226 2019 1457 2059 Sallustius:
1479 2024 1686 2068 poetarum
1710 2023 1877 2060 maxime

312 2072 495 2125 Plautus,
531 2081 673 2118 mutto
710 2082 995 2128 maximeque
1027 2081 1218 2118 Ennius
1256 2091 1445 2128 eumque
1481 2081 1690 2118 studiose
1722 2092 1876 2118 aemu-

313 2140 438 2177 latus
470 2139 519 2177 L.
549 2139 752 2184 Coelius,
783 2151 851 2178 nec
882 2151 960 2177 non
984 2139 1172 2183 Naevius,
1202 2139 1423 2183 Lucretius,
1453 2138 1597 2177 Accius
1622 2140 1748 2182 etiam,
1783 2138 1876 2178 an-

313 2199 438 2242 cilius,
469 2199 664 2237 Laberius
695 2210 851 2247 quoque.
895 2198 1008 2236 Unde
1038 2198 1210 2247 primum
1235 2198 1308 2237 hoc
1333 2197 1592 2248 intelligimus
1617 2197 1660 2235 L.
1690 2197 1876 2246 Coelium,

315 2258 383 2307 qui
415 2259 563 2307 septem
594 2258 714 2296 libros
747 2258 794 2296 de
825 2258 929 2296 bello
961 2258 1110 2296 Punico
1142 2257 1310 2295 secundo
1343 2257 1517 2306 scripsit,
1556 2257 1676 2295 Ennii
1714 2258 1875 2296 annales

314 2316 355 2354 in
394 2329 440 2354 ea
478 2316 646 2355 maxime
684 2319 797 2366 parte
828 2329 908 2356 non
938 2316 1121 2368 indignos
1158 2316 1341 2355 habuisse
1380 2329 1476 2366 quos
1514 2316 1728 2355 studiosius
1766 2317 1876 2355 lecti-

313 2377 430 2423 taret,
456 2378 494 2413 et
531 2376 718 2425 quoniam
750 2390 773 2414 a
807 2375 990 2414 Cicerone
1018 2371 1083 2429 (de
1115 2376 1230 2426 legib.
1257 2387 1271 2412 1
1292 2377 1329 2423 2,
1351 2376 1374 2413 6
1403 2378 1442 2413 et
1467 2375 1514 2413 de
1541 2378 1639 2414 orat.
1660 2388 1689 2413 11
1712 2377 1778 2424 13,
1799 2371 1874 2428 54)

315 2435 459 2472 dicitur
484 2435 652 2473 multum
678 2447 794 2473 curae
820 2437 859 2473 et
884 2448 1026 2484 operae
1051 2436 1093 2472 in
1119 2435 1334 2473 ornandam
1355 2435 1394 2472 et
1412 2435 1638 2484 poliendam
1658 2435 1875 2473 orationem

314 2493 562 2544 impendisse,
593 2494 635 2531 in
667 2507 713 2532 ea
738 2508 779 2532 re
805 2495 856 2533 ad
881 2495 1000 2532 Ennii
1026 2494 1247 2544 exemplum
1272 2506 1311 2532 se
1338 2494 1609 2542 composuisse.
1652 2492 1729 2531 Sed
1753 2493 1874 2531 Fron-

314 2554 418 2591 tonis
463 2553 681 2591 sententiae
719 2553 935 2592 cavendum
975 2555 1033 2592 est
1069 2566 1117 2590 ne
1155 2553 1244 2602 plus
1281 2552 1481 2591 tribuatur
1518 2565 1639 2601 quam
1681 2565 1755 2601 par
1798 2553 1873 2590 est:

315 2613 385 2661 qui
423 2613 527 2649 enim
566 2613 742 2650 tenorem
787 2613 978 2662 epistolae
1020 2613 1246 2662 persecutus
1286 2612 1426 2659 fuerit,
1469 2611 1681 2660 perspiciet
1723 2612 1790 2661 agi
1826 2611 1874 2649 de

314 2671 506 2709 facultate
550 2672 762 2720 quaerendi
801 2672 864 2710 vel
895 2671 1066 2723 eligendi
1102 2671 1223 2709 verba
1253 2671 1311 2708 ita
1347 2672 1392 2708 ut
1428 2671 1648 2720 proprietas
1686 2671 1874 2708 sermonis

315 2731 549 2768 retineatur:
580 2731 622 2768 in
654 2743 732 2779 qua
762 2744 804 2769 re
837 2733 1010 2780 quantus
1041 2731 1162 2769 fuerit
1190 2729 1394 2767 Lucretius
1426 2729 1502 2778 ipsi
1533 2729 1707 2767 iudicare
1738 2741 1874 2778 possu-

315 2802 412 2827 mus.
445 2789 531 2827 Hoc
561 2790 686 2839 igitur
717 2792 786 2837 est,
816 2791 859 2828 in
885 2802 962 2839 quo
989 2789 1144 2828 Coelius
1171 2789 1343 2827 Ennium
1369 2789 1588 2826 aemulatus
1615 2787 1770 2836 dicitur,
1802 2789 1874 2826 hoc

317 2850 375 2886 est
413 2848 576 2886 eandem
615 2861 733 2897 quam
769 2848 837 2886 ille
878 2849 1125 2898 diligentiam
1164 2842 1453 2899 adhibuisse³²):
1492 2860 1538 2884 ea
1576 2848 1680 2884 enim
1716 2848 1776 2885 vis
1815 2849 1874 2885 est

434 2985 464 3030 *)
491 2984 529 3019 Si
567 2985 663 3020 forte
695 2984 858 3028 Coelius,
897 2985 997 3030 quod
1034 2986 1213 3030 nescitur,
1253 2996 1378 3020 eorum
1416 2984 1530 3019 fuerit
1567 2983 1701 3028 quibus
1732 2983 1873 3018 Ennius
