2004 3278
259 168 436 205 CLXVIII
771 165 815 200 H.
841 164 906 199 DE
924 162 1079 199 LIBRIS
1097 161 1329 198 ENNLANIS

263 279 390 319 cundo
421 279 601 326 allatum,
632 289 710 326 quo
742 276 901 314 condita
932 287 978 313 ac
1007 276 1163 313 munita
1193 274 1242 313 ab
1266 273 1378 313 Anco
1406 275 1557 315 Marcio
1588 275 1702 315 Ostia
1731 277 1825 315 urbs

261 338 514 385 memoratur,
540 335 724 374 ostendit.
753 334 827 373 Cui
850 334 1071 373 narrationi
1090 334 1211 373 addas
1230 334 1351 373 laceri
1369 347 1503 374 versus
1522 335 1760 385 particulam
1779 348 1825 374 ex

260 397 395 436 eodem
428 396 529 433 libro
561 396 727 433 citatam
757 395 773 432 i
804 394 962 432 caerula
985 396 1109 442 prata
1134 388 1241 446 (m)
1273 395 1313 432 et
1344 407 1390 432 ex
1419 394 1580 433 incertis
1612 398 1647 433 et
1676 395 1825 434 Tiberis

260 458 403 503 flumen
429 456 548 492 vomit
570 456 615 492 in
638 466 747 492 mare
770 454 921 492 salsum
946 447 1052 505 (xx),
1078 453 1182 502 quod
1207 454 1250 490 111
1275 453 1531 492 adnotatione
1560 454 1727 504 probavi
1757 466 1826 492 cur

262 515 311 552 ab
340 514 449 553 Ostia
475 514 629 563 seiungi
652 525 731 551 non
757 513 907 551 debeat.
934 512 995 549 Fr.
1017 525 1086 549 xlx
1111 513 1254 550 incerti
1278 512 1371 550 libri
1393 514 1453 551 est
1471 515 1511 551 et
1529 514 1747 562 scripturae
1765 514 1824 551 in-

261 575 407 612 certae:
433 574 522 622 quis
546 584 704 611 marcus
727 572 849 610 fuerit
874 572 1065 610 nescitur:
1090 571 1195 610 Anci
1213 573 1363 610 Marcii
1387 585 1529 610 nomen
1549 572 1824 620 restituerunt3

261 633 366 682 quod
392 633 466 670 etsi
490 632 607 669 fidem
631 644 710 669 non
735 631 867 679 habet,
891 632 1024 669 tamen
1044 631 1092 669 ab
1112 631 1186 669 hoc
1205 631 1291 669 loco
1310 643 1511 669 removere
1529 643 1683 670 versum
1704 632 1824 669 nolui.

377 692 575 729 Tertius
601 691 791 729 annalis
816 691 939 728 trium
964 691 1034 739 qui
1058 691 1246 739 postremi
1278 692 1372 728 sunt
1395 703 1533 741 regum
1557 691 1826 729 Romanorum

259 763 322 789 res
348 752 479 802 gestas
506 752 546 789 et
570 750 682 801 regni
706 751 864 787 ruinam
891 750 1196 799 comprehendit.
1229 749 1341 795 Quod
1367 750 1441 787 etsi
1465 751 1564 800 ipsis
1592 750 1826 800 fiagmentis

259 823 339 848 non
364 811 531 860 cogit-ur,
557 810 682 860 exigit
706 810 840 847 tamen
866 809 1043 847 narratio
1070 809 1331 858 aequabiliter
1352 811 1393 847 in
1413 810 1588 860 singulos
1607 809 1729 848 libros
1749 809 1826 847 dis-

257 869 421 907 tributa.
448 869 502 906 Et
525 870 567 906 111
592 870 711 907 tertio
737 869 999 917 Tarquinium
1028 867 1206 906 Priscum
1232 869 1352 907 fuisse
1378 871 1462 906 tam
1487 870 1637 907 certum
1661 870 1720 907 est
1750 868 1826 906 fide

258 929 578 967 testimoniorum
604 941 724 977 quam
748 929 791 965 in
816 927 985 966 secundo
1010 927 1175 965 Ancum.
1201 927 1314 965 Unde
1342 927 1593 977 consequitur
1616 929 1755 966 horum
1781 927 1827 964 li-

261 987 422 1026 brorum
436 987 667 1036 descriptio:
686 988 733 1024 ut
744 988 849 1025 enim
862 988 1012 1035 primus
1024 986 1142 1024 initia
1154 986 1263 1025 urbis
1279 989 1317 1025 et
1331 987 1491 1024 Romuli
1503 1000 1678 1038 regnum,
1698 988 1758 1024 ita
1771 999 1827 1025 se-

260 1046 409 1085 cundus
423 1048 463 1084 et
475 1048 617 1084 tertius
631 1048 795 1095 uterque
810 1048 890 1083 tres
904 1058 1016 1096 reges
1030 1046 1254 1095 complexus
1266 1048 1374 1084 estet
1383 1047 1445 1084 his
1455 1046 1582 1084 tribus
1593 1047 1705 1084 libris
1714 1046 1828 1096 regni

262 1106 531 1144 Romanorum
545 1106 631 1144 fata
645 1117 668 1143 a
680 1106 876 1154 principio
892 1105 941 1142 ad
954 1104 1071 1143 finem
1085 1105 1253 1143 deducta
1267 1107 1368 1143 sunt.
1383 1105 1443 1143 De
1457 1118 1535 1154 qua
1549 1105 1828 1143 distributione

258 1164 349 1204 vide
370 1177 471 1214 quae
490 1165 533 1202 in
554 1164 652 1203 actis
672 1164 896 1202 academiae
916 1177 950 1201 a.
968 1164 1079 1201 1886
1101 1177 1138 1213 p.
1162 1165 1281 1213 lOsq.
1303 1165 1517 1214 disputavi.
1537 1164 1597 1202 De
1611 1165 1828 1213 Tarquinio

260 1223 456 1273 quaedam
475 1223 568 1261 licet
589 1236 634 1261 ex
654 1224 887 1274 fragmentis
911 1235 1134 1274 agnoscere,
1154 1224 1369 1262 adventum
1384 1225 1469 1262 eius
1483 1223 1649 1262 Romam
1663 1226 1703 1261 et
1716 1236 1828 1262 omen

260 1283 302 1320 in
320 1284 462 1320 itinere
489 1282 646 1321 obviam
671 1282 821 1320 factum
842 1276 885 1334 (1.
905 1277 967 1334 11),
992 1295 1156 1332 regnum
1175 1284 1266 1332 post
1284 1282 1387 1321 Anci
1406 1282 1557 1321 obitum
1578 1295 1602 1320 a
1621 1283 1767 1333 populo
1786 1284 1830 1321 111

258 1341 373 1379 11111111
398 1342 573 1379 delatum
600 1335 775 1394 (111.1v),
808 1341 976 1390 denique
1007 1343 1155 1379 mortui
1179 1342 1283 1392 regis
1309 1342 1449 1380 funera
1475 1337 1577 1395 (vm.
1597 1337 1669 1395 111).
1697 1341 1829 1391 Atque

263 1413 376 1439 omen
403 1400 564 1449 quidem
589 1399 727 1438 Livius
752 1400 911 1438 videtur
934 1413 1012 1438 non
1039 1402 1122 1438 sine
1148 1401 1268 1438 Ennii
1294 1401 1465 1450 quadam
1489 1401 1714 1440 imitatione
1739 1414 1828 1440 nar-

258 1472 346 1497 rare
365 1472 380 1497 1
402 1460 468 1508 34,
484 1461 508 1498 8
530 1460 583 1498 ad
597 1460 825 1498 Ianiculum
843 1461 941 1508 forte
959 1463 1114 1498 ventum
1133 1463 1235 1499 erat:
1253 1461 1309 1499 ibi
1327 1462 1361 1499 ei
1381 1464 1561 1509 carpento
1578 1462 1724 1499 sedenti
1743 1473 1830 1499 cum

259 1530 377 1557 umore
409 1519 543 1567 aquila
580 1521 781 1567 suspensis
815 1519 983 1558 demissa
1014 1520 1150 1558 leniter
1180 1520 1255 1558 alis
1279 1520 1431 1568 pileum
1462 1522 1608 1568 aufert,
1641 1532 1830 1568 superque

262 1581 486 1626 carpentum
512 1590 599 1617 cum
623 1590 765 1627 maqno
791 1579 969 1627 clanqore
994 1579 1160 1617 volitans
1184 1591 1325 1617 rursus
1353 1580 1457 1618 velut
1485 1581 1700 1618 ministerio
1731 1580 1829 1618 divi-

258 1639 364 1676 nitus
388 1639 511 1676 missa
535 1639 655 1686 capiti
674 1640 761 1685 apte
779 1639 951 1686 reponit;
975 1638 1065 1676 inde
1083 1639 1261 1676 sublimis
1281 1639 1372 1677 abit.
1398 1639 1445 1676 In
1465 1638 1607 1688 quibus
1627 1639 1725 1676 adeo
1744 1652 1829 1677 ver-

262 1709 328 1735 sus
355 1697 546 1746 quosdam
567 1696 741 1735 Clericus
761 1697 812 1734 ad
830 1696 936 1735 Livii
955 1697 980 1734 1.
1000 1697 1024 1734 l.
1046 1697 1233 1736 odoratus
1260 1699 1331 1746 est,
1357 1699 1412 1736 sic
1438 1699 1519 1736 fere
1543 1698 1829 1747 recuperandos

260 1756 369 1794 Iovis
395 1757 474 1794 ales
503 1756 618 1795 Caelo
642 1757 841 1804 suspensis
870 1757 1038 1794 demissa
1064 1759 1118 1794 est
1141 1757 1275 1795 leniter
1301 1758 1395 1795 alis:
1419 1756 1563 1805 Aufert
1586 1758 1657 1795 illa
1683 1752 1831 1805 apicem

262 1816 441 1860 volitans,
468 1818 628 1864 apteque
652 1817 812 1864 reponit.
848 1816 947 1853 Tum
974 1816 1152 1854 sublimis
1178 1817 1268 1854 abit.
1301 1815 1412 1860 Quod
1444 1817 1518 1854 etsi
1548 1829 1627 1854 non
1659 1816 1831 1855 deterius

264 1876 324 1912 est
350 1887 469 1924 quam
494 1874 600 1924 quod
625 1887 750 1924 nuper
774 1876 1046 1922 instituerunt,
1077 1875 1176 1912 mihi
1201 1888 1280 1913 non
1305 1875 1351 1912 fit
1376 1875 1573 1924 credibile,
1606 1876 1653 1914 de
1680 1888 1758 1925 qua
1788 1889 1831 1914 re

264 1933 362 1971 alibi
388 1933 479 1971 dixi.
513 1934 590 1972 Sed
617 1933 843 1972 Ciceronem
868 1947 956 1972 cum
982 1934 1029 1972 de
1054 1934 1128 1984 leg.
1150 1947 1164 1971 1
1187 1937 1223 1983 1,
1244 1936 1269 1972 4
1296 1937 1502 1983 tamquam
1526 1948 1610 1973 rem
1640 1934 1775 1973 fictam
1807 1948 1830 1974 a

264 1995 382 2042 poeta
408 1993 523 2031 affert
548 1994 597 2032 ab
624 1994 758 2042 aquila
781 1994 995 2042 Tarquinio
1021 1995 1169 2041 apicem
1193 1995 1415 2042 impositum
1441 1994 1646 2032 Ennianae
1672 1993 1830 2032 fabulae

261 2065 474 2090 memorem
493 2053 613 2092 fuisse
633 2065 753 2102 supra
771 2066 808 2102 p.
825 2064 946 2091 CLXVI
966 2053 1016 2090 ad
1028 2053 1202 2091 Numam
1222 2055 1261 2091 et
1280 2053 1466 2104 Egeriam
1484 2053 1674 2092 indicavi:
1696 2054 1764 2102 qui
1783 2053 1830 2091 de

260 2124 302 2148 re
327 2111 490 2161 publica
509 2106 559 2164 (Π
581 2113 648 2160 20,
670 2107 745 2164 35)
771 2112 840 2149 ubi
865 2112 913 2149 de
933 2111 1150 2161 Tarquinio
1175 2125 1341 2162 regnum
1367 2112 1509 2162 adepto
1537 2113 1634 2150 dicit
1651 2112 1752 2150 hanc
1772 2113 1830 2150 fa-

260 2170 397 2208 bulam
427 2172 708 2210 memoraverit
738 2184 858 2210 necne
898 2173 998 2210 vitio
1031 2171 1175 2209 codicis
1208 2174 1313 2210 certo
1346 2171 1434 2210 sciri
1467 2185 1546 2210 non
1578 2173 1726 2221 potest,
1764 2172 1831 2210 sed

261 2229 464 2278 probabile
490 2244 568 2268 non
594 2233 663 2269 est.
690 2230 754 2267 Ad
778 2231 850 2269 hoc
878 2232 1011 2269 autem
1030 2231 1259 2281 prodigium
1278 2231 1325 2268 fr.
1345 2244 1359 2268 1
1379 2232 1471 2269 olim
1490 2231 1536 2269 de
1555 2231 1658 2269 caelo
1678 2232 1832 2269 laevum

261 2289 367 2327 dedit
396 2290 562 2338 inclytus
592 2292 749 2338 siynum
778 2290 906 2329 refero
934 2293 980 2328 ut
1011 2290 1124 2338 olim,
1154 2291 1242 2339 ipsa
1274 2291 1451 2328 oratione
1483 2290 1690 2338 suadente,
1728 2302 1830 2339 quae

262 2348 419 2398 longius
446 2348 556 2387 abest
587 2349 635 2387 ab
663 2362 707 2387 60
740 2350 906 2399 augurio
940 2349 1045 2398 quod
1071 2349 1207 2387 Servio
1233 2349 1365 2386 Tullio
1397 2362 1519 2398 puero
1552 2349 1740 2387 accidisse
1764 2348 1830 2386 Li-

262 2406 349 2445 vius
368 2419 383 2444 1
405 2407 471 2455 39,
494 2410 514 2444 1
538 2410 691 2456 narrat3
717 2421 788 2446 nec
808 2409 941 2447 obstat
960 2409 1063 2453 olim,
1089 2408 1195 2457 quod
1214 2408 1288 2446 etsi
1306 2421 1385 2446 non
1404 2420 1484 2446 uno
1503 2408 1620 2446 modo
1641 2408 1831 2457 explicari

262 2467 404 2516 potest,
430 2466 596 2505 fort-asse
621 2467 769 2506 indicio
795 2469 854 2506 est
879 2468 1090 2518 augurium
1116 2467 1164 2504 ab
1190 2467 1319 2505 Ennio
1345 2468 1435 2516 post
1462 2469 1667 2516 acceptum
1690 2479 1713 2504 a
1734 2467 1829 2504 Tar-

265 2526 405 2574 quinio
430 2538 594 2575 regnum
619 2529 827 2565 narratum
852 2539 951 2575 esse,
978 2527 1144 2575 inclytus
1164 2528 1296 2564 autem
1319 2528 1416 2575 puto
1436 2526 1583 2564 dicitur
1603 2527 1695 2570 ales,
1720 2527 1830 2564 cuius

262 2585 322 2623 rei
346 2586 386 2622 et
410 2585 534 2623 totius
561 2587 778 2624 sententiae
801 2586 1023 2635 exemplum
1043 2586 1163 2623 attuli
1181 2585 1358 2623 Petronii
1378 2598 1409 2623 c.
1432 2586 1514 2623 122
1537 2580 1592 2635 (v.
1616 2586 1718 2635 177)
1738 2586 1831 2623 haee

263 2644 332 2682 ubi
354 2645 571 2692 personuit,
603 2645 648 2682 de
679 2646 782 2683 eaelo
813 2645 1026 2692 Delphicus
1057 2645 1138 2683 ales
1171 2644 1312 2683 Omina
1344 2645 1445 2682 laeta
1476 2644 1579 2681 dedit
1606 2644 1831 2692 pepulitque

263 2703 453 2742 meatibus
484 2715 618 2741 auras.
649 2704 711 2741 Fr.
732 2716 779 2741 111
799 2706 838 2742 et
856 2716 899 2742 iv
930 2717 977 2742 ex
1008 2716 1085 2753 quo
1115 2706 1252 2742 tenore
1284 2704 1498 2752 supersint,
1532 2705 1691 2752 praeter
1723 2701 1830 2740 Cice-

264 2775 400 2801 ronem
431 2763 474 2800 in
506 2761 595 2801 adn.
627 2763 794 2800 allatum
822 2763 1037 2812 Dionysius
1064 2762 1193 2801 Halic.
1224 2763 1439 2812 patefaciet
1470 2763 1540 2811 qui
1564 2774 1609 2798 111
1631 2763 1699 2809 49,
1722 2763 1743 2799 1
1772 2762 1829 2799 ita

269 2821 407 2859 scribit
431 2827 606 2868 τοιοῦτος
627 2820 677 2871 δή
697 2836 753 2867 τις
773 2819 794 2860 ὅ
816 2822 1035 2874 Ταρκύνιος
1054 2816 1105 2873 ἦν
1125 2820 1189 2860 καὶ
1210 2820 1274 2860 διὰ
1293 2820 1435 2867 ταύτας
1454 2819 1522 2866 τὰς
1542 2820 1667 2866 αἰτίας
1687 2819 1828 2866 ζῶντός

269 2894 309 2918 τε
335 2879 527 2932 Μαρκίου
552 2880 711 2920 πάντων
736 2878 885 2932 ἐγένετο
905 2877 1104 2932 Ῥωμαίων
1123 2878 1427 2931 ἐπιφανέστατος
1446 2877 1513 2918 καὶ
1534 2878 1829 2929 τελευτήσαντος
