2020 3334
802 203 849 238 M.
872 202 1042 240 CICERO
1568 207 1698 243 XLVII

145 313 266 362 effici:
296 312 398 361 quod
426 314 552 351 neseio
584 326 637 351 an
666 326 714 352 ne
744 316 787 353 in
817 327 895 353 uno
926 317 1079 364 quidem
1108 329 1222 355 versu
1245 319 1371 365 possit
1401 321 1550 357 tantum
1574 320 1700 358 valere

143 374 314 420 fortuna.
374 371 555 421 Apparet
584 373 834 411 notissimum
871 387 1010 424 poema
1048 376 1256 414 clarissimi
1288 379 1427 426 poetae
1458 390 1529 427 pro
1561 379 1699 427 quovis

145 431 223 469 alio
254 431 356 469 libro
381 432 492 480 poni,
525 431 648 469 simili
673 433 852 481 consilio,
884 446 961 482 quo
991 434 1037 472 de
1063 434 1304 473 divinatione
1330 449 1344 473 1
1373 438 1443 485 13,
1466 438 1518 475 23
1545 436 1699 475 Andro-

144 491 283 529 macha
308 490 436 528 Ennii
466 492 724 528 memoratur:
755 503 822 529 sus
852 494 975 530 rostro
1007 495 1042 530 si
1067 494 1174 532 humi
1198 493 1237 531 A
1263 495 1427 533 litteram
1456 497 1700 543 impresserit,

141 561 238 587 num
266 551 474 597 propterea
509 551 705 597 suspicari
733 552 881 597 poteris
911 550 1229 590 Andromacham
1265 553 1391 591 Ennii
1428 555 1476 591 ab
1515 567 1559 592 ea
1582 566 1698 602 posse

143 608 333 647 describi?
363 608 545 647 Vidimus
577 620 696 657 supra
721 622 757 657 p.
785 621 863 648 xnv
896 609 1085 647 affirmari
1113 613 1261 648 certam
1284 624 1366 648 rem
1392 613 1498 659 apud
1523 614 1699 661 Ennium

141 669 185 705 in
220 678 321 705 nono
359 668 497 706 annali
533 668 623 718 legi.
668 667 877 706 Praeterea
909 667 1043 706 Cicero
1079 670 1238 708 annales
1275 683 1488 719 numquam
1526 673 1697 721 appella·

142 727 212 775 vit,
244 727 441 775 quotquot
470 739 604 765 versus
637 727 778 765 citavit
809 729 878 776 qui
908 740 986 765 non
1017 730 1182 777 possunt
1212 729 1289 767 nisi
1322 730 1363 766 in
1401 730 1607 768 annalibus
1644 731 1698 769 lo-

143 798 230 823 cum
269 785 461 824 habuisse.
525 786 697 823 Ennium
735 786 928 836 appellat,
965 787 1029 824 hic
1065 787 1148 825 illic
1185 799 1390 836 personam
1430 801 1547 838 quam
1582 792 1699 838 poeta

141 844 366 893 loquentem
409 844 635 893 induxerat,
678 857 757 883 non
799 858 888 883 raro
932 846 1056 884 nudos
1100 858 1234 884 versus
1277 847 1415 884 laudat
1451 859 1521 885 nec
1560 850 1699 897 poetae

141 905 297 942 nomine
334 916 405 942 nec
435 906 628 953 poematis
661 904 830 953 adiecto,
865 906 998 943 tamen
1028 917 1106 943 non
1137 905 1278 944 dubius
1310 906 1404 944 haec
1435 908 1538 944 recte
1571 907 1619 944 ab
1650 909 1699 945 iis

142 962 284 1012 quibus
315 963 404 1001 vult
427 963 610 1014 intelligi.
648 964 788 1013 Itaque
815 964 987 1012 annales,
1018 965 1126 1013 puto,
1159 965 1319 1015 cogitat,
1352 978 1448 1014 quos
1473 978 1550 1004 non
1576 968 1698 1004 nomi-

142 1023 229 1071 nat,
267 1034 356 1060 cum
392 1023 451 1060 ita
488 1022 585 1061 dicit
616 1023 662 1061 de
693 1023 757 1060 fin.
784 1036 799 1060 1
826 1024 869 1072 3,
893 1025 914 1061 7
954 1024 1053 1062 locos
1091 1024 1244 1071 quidem
1281 1025 1467 1072 quosdam
1494 1055 1501 1062 .
1529 1055 1536 1062 .
1575 1028 1699 1063 trans-

139 1083 267 1129 feram
287 1112 294 1118 .
316 1111 324 1119 .
347 1111 354 1119 .
380 1094 468 1120 eum
491 1082 672 1120 inciderit
695 1085 738 1120 ut
761 1083 804 1121 id
829 1085 916 1130 apte
940 1084 1027 1129 sieri
1045 1084 1181 1130 possit,
1206 1086 1249 1120 ut
1273 1084 1321 1121 ab
1341 1084 1509 1121 Homero
1530 1084 1699 1128 Ennius,

140 1139 339 1188 Afranius
365 1153 390 1179 a
414 1142 638 1180 Menandro
662 1141 765 1180 solet.
797 1141 920 1180 Locos
947 1142 1048 1179 enim
1075 1142 1289 1180 translatos
1321 1142 1369 1179 ab
1396 1141 1566 1180 Homero
1592 1143 1699 1191 dicit,

141 1201 186 1237 ut
215 1200 257 1237 in
283 1212 336 1239 xv
368 1201 502 1238 annali
528 1201 574 1238 fr.
595 1213 647 1250 VI,
679 1213 757 1239 non
790 1214 890 1250 quae
921 1201 1022 1239 forte
1053 1201 1094 1238 in
1125 1200 1330 1252 tragoedia
1362 1203 1518 1251 sumpta
1550 1203 1630 1239 sint
1654 1215 1698 1239 ex

139 1258 323 1297 Homero.
385 1258 494 1304 Quae
531 1273 623 1298 vero
663 1272 708 1297 ex
745 1260 952 1298 annalibus
991 1260 1109 1298 ducta
1140 1260 1235 1309 sint,
1275 1273 1407 1298 eorum
1438 1261 1609 1310 primum
1641 1264 1699 1299 est

139 1320 344 1367 somnium,
375 1331 398 1356 a
430 1332 507 1368 quo
538 1319 777 1368 principium
809 1320 1012 1357 annalium
1044 1332 1222 1358 exorsum
1254 1321 1327 1357 est:
1360 1319 1406 1357 de
1439 1332 1515 1368 quo
1546 1319 1696 1357 Lucull.

143 1378 208 1426 16,
230 1378 281 1415 51
321 1390 417 1415 num
454 1390 580 1416 censes
612 1379 791 1416 Ennium
827 1379 959 1427 inquit
995 1390 1082 1416 eum
1115 1380 1158 1416 in
1187 1379 1306 1416 hortis
1337 1390 1424 1417 eum
1453 1378 1534 1416 Ser.
1570 1378 1697 1417 Galba

138 1437 264 1475 vicino
295 1448 365 1475 suo
397 1437 671 1475 ambulavisset
701 1438 844 1476 dixisse
876 1433 998 1476 ‘visus
1028 1449 1115 1475 sum
1145 1438 1240 1475 mihi
1280 1450 1366 1476 eum
1400 1437 1528 1476 Galba
1565 1439 1697 1476 ambu-

139 1491 264 1534 lare'?
301 1498 342 1534 at
373 1507 460 1534 eum
490 1498 698 1534 somniavit
726 1498 783 1535 ita
812 1498 994 1535 narravit
1024 1493 1145 1535 ‘visus
1170 1497 1364 1534 Homerus
1395 1497 1527 1535 adesse
1550 1493 1698 1544 poeta',·

139 1556 179 1592 et
209 1567 342 1592 rursus
376 1556 443 1603 27,
465 1556 518 1593 88
552 1557 645 1604 quia
676 1568 762 1594 cum
794 1559 1030 1604 experrectus
1062 1558 1156 1594 esset
1185 1556 1343 1594 Ennius
1379 1567 1458 1593 non
1495 1556 1633 1594 diceret
1659 1568 1698 1594 se

137 1614 280 1652 vidisse
315 1614 531 1652 Homerum
567 1615 634 1652 sed
670 1616 797 1653 visum
835 1626 913 1653 esse
939 1645 947 1652 .
975 1645 983 1652 .
1021 1616 1100 1652 nisi
1135 1626 1223 1653 vero
1261 1615 1440 1653 Ennium
1472 1626 1551 1652 non
1580 1618 1697 1662 puta-

137 1684 225 1710 mus
254 1675 311 1711 ita
339 1676 458 1711 totum
481 1674 581 1712 illud
607 1674 804 1712 audivisse
835 1670 871 1711 ‘o
895 1675 1024 1722 pietas
1051 1670 1202 1718 animi’‚
1232 1675 1268 1712 si
1293 1674 1402 1711 modo
1426 1674 1469 1712 id
1493 1675 1698 1712 somniavit

137 1734 181 1770 ut
209 1733 245 1770 si
275 1725 443 1780 viqilans
475 1733 638 1771 audiret.
683 1733 861 1770 Tertium
893 1734 974 1771 eius
1006 1732 1148 1771 somnii
1179 1734 1416 1771 mentionem
1442 1732 1539 1771 facit
1564 1731 1697 1771 Cicero

139 1791 185 1828 de
217 1804 258 1829 re
290 1805 326 1841 p.
354 1804 396 1830 v1
430 1792 502 1840 10,
526 1793 579 1830 10
616 1793 662 1839 fit
693 1794 794 1830 enim
824 1794 904 1840 fere
934 1795 977 1830 ut
1007 1793 1251 1841 eoyitationes
1281 1804 1545 1840 sermonesque
1574 1794 1697 1830 nostri

131 1852 298 1898 pariant
328 1851 478 1899 aliquid
508 1853 551 1889 in
581 1862 713 1889 somno
745 1853 819 1890 tale
850 1852 963 1899 quale
993 1852 1039 1890 de
1071 1852 1240 1890 Homero
1276 1852 1409 1890 scribit
1438 1852 1614 1896 Ennius,
1652 1852 1698 1889 de

138 1920 211 1957 quo
248 1910 421 1948 videlicet
455 1912 679 1958 saepissime
716 1911 884 1960 viyilans
923 1911 1067 1949 solebat
1103 1912 1267 1959 aoy-itare
1305 1913 1339 1949 et
1373 1911 1487 1958 loqui.
1531 1910 1693 1948 Poetam

138 1969 326 2018 appellat,
357 1981 552 2018 nusquam
583 1982 734 2019 poema,
766 1970 834 2008 sed
865 1970 1042 2019 loquitur
1072 1972 1118 2008 ut
1149 1970 1195 2007 de
1226 1982 1268 2007 re
1293 1971 1388 2007 nota
1413 1969 1604 2019 decerptis
1630 1969 1697 2006 ad-

137 2028 321 2066 monendi
353 2041 470 2067 causa
500 2030 637 2078 paucis
668 2029 875 2078 particulis
907 2041 1090 2068 versuum
1121 2041 1168 2066 ne
1199 2030 1304 2067 inter
1335 2041 1374 2066 se
1412 2028 1570 2077 quidem
1607 2040 1695 2066 con-

137 2099 335 2125 nexorum.

258 2145 334 2184 Sed
372 2159 470 2196 quas
507 2149 640 2196 partes
683 2147 932 2197 longissimas
971 2160 1016 2185 ex
1060 2146 1265 2184 annalibus
1304 2146 1554 2195 depromptas
1591 2146 1695 2195 apud

142 2204 366 2244 Ciceronem
404 2207 579 2243 servatas
617 2206 715 2254 dixi,
753 2218 817 2243 eas
854 2205 974 2244 habet
1011 2205 1145 2243 ambas
1182 2206 1332 2254 primus
1364 2205 1410 2242 de
1442 2204 1695 2253 divinatione,

139 2277 308 2313 quarum
338 2265 507 2313 primam
539 2264 594 2302 sic
625 2265 746 2302 refert
777 2277 790 2301 1
818 2265 890 2312 20,
911 2266 967 2302 40
1003 2277 1099 2302 num
1135 2267 1168 2303 te
1206 2264 1259 2302 ad
1289 2265 1446 2312 fabulas
1476 2275 1607 2303 revoco
1638 2265 1696 2302 vel

138 2326 359 2361 nostrorum
396 2324 455 2362 vel
488 2323 726 2363 Graecorum
750 2324 982 2371 poetarum?
1012 2326 1153 2362 narrat
1182 2325 1283 2361 enim
1315 2326 1347 2362 et
1378 2323 1485 2371 apud
1518 2324 1695 2361 Ennium

146 2382 309 2421 Vestalis
328 2383 400 2421 illa
417 2378 489 2420 ‘Et
507 2385 582 2421 cita
601 2380 702 2422 eum'
725 2396 790 2432 eqs
813 2377 919 2435 (ann.
934 2395 947 2420 1
961 2377 1180 2435 fr.xxv111),
1201 2384 1239 2420 et
1258 2382 1418 2420 subiicit
1436 2383 1527 2421 haee
1546 2384 1695 2420 etiamsi

137 2442 229 2488 sieta
266 2445 359 2480 sunt
395 2455 420 2480 a
449 2445 584 2490 poeta,
620 2454 698 2480 non
742 2443 882 2480 absunt
918 2445 1045 2480 tamen
1082 2455 1107 2480 a
1141 2442 1411 2481 consuetudine
1446 2443 1693 2479 somniormn.

138 2501 313 2539 Annales
351 2513 433 2539 esse
471 2502 599 2540 alieno
637 2500 861 2539 testimonio
900 2502 1071 2550 constat,
1108 2514 1186 2539 non
1223 2500 1319 2539 dicit
1351 2499 1501 2548 Cicero,
1539 2501 1606 2549 qui
1639 2501 1695 2537 ait

138 2561 316 2599 vestalem
340 2561 451 2599 illam
479 2555 532 2613 (h.
560 2574 590 2599 e.
617 2555 751 2612 Iliam)
778 2560 885 2608 apud
910 2561 1088 2598 Ennium
1113 2572 1272 2598 narrare
1298 2560 1403 2608 haec,
1435 2572 1554 2608 quam
1578 2561 1694 2608 poeta

139 2631 253 2657 suum
289 2620 417 2669 ipsam
454 2616 647 2658 somnium
685 2621 1007 2668 pronuntiantem
1042 2619 1208 2658 induxit.
1269 2618 1446 2657 Alteram
1481 2612 1568 2670 (48,
1591 2613 1692 2668 107)

139 2678 199 2716 his
230 2678 376 2717 verbis:
409 2682 520 2727 atque
551 2680 615 2717 ille
644 2679 803 2716 Romuli
834 2682 1050 2727 auyuratus
1073 2678 1289 2726 pastoralis
1318 2689 1396 2715 non
1420 2678 1594 2715 urbanus
1617 2677 1694 2723 fuit

138 2749 206 2775 nee
235 2739 347 2784 fietus
379 2739 431 2776 ad
462 2740 659 2786 opiniones
690 2738 954 2785 imperitorum
984 2738 1051 2776 sed
1082 2750 1107 2776 a
1138 2739 1248 2776 certis
1280 2739 1452 2784 aceeptus
1478 2738 1511 2773 et
1526 2735 1692 2782 posteris

138 2796 304 2834 traditus
312 2811 325 2843 ;
360 2799 489 2845 itaque
520 2797 710 2835 Romulus
747 2809 891 2845 augur,
931 2799 974 2834 ut
1004 2797 1111 2844 apud
1142 2797 1320 2834 Ennium
1350 2797 1418 2838 est,
1455 2805 1540 2832 eum
1569 2794 1691 2840 fratre

137 2856 226 2892 item
271 2868 419 2904 augure
462 2853 655 2895 ‘curantes
697 2868 842 2904 mayna
885 2867 971 2894 eum
1020 2852 1130 2894 cura'
1175 2867 1242 2903 eqs
1286 2849 1393 2906 (ann.
1427 2865 1441 2889 1
1472 2852 1517 2888 fr.
1550 2845 1689 2902 xnvn).

141 2912 238 2951 Cum
269 2927 340 2952 sua
372 2915 549 2953 oratione
581 2915 703 2953 nectit
733 2927 867 2954 versus
898 2917 1055 2964 poetae,
1092 2916 1137 2952 ut
1167 2926 1281 2962 saepe
1314 2912 1424 2960 facit,
1462 2909 1528 2948 sed
1559 2909 1616 2947 ita
1646 2911 1690 2947 ut
