2020 3334
793 200 931 236 ENNII
955 200 1071 236 VITA
1652 202 1720 237 XV

155 315 214 353 est
245 325 381 352 earum
411 326 542 352 rerum
572 313 775 361 indicium,
806 315 849 352 in
881 314 1085 353 annalium
1116 313 1217 353 libro
1249 315 1342 353 sunt
1372 326 1473 364 quae
1505 326 1550 353 eo
1575 315 1720 353 referre

154 374 284 412 liceat.

273 432 441 470 Biennio
478 433 570 481 post
601 445 634 470 a.
661 445 698 470 u.
725 444 756 472 c.
784 432 867 470 567
907 433 1122 471 verisimile
1160 434 1219 470 est
1251 432 1424 470 Ennium
1459 445 1547 471 cum
1578 433 1719 471 Fulvio

155 491 205 530 ad
241 491 488 540 triumphum
524 493 762 541 properante
793 491 960 530 Romam
996 493 1223 541 revertisse3
1260 493 1300 529 et
1337 504 1455 541 quam
1489 492 1720 531 benevolen—

154 551 255 589 tiam
285 551 411 600 patris
444 552 625 600 expertus
651 552 748 599 erat,
781 562 867 588 eam
892 563 971 589 non
997 551 1208 601 denegavit
1231 551 1347 589 filius.
1397 551 1455 588 De
1481 564 1558 601 quo
1587 550 1720 590 Cicero

157 609 294 649 scribit
324 611 367 648 in
398 610 523 648 Bruto
556 604 650 663 (20,
681 604 754 663 79)
788 609 829 658 Q.
855 610 1094 648 Nobiliorem
1125 611 1185 647 M.
1210 611 1239 658 f.
1276 611 1358 648 iam
1381 612 1515 657 patrio
1549 612 1721 649 instituto

154 669 326 707 deditum
355 669 483 707 studio
514 670 743 713 litterarum,
774 670 841 717 qui
872 670 986 707 etiam
1013 668 1054 717 Q.
1081 669 1270 718 Ennium,
1303 670 1370 716 qui
1395 681 1480 707 cum
1498 673 1614 717 patre
1639 671 1721 708 eius

156 729 200 766 in
229 727 386 767 Aetolia
416 729 668 773 militaverat,
707 729 859 766 civitate
889 728 1065 772 donavit,
1103 740 1190 766 eum
1227 729 1408 766 triumvir
1439 729 1629 766 coloniam
1660 730 1721 767 de·

156 787 339 832 duxisset,
370 790 405 825 et
435 787 480 825 T.
506 785 686 825 Annium
716 787 904 831 Luscum,
941 788 1058 825 huius
1091 787 1133 835 Q.
1158 788 1297 826 Fulvii
1327 787 1520 835 colleqam,
1554 799 1632 825 non
1662 789 1720 826 in-

158 846 344 885 disertum
375 846 509 884 dicunt
538 847 671 894 fuisse.
735 845 940 884 Coloniam
972 858 1092 895 quam
1126 845 1259 884 Cicero
1298 846 1395 884 dicit
1426 846 1562 885 Livius
1598 847 1722 884 tradit

155 918 188 943 a.
215 918 251 943 u.
281 906 366 944 570
397 905 609 943 deductam
641 917 741 954 esse,
780 906 850 955 qui
881 917 1006 943 XXXIX
1033 906 1107 953 44,
1136 907 1190 944 10
1221 905 1318 943 haec
1348 907 1556 944 memorat:
1595 907 1722 944 eodem

154 975 258 1009 anno
295 965 466 1003 coloniae
502 965 621 1010 duae,
657 965 834 1003 Potentia
870 965 913 1003 in
949 966 1152 1009 Picenum,
1189 965 1404 1003 Pisaurum
1443 966 1486 1002 in
1526 964 1721 1003 Gallicum

154 1035 305 1072 ayrum,
330 1024 513 1062 deductae
537 1026 647 1062 swnt:
670 1035 764 1063 sena
789 1025 925 1073 iuyera
949 1025 992 1062 in
1016 1025 1189 1072 sinyulos
1208 1025 1322 1062 data:
1347 1024 1561 1062 diviserunt
1583 1037 1721 1072 ayrum

154 1083 397 1131 coloniasque
437 1083 678 1122 deduxerunt
716 1084 835 1121 iidem
875 1085 1046 1128 tresviri,
1091 1083 1132 1132 Q.
1162 1084 1314 1121 Fabius
1350 1083 1482 1121 Labeo
1522 1086 1555 1121 et
1591 1084 1650 1121 M.
1690 1086 1722 1121 et

156 1142 198 1190 Q.
224 1142 373 1187 Fulvii,
400 1143 569 1181 Flaccus
601 1145 635 1181 et
658 1143 848 1181 Nobilior.
882 1142 986 1193 Ergo
1018 1142 1092 1180 hac
1124 1143 1300 1181 coloniae
1333 1142 1580 1180 deducendae
1612 1155 1720 1180 occa-

155 1202 263 1239 sione
294 1214 387 1240 usus
419 1203 478 1240 est
510 1200 552 1246 Q.
580 1202 761 1250 Fulvius,
798 1203 842 1239 ut
874 1214 942 1240 suo
974 1203 1059 1239 iure
1091 1201 1264 1239 Ennium
1295 1203 1454 1251 poetam
1485 1203 1589 1239 inter
1620 1202 1720 1240 colo-

155 1272 225 1299 nos
263 1260 508 1299 deducendos
539 1256 799 1314 reciperet*)‚
831 1262 944 1311 eique
975 1261 1048 1299 hac
1080 1262 1146 1299 via
1178 1273 1264 1299 eam
1296 1274 1375 1310 qua
1406 1260 1564 1299 carebat
1597 1261 1720 1299 adhuc

155 1320 359 1358 civitatem
385 1319 604 1358 Romanam
630 1320 865 1370 adquireret.
892 1320 977 1358 Hoc
1002 1321 1127 1371 igitur
1152 1322 1211 1359 est
1236 1320 1340 1369 quod
1368 1319 1501 1358 Cicero
1528 1320 1625 1358 dicit
1649 1333 1720 1369 pro

154 1378 303 1417 Archia
330 1374 419 1432 (10,
441 1374 514 1432 22)
543 1392 631 1418 cum
656 1379 823 1428 probato
843 1379 984 1428 Ennio,
1005 1380 1110 1429 quod
1129 1379 1311 1418 laudibus
1332 1380 1527 1417 clarorum
1547 1380 1721 1417 virorum

154 1439 309 1487 patriae
341 1438 499 1476 laudem
531 1439 685 1476 auxerit
714 1439 789 1476 hoc
820 1438 932 1476 addit
964 1449 1051 1487 erqo
1079 1439 1191 1477 illum
1216 1440 1283 1486 qui
1307 1439 1399 1476 haec
1429 1439 1571 1486 fecerat
1595 1438 1719 1476 Rudi—

154 1508 250 1534 num
277 1498 467 1535 hominem
491 1499 657 1535 maiores
681 1499 804 1536 nostri
828 1499 871 1535 in
896 1498 1086 1536 civitatem
1110 1500 1342 1545 receperunt,
1375 1498 1414 1535 et
1438 1497 1510 1535 hoc
1535 1497 1636 1534 illud
1662 1498 1721 1535 est

157 1556 261 1605 quod
292 1556 443 1595 Ennius
475 1557 558 1606 ipse
590 1557 671 1594 iam
702 1557 1073 1607 quinquagesimum
1105 1558 1288 1606 quintum
1320 1569 1467 1594 annum
1493 1569 1611 1607 agens
1638 1557 1720 1607 glo—

156 1614 371 1653 riabundus
402 1616 679 1664 pronuntiavit
708 1627 778 1654 nos
808 1627 944 1654 sumus
975 1616 1146 1654 Romani
1177 1617 1243 1664 qui
1273 1617 1422 1664 fuimus
1454 1619 1541 1654 ante
1569 1615 1722 1653 Rudini

158 1668 266 1726 (ann.
287 1687 345 1711 X11
364 1675 411 1712 fr.
431 1669 535 1726 vm).

274 1733 321 1771 In
358 1735 575 1772 extremam
613 1735 785 1772 aetatem
823 1734 944 1772 Ennii
990 1734 1174 1772 videntur
1217 1734 1403 1772 cecidisse
1447 1746 1547 1782 quae
1587 1732 1720 1772 Cicero

155 1794 349 1831 memorat
372 1793 414 1830 in
439 1792 604 1831 Lucullo
633 1787 720 1846 (16,
737 1787 810 1845 51)
836 1805 931 1831 num
957 1805 1083 1832 censes
1106 1794 1284 1831 Ennium
1309 1805 1395 1831 cum
1420 1794 1463 1831 in
1490 1794 1609 1831 hortis
1635 1805 1720 1831 cum

154 1851 288 1889 Servio
322 1851 451 1890 Galba
487 1854 613 1891 vicino
650 1863 720 1890 suo
752 1853 1025 1891 ambulavisset
1063 1853 1206 1891 dixisse
1239 1849 1360 1891 ‘visus
1390 1864 1478 1890 sum
1508 1853 1604 1890 mihi
1635 1864 1720 1890 cum

159 1910 288 1949 Galba
325 1907 569 1950 ambulare’?
613 1915 654 1949 at
690 1924 777 1950 cum
813 1913 1037 1956 somniavit,
1075 1914 1131 1950 ita
1161 1913 1341 1950 narravit
1373 1908 1494 1949 ‘visus
1526 1912 1720 1949 Homerus

156 1970 289 2008 adesse
318 1967 461 2018 poeta?
525 1969 633 2015 Quae
671 1972 726 2009 sic
758 1971 836 2009 dici
867 1971 1071 2019 videntur,
1108 1973 1154 2009 ut
1190 1983 1345 2010 necesse
1377 1971 1430 2009 sit
1460 1972 1544 2009 tum
1578 1972 1719 2009 consti-

155 2029 250 2068 tisse
289 2029 461 2067 Ennium
500 2029 628 2068 Servii
666 2024 873 2083 (Sulpicii)
913 2029 1061 2068 Galbae
1105 2031 1278 2069 vicinum
1316 2031 1435 2068 fuisse
1474 2031 1513 2068 et
1549 2043 1637 2068 cum
1674 2043 1718 2067 eo

155 2089 198 2125 in
241 2088 366 2127 hortis
411 2089 613 2127 ambulare
657 2089 818 2127 solitum
862 2102 954 2128 esse.
1013 2089 1088 2134 Qui
1127 2088 1254 2128 Galba
1295 2091 1328 2127 si
1365 2091 1424 2128 est
1463 2089 1513 2137 is,
1558 2089 1604 2126 de
1642 2102 1718 2137 quo

159 2146 294 2186 Cicero
330 2149 458 2186 multa
495 2149 537 2186 in
568 2149 693 2186 Bruto
727 2143 813 2200 (23.
838 2143 928 2201 24),
968 2161 1084 2198 quem
1122 2150 1277 2187 constat
1308 2161 1341 2186 a.
1367 2162 1404 2185 u.
1432 2160 1461 2185 c.
1491 2148 1573 2185 603
1606 2160 1717 2196 prae-

156 2208 281 2244 torem
319 2207 456 2255 fuisse,
494 2208 626 2256 potuit
662 2207 748 2244 fieri
784 2208 830 2244 ut
862 2208 1101 2246 adolescenti
1138 2220 1226 2245 cum
1264 2220 1353 2245 sene
1384 2206 1512 2244 Ennio
1550 2219 1642 2245 usus
1680 2208 1719 2244 et

157 2266 396 2304 consuetudo
428 2268 538 2304 esset.
596 2265 654 2303 De
686 2266 834 2303 vicinia
865 2279 998 2304 eorum
1030 2278 1149 2315 supra
1180 2266 1272 2304 dixi.
1329 2265 1405 2304 Sed
1436 2267 1469 2304 si
1499 2266 1595 2304 haec
1626 2278 1719 2303 vera

157 2326 266 2372 sunt,
309 2325 412 2362 unde
456 2337 502 2362 ea
540 2326 750 2375 sumpsisse
790 2323 1016 2363 Ciceronem
1055 2325 1249 2364 credimus
1292 2325 1370 2363 nisi
1407 2325 1508 2363 forte
1547 2325 1594 2363 ab
1632 2326 1717 2374 ipso

155 2383 284 2421 Ennio
317 2383 463 2422 alicubi
494 2385 800 2422 commemorata
832 2383 971 2422 erant?

276 2441 374 2481 Cum
406 2442 543 2482 Servio
576 2442 702 2482 Galba
738 2444 926 2493 temporis
963 2444 1067 2481 ratio
1105 2443 1244 2482 suadet
1277 2444 1322 2481 ut
1353 2444 1642 2494 coniungantur
1672 2455 1717 2480 ea

160 2513 261 2551 quae
293 2502 340 2540 de
371 2502 418 2540 A.
445 2502 647 2541 Postumio
679 2502 825 2540 Albino
862 2502 1012 2540 tradita
1044 2504 1152 2541 sunt:
1190 2503 1237 2541 de
1269 2515 1346 2552 quo
1378 2503 1515 2540 charta
1552 2514 1649 2540 saec.
1676 2513 1717 2540 vt

158 2562 314 2611 magnis
346 2562 491 2600 litteris
523 2563 671 2611 scripta
703 2575 726 2600 a
757 2562 899 2600 Iacobo
933 2560 1108 2600 Gortesio
1139 2563 1301 2600 inventa
1333 2563 1372 2599 et
1404 2562 1510 2599 edita
1541 2573 1574 2598 a.
1604 2561 1715 2598 1884

158 2614 332 2672 (Rivista
362 2621 399 2658 d.
429 2621 526 2669 filol.
553 2634 611 2658 X11
642 2635 678 2671 p.
702 2616 823 2673 396),
854 2621 999 2659 iterum
1031 2620 1167 2659 eodem
1199 2634 1301 2659 anno
1335 2633 1358 2659 a
1388 2620 1449 2657 Fr.
1476 2620 1715 2658 Buechelero

274 2780 304 2826 *)
330 2781 432 2816 Haec
459 2783 515 2816 est
540 2781 671 2816 eadem
697 2780 871 2815 deductio
898 2792 1010 2825 quam
1029 2780 1275 2824 Hieronymus
1302 2779 1393 2814 dicit
1419 2790 1502 2813 cum
1520 2778 1559 2811 in
1578 2787 1715 2811 memo-

157 2827 215 2862 ria
239 2828 344 2863 Accii
376 2829 510 2873 poetae
543 2829 591 2862 ad
623 2840 655 2863 a.
683 2827 769 2862 Abr.
799 2830 888 2862 1878
917 2838 948 2862 a.
975 2840 1009 2862 u.
1037 2839 1067 2862 c.
1096 2832 1162 2863 615
1198 2827 1342 2862 scribit:
1378 2839 1402 2861 a
1426 2836 1496 2870 quo
1520 2830 1552 2859 et
1574 2825 1715 2868 fundus

157 2875 342 2911 Accianus
366 2877 474 2911 iuxta
499 2877 701 2912 Pisaurum
725 2876 862 2910 dicitur
886 2876 974 2919 quia
999 2876 1087 2910 illuc
1111 2876 1206 2910 inter
1234 2874 1375 2909 colonos
1404 2873 1527 2916 fuerat
1555 2882 1599 2906 επ
1629 2871 1714 2906 urbe

157 2922 340 2966 deductus,
366 2923 439 2957 nisi
465 2924 564 2967 quod
589 2923 681 2957 haec
706 2933 780 2957 non
805 2923 956 2967 poetam
982 2923 1046 2957 sed
1072 2922 1205 2967 poetae
1230 2923 1375 2966 patrem
1401 2919 1600 2964 attingunt.
