2020 3334
314 223 428 260 XLIV
870 223 897 258 I.
924 221 1150 259 HISTORIA
1175 223 1312 258 ENNII

312 349 438 376 arcem
451 337 620 380 dixisset,
634 338 668 374 et
681 332 897 374 ‘horridam
908 333 1092 383 Africam
1105 335 1268 374 terribili
1280 337 1437 375 tremere
1449 333 1628 375 tumultu'
1644 331 1751 390 (ann.
1769 330 1873 389 310)

311 409 398 434 cum
428 396 532 440 dicit,
555 405 632 442 pro
663 393 779 442 Afris
809 396 989 432 immutat
1011 393 1205 443 Africam.
1237 393 1346 433 Haec
1370 395 1571 444 postrema
1601 397 1640 434 et
1664 396 1736 434 illa
1760 408 1873 446 supe-

310 456 392 493 rius
424 455 548 492 allata
580 453 758 503 exempla
789 454 857 503 qui
887 454 1177 503 recognoverit,
1213 454 1412 504 intelliget
1443 452 1669 493 Ciceronem
1699 454 1873 504 undique

312 527 357 552 ex
388 514 510 551 Ennii
547 512 785 551 carminibus
823 525 895 552 sua
932 513 1074 562 quibus
1110 514 1290 551 uteretur
1327 513 1582 564 congessisse,
1618 514 1678 552 ita
1714 514 1872 564 quidem

311 575 356 611 ut
387 585 520 611 versus
551 571 727 611 heroicos
760 584 848 610 cum
879 573 1042 611 scenicis
1083 573 1274 611 misceret.
1314 571 1489 617 Quorum
1525 574 1571 610 ut
1606 573 1680 611 illa
1717 573 1767 612 ad
1805 586 1871 611 an-

311 632 419 670 nales
450 632 590 669 referri
619 633 743 681 patet,
779 632 839 670 ita
869 632 965 670 haec
998 631 1047 669 ad
1077 631 1319 683 tragoedias:
1350 643 1443 669 usus
1476 633 1536 669 est
1567 633 1713 680 autem,
1750 645 1872 681 quan-

311 693 397 729 tum
422 704 467 729 ex
494 691 681 740 exemplis
707 691 911 742 colligitur
939 688 1049 740 (nam
1072 692 1156 740 ipse
1182 691 1332 728 nullam
1359 686 1609 743 appellavit),
1634 690 1871 740 Alexandro,

311 750 605 798 Andromacha,
642 749 823 799 Hecuba,
865 750 1047 789 Hectoris
1090 751 1225 799 lytris,
1268 749 1473 788 Phoenice.
1529 749 1678 795 Quibus
1723 750 1875 788 accedit

314 810 520 859 Thyestes,
553 810 662 847 cuius
693 811 831 859 postea
862 804 956 861 (55,
979 803 1082 862 184)
1113 810 1353 848 mentionem
1384 809 1498 858 facit,
1531 822 1619 848 cum
1654 810 1875 860 perinsigni

311 868 537 907 testimonio
568 869 665 906 haec
695 868 829 906 tradat
859 869 998 917 lyricos
1027 868 1194 907 Graecos
1220 881 1307 907 eum
1331 871 1448 907 cantu
1471 869 1700 916 spoliaveris
1723 869 1873 907 nudam

305 940 432 975 paene
456 939 653 966 remanere
678 929 908 966 orationem:
938 939 1102 976 quorum
1125 927 1273 966 similia
1296 930 1387 966 sunt
1411 928 1602 976 quaedam
1627 930 1742 966 etiam
1767 928 1874 976 apud

310 990 460 1025 nostros
496 987 599 1025 velut
633 987 705 1025 illa
741 988 785 1025 in
825 987 986 1036 Thyeste
1024 983 1119 1038 [vn]
1158 983 1389 1035 ‘Quemnam
1426 990 1459 1025 te
1497 998 1575 1025 esse
1617 987 1764 1032 dicam,
1806 988 1874 1035 qui

312 1047 428 1085 tarda
458 1047 502 1084 in
531 1042 731 1084 senectute’
765 1049 798 1084 et
827 1058 925 1094 quae
954 1049 1187 1095 sequuntur:
1217 1058 1315 1095 quae
1343 1043 1425 1085 nisi
1455 1058 1542 1084 cum
1577 1047 1714 1085 tibicen
1751 1057 1873 1084 acces-

309 1107 361 1143 sit
402 1106 590 1143 orationis
635 1108 727 1143 sunt
767 1106 914 1144 solutae
955 1106 1168 1144 simillima.
1236 1105 1376 1155 Itaque
1426 1106 1654 1144 testimonio
1706 1106 1873 1153 constat,

312 1164 417 1214 quod
448 1165 569 1202 etiam
601 1165 683 1203 sine
714 1165 816 1203 teste
847 1164 1033 1203 credibile
1064 1166 1161 1208 erat,
1194 1164 1243 1202 ad
1275 1164 1450 1203 tibicinis
1482 1165 1616 1203 modos
1647 1165 1721 1202 hoc
1749 1165 1872 1203 canti-

312 1236 401 1262 cum
432 1224 637 1262 cantatum
668 1236 760 1262 esse.
824 1223 972 1268 Quibus
1006 1224 1110 1273 quod
1141 1223 1252 1262 addit
1283 1226 1513 1262 comicorum
1542 1225 1690 1262 senarii
1713 1226 1874 1271 propter

310 1283 604 1321 similitudinem
639 1284 827 1321 sermonis
863 1285 919 1321 sic
955 1295 1068 1331 saepe
1103 1286 1195 1321 sunt
1225 1283 1378 1328 abiecti,
1414 1286 1458 1321 ut
1485 1294 1778 1331 nonnumquam
1809 1284 1874 1320 via·

310 1344 354 1380 in
390 1343 444 1380 eis
479 1353 664 1380 numerus
702 1345 736 1380 ct
771 1354 904 1380 versus
940 1343 1107 1391 intelleqi
1130 1343 1273 1389 possit,
1311 1343 1484 1381 senarios
1516 1344 1670 1381 constat
1701 1343 1874 1380 caruisse

312 1413 356 1439 eo
402 1400 641 1439 adminiculo
686 1401 790 1450 quod
832 1402 914 1440 illis
957 1401 1132 1440 tibicinis
1175 1401 1282 1439 modi
1326 1401 1551 1439 afferebant.
1602 1401 1783 1450 Denique
1827 1401 1874 1439 de

311 1473 473 1499 numero
517 1461 690 1498 oratorio
730 1473 848 1511 agens
888 1455 1113 1513 (51,171),
1151 1473 1266 1509 quem
1305 1459 1445 1498 Graeci
1481 1460 1634 1510 pridem
1671 1461 1873 1510 cognitum

310 1520 534 1567 habuerint,
564 1520 734 1557 Romani
765 1533 890 1570 nuper
921 1521 1166 1570 agnoverint,
1196 1519 1292 1558 haec
1324 1519 1437 1558 dicit:
1470 1520 1576 1568 Eryo
1602 1520 1735 1558 Ennio
1766 1520 1875 1558 licuit

311 1581 439 1618 vetera
470 1581 720 1617 contemnenti
750 1580 875 1618 dicere
906 1575 918 1593 ‘
931 1579 1112 1618 Versibus
1143 1590 1237 1627 quos
1268 1579 1360 1617 otim
1390 1580 1527 1617 Fauni
1556 1581 1734 1627 vatesque
1764 1590 1874 1617 cane-

312 1634 431 1682 bant’,
461 1639 558 1676 mihi
588 1638 634 1676 de
665 1639 835 1686 antiquis
861 1638 989 1676 eodem
1014 1638 1124 1676 modo
1148 1649 1227 1676 non
1252 1638 1403 1676 licebit?
1425 1639 1658 1685 praesertim
1683 1650 1770 1676 cum
1794 1638 1873 1676 dic-

312 1700 423 1735 turus
459 1708 538 1735 non
573 1698 649 1735 sim
686 1693 790 1735 eante
825 1693 941 1735 hunc’
979 1700 1022 1735 ut
1057 1697 1138 1741 itte,
1174 1708 1243 1735 nec
1279 1709 1376 1744 quae
1411 1699 1624 1744 sequuntur
1662 1692 1746 1734 ‘nos
1783 1698 1872 1734 ausi

316 1752 503 1794 reserare'
542 1750 651 1808 (ann.
683 1769 741 1795 v11
771 1756 817 1794 fr.
850 1751 895 1808 1).
957 1757 1078 1794 Ennii
1114 1756 1290 1794 versibus
1334 1756 1479 1803 utitur,
1521 1757 1566 1793 ut
1609 1754 1647 1802 ἐξ
1692 1753 1872 1794 ἐναντίου

313 1827 424 1853 suam
453 1816 689 1853 sententiam
716 1815 935 1862 confirmet3
969 1817 1024 1853 sic
1050 1816 1156 1853 enim
1181 1816 1319 1853 sentit:
1351 1817 1396 1853 ut
1420 1815 1482 1852 illi
1506 1815 1664 1853 licuerit
1690 1827 1777 1852 cum
1802 1827 1874 1853 sua

314 1874 430 1912 laude
469 1874 666 1912 affirmare
704 1887 744 1912 se
781 1875 953 1924 primum
991 1887 1072 1913 esse
1111 1875 1180 1923 qui
1216 1875 1344 1912 herois
1377 1874 1551 1912 versibus
1582 1886 1653 1923 pro
1686 1873 1873 1911 Saturnio

313 1945 404 1972 usus
435 1935 586 1982 poesim
616 1933 802 1971 Latinam
834 1934 1085 1983 expoliverit,
1116 1934 1175 1971 ita
1212 1933 1286 1971 sibi
1324 1933 1511 1984 denegari
1547 1946 1626 1971 non
1663 1932 1803 1971 debere
1840 1934 1874 1971 si

313 2006 401 2031 cum
438 1993 631 2031 modestia
667 1993 901 2042 profiteatur
937 2005 961 2030 a
999 2005 1039 2030 se
1075 1993 1203 2042 primo
1242 1993 1413 2031 orationi
1450 2005 1658 2030 numerum
1693 2004 1774 2030 esse
1807 1991 1872 2030 ad-

312 2052 493 2090 hibitum.
556 2052 616 2089 De
646 2052 787 2090 iisdem
818 2051 994 2090 versibus
1026 2051 1147 2089 Ennii
1177 2052 1293 2101 plura
1324 2064 1402 2089 non
1432 2052 1474 2089 in
1506 2064 1728 2101 comparem
1759 2064 1873 2089 usum

312 2113 383 2149 aut
413 2111 651 2149 sententiam
676 2110 811 2149 Cicero
844 2111 958 2149 affert
981 2112 1023 2148 in
1048 2111 1173 2149 Bruto
1201 2105 1266 2163 (cf.
1292 2123 1412 2160 supra
1436 2124 1472 2160 p.
1500 2105 1585 2163 xx),
1611 2111 1658 2149 de
1684 2123 1763 2160 quo
1789 2111 1870 2149 iam

312 2170 519 2209 dicendum
551 2171 620 2208 est.

429 2229 477 2267 In
496 2230 621 2268 Bruto
642 2224 695 2282 (a.
720 2224 823 2282 703)
850 2242 938 2268 cum
963 2230 1037 2268 hoc
1063 2231 1197 2279 ageret
1224 2231 1372 2277 auctor,
1398 2231 1443 2267 ut
1463 2230 1711 2278 eloquentiae
1731 2229 1872 2267 Roma-

313 2301 386 2326 nae
422 2289 541 2327 initia
579 2290 618 2327 et
655 2301 884 2340 progressus
921 2302 992 2338 per
1030 2290 1206 2327 aetatum
1244 2288 1422 2326 ordinem
1452 2290 1768 2338 persequeretur,
1807 2288 1873 2326 ad-

314 2348 452 2386 ductus
485 2350 544 2387 est
574 2349 702 2396 simul,
734 2350 780 2386 ut
810 2348 1001 2386 incitante
1034 2349 1081 2386 ut
1111 2348 1269 2386 videtur
1292 2347 1420 2386 Attici
1450 2347 1552 2385 libro
1586 2347 1731 2395 annali,
1764 2348 1874 2386 cuius

314 2407 563 2458 diligentiam
601 2409 641 2445 et
677 2408 895 2445 utilitatem
932 2408 1087 2458 magnis
1119 2406 1301 2445 laudibus
1333 2406 1461 2454 effert,
1499 2407 1620 2444 etiam
1654 2406 1874 2444 vetustissi-

314 2479 468 2504 morum
505 2467 711 2515 poetarum
743 2467 1011 2505 Romanorum
1047 2468 1227 2516 tempora
1257 2466 1321 2503 hic
1352 2466 1436 2504 illic
1466 2465 1700 2514 perturbata
1731 2465 1874 2502 consti-

313 2526 453 2563 tueret.
491 2525 603 2563 Unde
640 2527 736 2563 nata
773 2527 864 2564 sunt
899 2526 972 2563 illa
1007 2526 1236 2564 testimonia
1266 2537 1385 2574 supra
1416 2538 1439 2562 a
1470 2537 1531 2562 me
1562 2525 1604 2562 in
1636 2524 1719 2562 vita
1753 2523 1874 2561 Ennii

316 2584 504 2632 adhibita,
537 2585 678 2634 quibus
711 2597 798 2622 cum
829 2585 990 2622 termini
1021 2586 1128 2622 vitae
1160 2585 1242 2623 eius
1274 2583 1426 2622 definiti
1456 2585 1542 2621 tum
1574 2583 1768 2632 quaedam
1793 2583 1874 2621 alia

315 2644 363 2681 de
392 2656 436 2682 eo
462 2644 663 2692 patefacta
688 2645 788 2682 sunt.
821 2643 885 2681 Ad
911 2657 956 2682 ea
981 2656 1060 2681 non
1086 2645 1145 2682 est
1171 2643 1276 2692 quod
1300 2643 1516 2691 redeamus,
1542 2654 1782 2692 quamquam
1808 2642 1873 2680 do-

315 2704 496 2740 cumento
529 2715 610 2741 esse
640 2704 816 2752 possunt,
853 2704 1002 2752 quanto
1034 2703 1163 2741 studio
1198 2701 1331 2741 Cicero
1364 2703 1503 2740 cuncta
1536 2714 1636 2750 quae
1675 2701 1724 2739 ad
1754 2701 1874 2738 Ennii

316 2762 546 2800 memoriam
576 2763 802 2811 pertineant
833 2762 1020 2811 amplecti
1051 2762 1185 2800 soleat.
1219 2760 1296 2799 Sed
1325 2762 1419 2810 quia
1450 2761 1500 2797 M.
1523 2759 1738 2810 Cethegum
1771 2760 1873 2797 anti-

317 2821 549 2869 quissimum
581 2833 662 2859 esse
693 2822 888 2859 oratorem
919 2821 1156 2870 probaturus
1188 2821 1257 2868 est,
1288 2821 1330 2857 in
1361 2831 1407 2857 ea
1437 2832 1479 2857 re
1510 2820 1600 2858 usui
1624 2820 1715 2857 sunt
1740 2830 1874 2856 versus

316 2880 436 2917 Ennii
468 2879 609 2928 quibus
641 2881 674 2918 is
705 2880 809 2917 hunc
837 2879 1051 2930 Cethegum
1077 2891 1145 2917 suo
1171 2881 1347 2929 tempore
1373 2879 1558 2917 eximium
1584 2879 1780 2915 oratorem
1805 2877 1873 2914 ha-

316 2938 444 2976 bitum
475 2951 557 2977 esse
587 2939 809 2977 luculenter
844 2940 1013 2977 testatus
1045 2940 1114 2977 est.
1154 2938 1272 2986 Quem
1302 2949 1390 2976 vero
1422 2938 1479 2976 ait
1506 2936 1639 2975 Cicero
1672 2930 1760 2989 (15,
1782 2930 1875 2989 57);
