2020 3334
828 216 876 251 M.
898 216 1067 253 CICERO
1582 219 1733 255 XXXIX

171 328 349 366 indicant
386 340 489 377 quae
526 326 655 366 Varro
687 340 729 367 v1
755 328 809 366 83
851 341 896 367 ex
934 329 1159 368 Alexandro
1193 326 1259 382 [11]
1304 331 1434 369 affert:
1478 332 1547 381 qui
1588 332 1732 371 similia

172 389 314 426 etiam·
330 386 378 424 de
415 387 505 425 aliis
542 387 689 436 poetis,
721 386 859 435 Accio,
894 387 1055 436 Plauto,
1095 389 1158 426 hic
1195 390 1278 428 illic
1315 391 1549 429 memoravit
1587 385 1633 444 (v
1666 392 1731 429 98.

175 441 408 499 108.131).
459 445 661 484 Postremo
706 458 753 483 ne
795 446 891 495 quid
931 448 1152 496 omittatur,
1191 448 1363 486 Ennium
1406 449 1563 488 finxisse
1606 450 1733 489 multa

171 507 212 543 in
244 517 432 554 sermone,
463 506 559 543 item
589 504 759 553 Livium,
792 504 919 543 Varro
951 506 1101 544 indicat
1131 519 1220 544 cum
1250 508 1310 546 his
1337 508 1488 547 duobus
1514 509 1732 548 vetustissi-

171 566 245 603 mis
276 566 403 616 poetis
436 565 624 614 exemplis
655 564 783 602 utitur
809 558 855 617 (v
881 559 926 618 9)
958 565 1000 602 in
1024 565 1085 603 his
1112 578 1212 614 quae
1238 567 1375 604 scribit
1398 578 1477 605 non
1503 570 1604 607 enim
1628 569 1730 607 vide-

171 625 285 663 batur
315 627 609 663 consentaneum
641 635 823 671 quaerere
852 635 912 661 me
941 625 985 662 in
1016 635 1057 662 eo
1087 625 1199 662 verbo
1231 626 1331 673 quod
1367 627 1543 672 finxisset
1573 628 1730 666 Ennius

170 696 341 728 causam,
372 684 564 732 neyleqere
594 683 695 731 quod
726 685 814 721 ante
838 694 906 721 rex
930 683 1102 721 Latinus
1127 685 1312 730 finxisset,
1343 696 1430 722 cum
1448 687 1608 733 poeticis
1632 688 1731 724 mul-

170 745 218 782 tis
248 744 374 781 verbis
404 744 529 791 magyis
561 742 719 781 delecter
749 754 866 790 quam
897 745 999 787 utar,
1031 742 1203 790 antiquis
1233 745 1358 792 mayis
1391 746 1480 782 utar
1514 757 1631 792 quam
1668 746 1730 784 de-

169 803 289 840 lecter.
321 801 389 840 An
418 813 497 840 non
520 803 653 850 potius
678 813 764 839 mea
794 802 911 840 verba
941 802 1012 840 illa
1044 814 1141 849 quae
1171 803 1376 841 hereditate
1407 815 1432 841 a
1457 803 1622 841 Romulo
1648 816 1732 853 reqe

169 863 354 900 venerunt
383 873 499 908 quam
530 873 628 909 quae
659 873 684 899 a
708 863 825 908 poeta
855 861 973 899 Livio
1004 861 1165 899 relicta?

289 919 460 959 Varroni
486 921 616 959 aetate
642 921 872 958 coniunctus
898 919 949 957 M.
971 919 1106 958 Cicero
1132 915 1186 973 (a.
1209 916 1459 974 673—711)
1486 934 1573 959 cum
1602 924 1730 960 vetus-

168 980 339 1018 tissimos
370 981 508 1028 poetas
539 979 808 1017 Romanorum
847 991 980 1017 omnes
1013 992 1093 1029 qua
1132 981 1217 1018 erat
1254 981 1407 1029 patriae
1445 981 1611 1019 caritate
1649 983 1728 1020 stu-

168 1039 274 1078 diose
312 1040 452 1087 coluit,
494 1041 581 1077 tum
619 1039 812 1089 singulari
850 1039 985 1077 favore
1022 1040 1253 1088 prosecutus
1292 1041 1351 1078 est
1388 1039 1579 1088 Ennium,
1620 1040 1730 1078 cilius

167 1099 355 1136 memoria
387 1098 464 1135 dici
495 1099 560 1136 vix
592 1099 723 1147 potest
754 1100 948 1147 quantum
980 1098 1121 1137 debeat
1154 1097 1350 1146 Ciceroni,
1388 1099 1457 1148 qui
1488 1112 1566 1137 non
1604 1100 1730 1137 Solum

167 1159 333 1196 maiores
366 1157 557 1207 quasdam
588 1160 721 1207 partes
754 1158 960 1196 continuas
993 1158 1195 1195 annalium
1229 1158 1298 1196 aut
1328 1158 1621 1208 tragoediarum
1653 1171 1729 1197 ser-

167 1218 279 1255 vavit
316 1230 435 1266 quam
473 1219 634 1267 excepto
667 1215 794 1255 Gellio
832 1217 935 1255 ullus
974 1217 1074 1255 alius
1113 1229 1247 1255 eorum
1285 1217 1353 1266 qui
1386 1217 1505 1255 Ennii
1541 1230 1730 1256 memores

166 1277 336 1324 fuerunt,
368 1276 435 1314 sed
467 1276 587 1315 etiam
619 1277 713 1325 quia
746 1289 823 1314 non
854 1278 937 1314 tam
970 1277 1143 1326 syllabas
1175 1277 1238 1314 vel
1272 1276 1419 1314 formas
1450 1277 1729 1315 vocabulorum

166 1336 337 1374 sectatus
371 1337 429 1373 est
461 1348 580 1385 quam
611 1348 672 1373 res
699 1337 737 1373 et
763 1337 989 1383 sententias,
1022 1335 1291 1373 occasionibus
1318 1336 1435 1373 etiam
1464 1336 1607 1385 quibus
1633 1336 1728 1374 elati

167 1396 259 1433 sunt
290 1407 423 1433 versus
456 1394 725 1443 subindicatis,
758 1395 975 1432 carminum
1002 1394 1272 1433 Ennianorum
1298 1396 1531 1445 argumenta
1558 1396 1598 1433 et
1624 1407 1726 1433 com-

165 1454 413 1503 positionem,
445 1454 641 1491 actionem
672 1466 826 1503 quoque
859 1454 1063 1502 scenicam,
1096 1453 1231 1491 multis
1263 1454 1358 1492 locis
1385 1453 1548 1492 clariore
1574 1454 1613 1492 in
1641 1454 1726 1493 luce

167 1513 310 1562 posuit.
362 1512 438 1550 Sed
472 1512 624 1561 Cicero,
662 1513 730 1562 qui
768 1513 809 1550 in
848 1513 917 1550 illa
950 1509 1081 1550 ‘turba
1120 1509 1380 1551 voluminum’
1412 1513 1538 1552 omnis
1575 1514 1728 1564 generis

166 1584 266 1621 quae
305 1572 428 1609 edidit
465 1585 589 1621 paene
621 1584 904 1621 usquequaque
942 1572 1061 1609 Ennii
1100 1585 1248 1610 memor
1286 1574 1344 1610 est
1381 1574 1421 1610 et
1458 1572 1728 1610 Ennianorum

164 1633 391 1681 poematum
429 1631 740 1669 recordationem
781 1643 875 1680 prae
914 1643 954 1669 se
992 1632 1086 1679 fert,
1124 1632 1165 1669 in
1200 1644 1246 1669 ea
1276 1644 1318 1669 re
1350 1633 1528 1670 versatus
1560 1633 1620 1670 est
1650 1644 1727 1670 non

165 1692 210 1728 ut
255 1691 367 1740 quasi
411 1691 692 1741 grammaticus
736 1691 910 1741 integros
955 1702 1089 1729 versus
1134 1694 1172 1729 et
1216 1690 1391 1741 singulas
1429 1703 1564 1729 eorum
1601 1703 1727 1738 voces,

166 1750 335 1800 appictis
374 1750 496 1788 etiam
534 1762 622 1788 cum
660 1763 752 1788 cura
789 1752 929 1799 poetae
968 1751 1125 1787 nomine
1157 1751 1196 1788 et
1233 1749 1325 1787 libri
1355 1750 1474 1788 titulo
1506 1763 1728 1798 numerove,

164 1809 310 1860 legenti
348 1809 642 1858 adnumeraret,
680 1809 747 1847 sed
782 1811 826 1846 ut
856 1811 991 1847 orator
1022 1809 1090 1858 qui
1122 1822 1145 1846 a
1176 1809 1358 1858 plurimis
1390 1809 1642 1858 audiebatur,
1683 1810 1728 1847 ut

165 1869 332 1918 scriptor
369 1869 584 1907 multorum
616 1868 806 1907 librorum
839 1880 935 1918 quos
967 1881 990 1906 a
1022 1869 1157 1906 multis
1190 1869 1269 1918 legi
1302 1868 1504 1918 cupiebat,
1541 1880 1636 1907 usus
1669 1871 1726 1907 est

163 1928 366 1977 popularis
410 1930 549 1978 poetae
593 1928 831 1966 carminibus
879 1930 923 1965 ut
966 1928 1175 1966 admonere
1225 1929 1383 1965 tantum
1433 1927 1558 1966 videri
1607 1928 1727 1966 vellet

163 1987 339 2025 homines
364 1987 584 2025 liberaliter
608 1987 813 2025 institutos
840 2000 975 2025 earum
999 2000 1131 2025 rerum
1157 1999 1201 2024 ac
1228 1988 1541 2035 sententiarum,
1558 2000 1725 2036 quarum

164 2046 241 2096 ipsi
278 2047 443 2097 legendo
481 2048 521 2085 et
558 2046 772 2097 spectando
810 2046 930 2096 periti
969 2048 1098 2085 essent
1135 2048 1174 2084 et
1207 2047 1275 2096 qui
1306 2047 1351 2084 ut
1381 2046 1519 2095 primis
1551 2046 1724 2084 tibicinis

163 2107 266 2144 sonis
299 2106 452 2154 modos,
492 2107 547 2144 sic
578 2107 716 2155 paucis
749 2105 932 2144 delibatis
964 2105 1094 2143 verbis
1132 2105 1358 2144 versibusve
1399 2106 1528 2143 totum
1567 2117 1724 2143 carmen

163 2167 429 2215 agnoscerent.
492 2164 577 2209 Qua
610 2177 655 2202 ex
686 2177 728 2203 re
759 2165 865 2202 ultro
897 2167 1063 2214 apparet
1095 2166 1337 2214 quantopere
1365 2163 1562 2202 Ciceronis
1594 2166 1724 2203 aetate

164 2224 282 2261 Ennii
314 2224 503 2262 memoria
534 2223 686 2274 vigeret
718 2225 757 2261 et
789 2223 838 2261 ab
869 2224 955 2272 ipso
988 2224 1171 2271 aleretur,
1202 2224 1312 2261 cuius
1344 2225 1539 2272 poemata,
1571 2225 1616 2262 ut
1644 2223 1724 2262 Ho-

162 2284 287 2321 ratius
327 2283 374 2321 de
405 2283 557 2321 Naevio
595 2282 714 2331 dixit,
751 2284 792 2320 in
829 2282 1010 2320 manibus
1043 2283 1171 2320 essent
1203 2295 1247 2320 ac
1278 2281 1475 2320 mentibus
1507 2282 1724 2329 haererent,

162 2341 390 2393 tragoediae
429 2343 561 2380 autem
598 2343 640 2379 in
678 2353 793 2380 scena
830 2343 975 2379 iterum
1010 2342 1232 2392 iterumque
1277 2343 1568 2391 spectarentur:
1612 2341 1723 2380 nobis

163 2401 323 2450 quidem
355 2415 401 2440 ex
431 2403 509 2439 isto
541 2414 647 2439 more
679 2400 867 2439 laudandi
898 2400 1096 2439 notissimi
1125 2402 1278 2450 poetae,
1311 2400 1453 2451 quibus
1486 2413 1585 2450 quae
1617 2399 1722 2439 Cice-

162 2461 250 2498 roni
282 2461 496 2510 praeterire
528 2460 672 2499 licebat
703 2472 781 2498 non
813 2459 971 2498 aliunde
1003 2459 1161 2510 cognita
1194 2460 1298 2508 sunt,
1329 2460 1392 2498 hic
1421 2460 1504 2498 illic
1529 2459 1723 2510 ambigui-

161 2521 223 2558 tas
265 2520 458 2569 quaedam
495 2519 745 2570 intelligendi
783 2520 870 2558 orta
906 2521 966 2558 est
1003 2521 1042 2557 et
1083 2519 1189 2558 docti
1219 2519 1395 2557 homines
1428 2531 1722 2569 nonnumquam

162 2580 202 2616 in
235 2591 383 2618 errores
417 2592 456 2617 se
489 2578 617 2629 abripi
649 2578 755 2628 passi
786 2580 888 2616 sunt.

281 2637 358 2676 Sed
389 2639 592 2677 veniamus
624 2638 675 2675 ad
706 2638 878 2689 singula,
910 2651 987 2676 non
1020 2639 1064 2676 ut
1096 2638 1404 2688 complectamur
1434 2638 1584 2685 omnia,
1616 2635 1721 2686 quod

161 2696 245 2734 fieri
277 2710 354 2735 non
386 2699 533 2747 potest,
572 2697 638 2736 sed
670 2699 714 2734 ut
746 2697 931 2747 exemplis
963 2697 1117 2736 selectis
1149 2709 1195 2734 ea
1227 2709 1327 2746 quae
1358 2697 1576 2747 generatim
1614 2695 1720 2732 dicta

161 2758 252 2794 sunt
284 2756 524 2795 enucleatius
557 2756 809 2794 declaremus.

279 2815 324 2852 In
363 2815 606 2854 orationibus
645 2823 721 2852 non
753 2815 880 2853 multa
911 2817 1002 2853 sunt
1035 2815 1233 2862 Enniana,
1267 2814 1334 2852 sed
1367 2816 1494 2851 tamen
1529 2812 1717 2850 nonnulla

161 2886 239 2911 non
271 2875 435 2924 indigna
466 2888 566 2924 quae
598 2874 757 2923 propius
789 2874 1095 2922 considerentur,
1126 2874 1235 2912 velut
1265 2880 1365 2922 quae
1394 2874 1452 2910 est
1477 2883 1547 2920 pro
1575 2871 1718 2908 Archia

161 2935 278 2981 poeta
299 2929 350 2986 (a.
370 2928 473 2986 692)
494 2935 688 2972 invitante
709 2935 911 2971 occasione
932 2946 1008 2972 non
1030 2933 1145 2971 modo
1164 2934 1357 2971 memorat
1375 2932 1510 2980 poetas
1526 2930 1573 2967 ab
1590 2930 1718 2967 Ennio

1711 3043 1715 3066 i
