2020 3334
874 183 941 218 EN
942 183 976 218 N
978 183 1011 218 Π
1036 183 1151 219 VITA
1732 187 1795 223 VII

236 294 473 333 clarissimus
504 296 671 333 mortem
703 295 874 334 obiisset.
936 294 1008 335 Cui
1039 296 1249 336 memoriae
1282 298 1432 337 accedit
1463 299 1590 337 altera
1621 299 1793 339 eiusdem

237 353 433 393 Ciceronis
460 353 528 403 qui
555 353 745 393 Catonem
769 355 810 393 in
836 355 995 406 dialogo
1021 355 1069 393 de
1095 358 1294 396 senectute
1321 352 1380 411 (5,
1403 352 1475 411 14)
1508 358 1566 396 ita
1592 358 1639 397 de
1666 358 1792 398 Ennio

235 413 411 452 versibus
443 413 525 452 eius
558 414 605 452 de
637 415 836 452 senectute
868 409 976 467 (ann.
998 427 1057 452 ΧΠ
1076 415 1122 453 fr.
1142 410 1203 468 v1)
1229 416 1455 455 memoratis
1481 418 1710 467 loquentem
1734 418 1792 456 in-

235 472 346 511 duxit
377 474 463 521 equi
493 474 605 521 fortis
637 476 671 512 et
705 475 860 513 victoris
886 475 1067 513 senectuti
1104 478 1303 523 comparat
1331 488 1465 514 suam.-
1501 489 1611 525 quem
1641 478 1794 526 quidem

227 533 348 580 probe
377 533 595 571 meminisse
618 533 796 580 potestis,
827 544 930 571 anno
962 534 1063 571 enim
1098 534 1379 573 undevicesimo
1402 539 1494 583 post
1524 537 1605 574 eius
1635 540 1794 576 mortem

233 592 274 630 hi
316 592 489 630 consules
535 592 576 630 Τ.
614 591 868 630 Flamininus
912 594 946 630 et
981 593 1048 630 Μ’
1078 591 1232 631 Acilius
1270 588 1324 646 (h.
1357 607 1387 632 6.
1422 608 1454 632 3.
1486 608 1522 632 u.
1559 590 1662 648 604)
1698 598 1794 644 facti

232 653 334 696 simt,
353 651 418 690 ille
437 653 565 690 autem
587 649 777 699 Caepione
797 654 830 689 et
847 651 1028 699 Philippo
1047 652 1187 690 iterum
1206 653 1426 691 consulibus
1447 648 1501 706 (h.
1523 667 1552 692 e.
1576 668 1608 691 a.
1629 668 1665 691 u.
1688 651 1791 708 585)

233 713 407 748 mortuus
438 713 502 755 est,
539 722 625 749 cum
657 721 721 758 690
752 711 919 759 quinque
950 713 984 749 et
1012 713 1214 760 seaeaqmta
1245 723 1368 750 annos
1398 715 1515 751 natus
1547 707 1602 766 (h.
1636 726 1667 751 e.
1698 714 1793 752 item

234 781 257 807 a
306 782 344 806 u.
379 770 476 817 585,
517 768 612 818 quia
651 770 770 807 natus
808 771 893 807 erat
923 782 957 808 a.
992 767 1093 819 520)
1128 771 1245 820 leyem
1283 771 1491 810 Voconiam
1527 784 1671 821 mayna
1707 784 1793 812 voce

233 831 267 866 et
297 829 405 866 bonis
436 829 621 867 lateribus
651 830 772 867 suasi.
803 829 870 867 sed
901 840 1025 867 annos
1055 831 1300 878 septuayinta
1330 833 1447 868 natus
1479 830 1549 878 (tot
1573 833 1673 870 enim
1697 833 1794 871 vixit

232 887 409 936 Ennius)
446 889 503 926 ita
538 888 685 936 ferebat
721 888 796 926 duo
834 900 932 936 quac
964 889 1138 927 maxima
1161 892 1356 937 putantur
1386 901 1505 928 onera
1522 894 1792 938 paupertatem

232 949 266 985 et
307 949 542 992 senectutem,
585 949 627 985 ut
670 948 723 986 eis
753 959 880 995 paene
918 948 1098 986 delectari
1133 948 1380 997 videretur-3⁶)
1442 949 1696 999 Perspicuum
1733 952 1792 988 est

232 1006 499 1056 compluribus
542 1006 698 1044 indiciis
745 1006 849 1044 inter
898 1018 937 1044 se
988 1007 1321 1046 consentientibus
1369 1008 1531 1047 eundem
1576 1021 1599 1046 a
1644 1008 1791 1048 Catone

233 1078 378 1103 annum
428 1065 505 1104 dici
548 1066 618 1115 qui
661 1066 720 1103 est
763 1066 871 1116 apud
915 1065 1139 1104 Ciceronem
1182 1067 1223 1104 in
1265 1067 1409 1116 Bruto,
1453 1069 1492 1105 et
1530 1067 1590 1106 his
1634 1068 1792 1117 quidem

230 1124 466 1164 testimoniis
492 1137 581 1163 cum
608 1137 755 1163 annum
779 1125 917 1163 mortis
937 1127 1022 1163 tum
1047 1139 1118 1175 per
1136 1126 1391 1176 septuaginta
1410 1139 1602 1165 annorum
1621 1129 1791 1166 aetatem

231 1184 352 1222 etiam
396 1197 541 1222 annum
582 1185 756 1223 natalem
796 1185 1010 1223 certissime
1053 1185 1251 1223 constitui.
1321 1185 1432 1223 Nihil
1474 1198 1553 1235 quo
1591 1191 1704 1224 utare
1746 1199 1791 1224 ex

233 1243 348 1282 Gellii
391 1243 539 1281 tabulis
583 1243 870 1295 chronologicis
914 1243 1134 1294 percipitur
1172 1256 1269 1293 quas
1308 1257 1392 1283 xvn
1420 1246 1493 1293 21,
1526 1246 1579 1283 49
1620 1245 1790 1296 exponit,

232 1302 300 1352 qui
344 1315 367 1340 a
410 1303 609 1353 legatione
653 1303 977 1352 philosophorum
1018 1303 1067 1341 ab
1111 1303 1419 1341 Atheniensibus
1463 1304 1628 1342 Romam
1672 1305 1790 1342 missa

231 1357 369 1415 (quam
412 1363 552 1400 notum
596 1364 655 1400 est
697 1362 738 1400 in
771 1374 803 1399 a.
837 1376 872 1399 u.
908 1363 990 1400 599
1037 1362 1190 1410 cadere)
1228 1363 1288 1400 ita
1324 1362 1453 1412 pergit
1489 1375 1609 1410 neque
1651 1375 1790 1411 mayno

229 1422 432 1459 intervallo
462 1424 599 1469 postea
638 1421 679 1470 Q.
717 1422 876 1459 &intus
914 1424 947 1459 et
976 1423 1086 1459 iuxta
1121 1421 1311 1460 Caecilius
1343 1424 1377 1460 et
1411 1421 1608 1460 Terentius
1640 1425 1673 1460 et
1702 1423 1790 1460 sub-

229 1481 319 1518 inde
345 1483 379 1519 et
401 1481 597 1519 Pacuvius
629 1484 663 1519 et
685 1481 856 1519 Pacuvio
887 1482 968 1519 iam
998 1492 1085 1519 sene
1110 1479 1253 1519 Accius
1285 1481 1499 1529 clariorque
1524 1484 1614 1519 tunc
1637 1483 1680 1519 in
1698 1493 1789 1529 poe-

229 1541 344 1578 matis
382 1551 512 1578 eorum
549 1540 804 1579 obtrectandis
835 1539 1016 1578 Lucilius
1053 1541 1145 1588 fuit,
1182 1540 1224 1577 in
1257 1539 1399 1589 quibus
1432 1541 1624 1589 quantum
1654 1553 1789 1589 pecca-

229 1600 317 1636 tum
348 1598 400 1636 sit
430 1612 508 1637 non
541 1600 599 1637 est
630 1599 736 1648 quod
767 1599 958 1637 curiosius
991 1599 1216 1648 explicetur.

348 1655 620 1708 Rudinum**)
665 1658 771 1707 quod
815 1657 947 1696 Cicero
986 1657 1158 1695 Ennium
1197 1660 1236 1696 et
1276 1657 1459 1696 Cicerone
1497 1660 1598 1696 teste
1638 1658 1788 1697 Ennius

231 1719 355 1755 semet
385 1717 469 1766 ipse
502 1717 602 1755 dixit
640 1711 747 1770 (ann.
774 1729 832 1754 ΧΗ
857 1718 902 1755 fr.
929 1729 971 1756 1v
997 1718 1036 1755 et
1061 1713 1165 1769 vm),
1202 1716 1342 1755 Rudiis
1374 1718 1511 1754 natum
1548 1718 1789 1768 intelligunt,

228 1777 270 1814 id
302 1777 407 1827 quod
437 1789 526 1815 cum
558 1777 653 1815 alibi
683 1776 878 1825 tradatur,
909 1777 1020 1814 velut
1051 1789 1074 1814 a
1107 1775 1205 1815 Silio
1237 1776 1377 1814 Italico
1410 1789 1454 1814 eo
1480 1777 1564 1814 loco
1592 1789 1706 1825 quem
1730 1778 1788 1814 in-

229 1837 291 1874 fra
322 1836 514 1884 indicavi,
545 1838 631 1874 tum
658 1850 681 1875 a
708 1835 918 1883 Strabone,
950 1836 1019 1885 qui
1044 1835 1110 1873 lib.
1143 1848 1184 1875 VI
1215 1835 1306 1873 inde
1338 1848 1361 1873 a
1389 1836 1425 1883 3,
1447 1836 1470 1873 5
1497 1849 1533 1885 p.
1563 1835 1685 1873 2810
1718 1834 1788 1885 τὴν

229 1900 306 1934 τῶν
340 1889 541 1947 Ἰαπύγων
579 1894 708 1946 χώραν
746 1895 985 1943 describens,
1024 1907 1111 1932 cum
1148 1895 1196 1933 de
1233 1896 1400 1933 traiectu
1439 1897 1575 1944 ageret
1611 1895 1680 1943 qui
1715 1895 1787 1933 Ta-

229 1956 385 1993 rentum
410 1955 515 1993 inter
540 1956 578 1993 et
603 1954 859 1993 Brundisium
885 1956 997 2002 esset,
1027 1955 1087 1992 ita
1112 1954 1249 1993 scribit
1272 1951 1458 1992 ἐντεῦθεν
1485 1951 1525 1992 δὲ
1555 1952 1788 2005 τηρήσαντες

229 2012 357 2066 φορὸν
399 2019 557 2065 πνεῦμα
594 2011 825 2066 προσέχουσι
861 2017 942 2060 τοῖς
986 2010 1056 2064 μὲν
1093 2012 1357 2060 Βρεντεσίνων
1397 2010 1564 2063 λιμέσιν,
1607 2010 1788 2063 ἐκβάντες

230 2070 271 2112 δὲ
308 2072 512 2120 πεζεύουσι
549 2072 841 2125 συντομώτερον
877 2070 953 2111 ἐπὶ
986 2069 1172 2111 Ῥοδιῶν
1209 2070 1385 2117 πόλεως
1418 2068 1710 2121 Ἑλληνίδος,
1742 2069 1785 2117 ἐξ

229 2126 282 2183 ἧς
308 2127 364 2184 ἦν
391 2130 411 2171 ὃ
436 2129 860 2182 ποιητὴςἜννιος,
886 2133 1083 2182 situmque
1109 2131 1216 2169 urbis
1242 2131 1360 2180 paulo
1387 2131 1476 2179 post
1495 2124 1554 2182 (3,
1577 2130 1599 2167 6
1620 2143 1657 2179 p.
1681 2125 1784 2182 282)

230 2193 451 2230 accuratius
476 2192 550 2229 1106
575 2190 690 2229 1110ᾶο
717 2190 855 2228 definit
879 2189 925 2228 τὰ
952 2188 1022 2241 μὲν
1047 2188 1089 2228 ἐν
1114 2193 1166 2244 τῷ
1198 2189 1386 2244 παράπλῳ
1417 2188 1596 2240 πολίχνια
1627 2187 1787 2240 εἴρηται,

228 2249 277 2289 ἐν
325 2247 372 2289 δὲ
412 2255 464 2304 τῇ
511 2250 737 2303 μεσογαίᾳ
773 2246 943 2287 Ῥοδίαι
989 2247 1034 2287 τέ
1078 2248 1168 2287 εἰσι
1213 2246 1279 2286 καὶ
1318 2247 1497 2286 Λουπίαι
1541 2246 1607 2286 καὶ
1647 2246 1786 2299 μικρὸν

229 2306 326 2361 ὑπὲρ
363 2314 432 2359 τῆς
470 2308 665 2359 θαλάττης
693 2302 947 2361 Ἀλητία.***)
1010 2307 1085 2352 Qui
1117 2319 1213 2357 quas
1245 2307 1470 2357 potissimas
1502 2319 1584 2345 esse
1615 2306 1696 2344 eius
1727 2319 1786 2344 re-

229 2368 356 2420 gionis
388 2369 503 2407 urbes
535 2368 649 2417 dicit,
689 2368 904 2406 Tarentum
935 2369 975 2405 et
1005 2367 1289 2415 Brundusium,
1322 2379 1456 2405 earum
1487 2367 1654 2404 virtutes
1685 2366 1786 2403 inter

347 2530 380 2575 ³¹²)
405 2529 563 2564 Dubites
595 2541 684 2563 num
715 2528 808 2563 haec
840 2528 887 2562 ad
919 2527 1126 2563 orationem
1157 2527 1269 2562 Ennii
1300 2526 1456 2562 redeant
1486 2525 1524 2560 in
1556 2537 1630 2570 qua
1662 2524 1693 2559 is
1725 2535 1782 2559 ex-

228 2578 347 2611 trema
378 2576 456 2612 vita
489 2577 535 2611 de
560 2577 783 2622 paupertate
815 2586 883 2610 sua
915 2576 952 2610 et
981 2576 1171 2610 senectute
1197 2573 1342 2610 dixerit.
1394 2573 1499 2609 Certe
1524 2573 1615 2607 haec
1641 2572 1784 2606 diversa

229 2626 316 2658 sunt
342 2624 387 2659 ab
413 2624 489 2659 illis
516 2624 563 2658 de
589 2623 675 2668 equi
701 2624 892 2658 senectute
918 2633 1014 2667 quae
1040 2622 1135 2657 dixit
1161 2621 1261 2656 Cato.

322 2671 374 2717 **)
400 2672 593 2707 Rudinum
622 2670 827 2716 appellavit
852 2669 1013 2704 Ennium
1038 2669 1224 2704 Ausonius
1256 2679 1402 2713 quoque
1434 2669 1532 2711 (ann.
1559 2668 1640 2710 575)
1673 2666 1710 2699 et
1739 2675 1782 2698 ex

229 2718 404 2754 Cicerone
430 2719 654 2754 scholiastae
681 2717 769 2752 eius.
1714 2759 1720 2764 ⁸

311 2766 377 2811 ***)
403 2766 628 2811 Pomponius
654 2764 754 2799 Mela
785 2776 868 2799 cum
900 2763 1030 2799 scribit
1055 2777 1081 2798 11
1101 2767 1141 2806 4,
1167 2775 1202 2808 p.
1224 2766 1283 2805 48,
1298 2766 1339 2796 12
1366 2761 1489 2796 Parth.
1520 2764 1599 2803 post
1624 2759 1781 2793 Barium

228 2817 261 2848 et
288 2814 429 2849 Gnatia
454 2818 486 2848 et
511 2813 664 2848 Ennio
689 2812 780 2847 cive
805 2812 976 2847 nobiles
1002 2811 1194 2853 Rudiae,
1227 2814 1259 2845 et
1289 2810 1363 2844 iam
1394 2809 1435 2843 in
1461 2806 1631 2842 Calabria
1657 2806 1779 2858 Brun-

227 2861 374 2904 disium,
406 2861 597 2904 Valetium,
623 2860 769 2904 Lupiae
795 2870 858 2903 eqs
885 2858 1001 2893 alium
1026 2858 1147 2892 locum
1172 2857 1230 2891 vel
1256 2856 1333 2891 eius
1366 2854 1493 2899 oppidi
1525 2852 1639 2887 alium
1670 2853 1780 2886 eitum

232 2907 429 2953 designare
453 2907 547 2942 mihi
571 2918 646 2942 non
671 2906 826 2942 videtur.
855 2905 1024 2941 Ceterum
1050 2904 1095 2940 cf.
1116 2904 1210 2939 Plin.
1231 2905 1306 2938 nat.
1326 2902 1410 2937 hist.
1433 2913 1473 2935 111
1488 2902 1660 2934 99—102.
