2054 3282
683 206 943 243 ANNALIUM
969 207 1055 241 L1B.
1077 206 1167 242 INC.
1665 206 1691 248 9
1699 207 1719 247 1

865 324 1019 360 XXXVI

162 387 248 429 499
282 386 494 428 Tonsillas
520 386 706 441 rapiunt,
733 387 954 443 configunt
984 386 1100 442 litus,
1126 386 1311 429 aduncas

852 490 1024 526 XXXVII

163 552 251 594 500
282 551 476 594 Moribus
509 551 695 606 antiquis
721 566 787 593 res
814 554 900 593 stat
924 551 1118 593 Romana
1142 551 1342 607 virisque.

847 655 1036 691 XXXVIII

166 717 249 760 501
286 717 557 774 Septingenti
583 720 683 759 sunt
707 718 836 772 paulo
862 717 959 771 plus
986 720 1060 758 aut
1085 718 1225 760 minus
1252 719 1364 773 anni,

281 788 480 845 Augusto
507 789 686 845 augurio
713 791 942 844 postquam
969 788 1118 831 inclita
1144 789 1315 831 condita
1341 789 1478 831 Roma
1503 793 1577 831 est.

282 923 434 958 XXXVI
454 924 548 970 (499)
580 923 744 958 Isidorus
759 923 848 969 orig.
863 936 925 958 xxx
940 927 971 967 2,
989 927 1031 958 14
1049 924 1221 959 ‘tonsilla
1240 924 1399 959 uncinus
1420 924 1560 960 ferreus
1580 924 1637 959 vel
1657 924 1726 970 lig-

164 989 266 1021 neus,
289 978 337 1011 ad
358 988 467 1022 quem
493 977 532 1012 in
552 977 660 1012 litore
687 977 847 1012 defixum
872 977 979 1012 funes
1005 977 1156 1012 navium
1181 977 1393 1024 illigantur:
1422 978 1467 1012 de
1494 989 1566 1022 quo
1587 977 1727 1012 Ennius

164 1031 357 1068 «tonsillas
377 1031 530 1076 rapiunt
550 1031 655 1076 (haec
674 1031 772 1076 vulg.
795 1042 839 1065 ex
866 1031 968 1074 dett,
988 1031 1381 1076 tonsillasapiunt
1400 1031 1512 1066 Wolf.
1533 1031 1729 1065 tonsilla

164 1084 352 1130 sapiunt
371 1084 492 1127 Bern.)
509 1113 514 1118 .
532 1112 538 1118 .
554 1084 719 1119 aduncas
734 1084 852 1130 (Bern.
870 1084 1094 1119 aduncius
1108 1084 1287 1130 Wolf.)».’
1406 1084 1457 1119 Cf.
1473 1084 1611 1119 Paulus
1628 1084 1729 1119 Festi

165 1150 200 1183 p.
217 1141 295 1180 281,
314 1141 356 1172 13
370 1137 436 1172 Th.
455 1138 465 1155 ‘
475 1137 684 1183 prymesius
703 1137 822 1182 palus,
845 1137 893 1172 ad
908 1148 1019 1182 quem
1032 1137 1131 1172 funis
1145 1137 1317 1172 nauticus
1331 1137 1525 1183 religatur,
1539 1148 1649 1182 quem
1663 1137 1729 1172 alii

163 1191 370 1227 tosillam
394 1191 550 1226 dicunt?
571 1191 675 1226 Idem
694 1203 729 1236 p.
746 1194 824 1233 539,
841 1195 860 1225 9
876 1191 942 1225 Th.
967 1191 1140 1226 ‘tonsilla
1159 1191 1268 1236 palus
1289 1191 1437 1226 dolatus
1458 1191 1496 1225 in
1517 1201 1673 1225 acumen
1692 1192 1730 1225 et

164 1244 318 1289 cuspide
343 1244 605 1289 praeferratus,
631 1244 695 1289 qui
721 1244 825 1279 navis
852 1243 1071 1289 religandae
1098 1255 1211 1279 causa
1235 1244 1275 1279 in
1299 1244 1410 1279 litore
1436 1244 1573 1289 figitur.
1594 1243 1728 1279 Accius

167 1299 248 1343 (574
262 1298 319 1343 R.)
335 1299 480 1334 «tacete
501 1299 538 1332 et
557 1297 727 1333 tonsillas
747 1297 860 1333 litora
879 1297 918 1331 in
938 1297 1036 1332 lecta
1056 1298 1155 1333 edite
1165 1298 1212 1334 ».'
1234 1298 1365 1332 Festus
1382 1298 1392 1314 ‘
1404 1319 1447 1323 —
1463 1319 1506 1323 —
1523 1299 1629 1343 (ess)e
1640 1297 1729 1332 Ver-

165 1351 241 1386 rius
261 1350 390 1396 palum
411 1351 578 1386 dolatum
595 1351 599 1398 1
617 1373 660 1377 —
677 1373 720 1377 —
735 1351 889 1396 cuspide
908 1350 1189 1395 praeferratum,
1205 1352 1247 1385 ut
1261 1350 1370 1386 existi
1388 1350 1391 1398 Ι
1409 1372 1452 1376 -
1468 1372 1511 1376 -
1527 1351 1612 1396 (e)m
1630 1362 1729 1385 cum-

165 1405 231 1450 figi
256 1405 296 1439 in
321 1405 431 1439 litore
457 1404 561 1440 navis
582 1415 620 1439 re
639 1404 642 1451 Ι
660 1426 702 1430 ——
725 1406 902 1451 (c)a(usa).
924 1404 1107 1439 Pacuvius
1133 1404 1172 1439 in
1192 1404 1316 1439 Medio
1337 1405 1419 1449 (218
1433 1404 1490 1447 R.)
1512 1414 1648 1440 «acces
1665 1404 1669 1451 1
1687 1425 1728 1430 ——

166 1459 276 1503 (ea)m
295 1459 333 1492 et
352 1457 515 1492 tosillam
535 1457 623 1503 pegi
643 1458 743 1493 laeto
763 1458 802 1493 in
820 1458 930 1493 litore
948 1458 951 1504 Ι
969 1479 1012 1483 -
1028 1457 1225 1503 (Phi)nidis
1241 1459 1386 1494 «tacete
1400 1458 1438 1492 et
1450 1457 1623 1492 tonsillas
1642 1456 1727 1503 lit01

165 1532 209 1537 ——
232 1511 328 1556 (edo)
349 1511 499 1547 edite».’
522 1510 574 1546 Cf.
590 1511 840 1546 Mommsenus
856 1511 958 1546 Festi
978 1511 1056 1546 cod.
1073 1512 1174 1556 quat.
1189 1524 1251 1547 xw
1271 1513 1342 1545 act.
1358 1511 1462 1546 acad.
1476 1514 1611 1546 a.1864
1624 1523 1660 1556 p.
1674 1514 1728 1545 64.

165 1564 219 1599 De
234 1566 277 1599 to
287 1564 364 1598 sill
374 1574 395 1597 a
409 1566 446 1599 et
459 1566 536 1599 ton
546 1564 654 1599 silla
667 1564 796 1599 formis
811 1565 891 1611 agit
903 1564 998 1599 Guil.
1010 1564 1230 1599 Schmitzius
1241 1576 1333 1599 mus.
1345 1564 1462 1599 Rhen.
1475 1577 1537 1599 xm
1549 1576 1584 1609 p.
1595 1568 1664 1599 486
1676 1575 1728 1609 sq.

284 1617 452 1651 XXXVII
466 1619 561 1663 (500)
588 1618 820 1663 Augustinus
836 1618 882 1653 de
897 1618 963 1653 civ.
980 1617 1040 1652 dei
1054 1631 1081 1652 11
1096 1621 1136 1652 21
1153 1630 1188 1662 p.
1204 1621 1261 1661 81,
1277 1621 1321 1652 30
1336 1617 1466 1652 Domb.
1485 1618 1495 1634 ‘
1506 1617 1603 1652 sicut
1617 1617 1731 1652 etiam

166 1671 246 1715 ipse
260 1670 404 1705 Tullius
419 1681 493 1705 11011
508 1670 691 1716 Scipionis
711 1682 779 1706 nec
800 1671 1019 1716 cuiusquam
1040 1671 1194 1706 alterius
1216 1671 1280 1706 sed
1301 1682 1366 1706 suo
1388 1681 1555 1706 sermone
1574 1671 1730 1715 loquens

164 1724 204 1758 in
228 1723 413 1768 principio
441 1723 562 1769 quinti
587 1723 675 1759 libri
696 1724 755 1770 (de
774 1725 993 1770 republica)
1015 1725 1302 1759 commemorato
1331 1724 1435 1769 prius
1461 1723 1572 1758 Ennii
1597 1725 1732 1769 poetae

166 1788 284 1820 versu,
306 1788 378 1822 quo
400 1777 545 1812 dixerat
565 1777 752 1814 «moribus
773 1788 804 1812 a.
826 1789 883 1814 res
904 1780 980 1814 stat
1006 1779 1173 1825 (restat
1193 1777 1298 1813 Col-b.
1316 1790 1362 1812 m.
1381 1779 1451 1823 pr.)
1471 1777 1513 1812 R.
1534 1777 1732 1822 virisque»,

166 1841 276 1875 quem
302 1830 453 1875 quidem
478 1830 543 1866 ille
568 1841 724 1875 versum,
750 1831 883 1877 inquit,
910 1832 969 1867 vel
994 1832 1178 1867 brevitate
1203 1831 1261 1866 vel
1287 1830 1443 1867 veritate
1469 1833 1662 1875 tamquam
1688 1841 1732 1865 ex

167 1883 315 1919 oraculo
336 1884 499 1928 quodam
518 1884 611 1919 mihi
631 1896 710 1919 esse
731 1884 865 1920 effatus
885 1886 1058 1921 videtur.’
1079 1885 1124 1920 de
1145 1885 1224 1920 eius
1244 1895 1369 1919 versus
1390 1884 1578 1919 sententia
1598 1884 1733 1919 deinde

165 1937 275 1982 plura
295 1937 518 1982 exsequitur.
623 1938 822 1973 Vulcacius
844 1939 1059 1974 Gallicanus
1073 1939 1180 1974 Avid.
1197 1938 1295 1973 Cass.
1312 1942 1343 1980 5,
1361 1941 1379 1972 7
1401 1949 1445 1972 ex
1471 1937 1634 1982 epistula
1657 1937 1732 1971 divi

166 1990 283 2025 Marci
299 1991 309 2007 ⁶
319 2001 439 2035 neque
453 1990 551 2025 enim
565 1991 704 2026 milites
718 1991 798 2038 regi
811 1993 968 2037 possunt
981 1992 1054 2026 nisi
1067 1993 1190 2027 vetere
1207 1991 1417 2036 disciplina.
1440 1990 1510 2025 scis
1537 1990 1636 2024 enim
1654 2001 1732 2025 ver-

167 2055 248 2078 sum
274 2055 296 2078 a
321 2044 418 2079 bono
443 2046 556 2088 poeta
583 2044 724 2079 dietum
747 2046 785 2080 et
807 2045 979 2080 omnibus
1004 2045 1282 2090 frequentatum
1303 2043 1495 2080 «moribus
1519 2054 1551 2078 a.
1572 2054 1630 2078 res
1657 2044 1733 2078 stat

169 2097 335 2141 (restat
355 2097 483 2131 Bamb.
499 2098 537 2131 et
555 2109 602 2131 m.
618 2109 672 2141 pr.
687 2097 822 2143 Palat.)
842 2098 884 2132 R.
901 2098 1113 2143 virisque».'

287 2149 473 2183 XXXVIII
488 2151 583 2194 (501)
610 2149 728 2184 Varro
747 2161 815 2185 rer.
830 2152 919 2185 rust.
930 2164 977 2199 ¹111
993 2155 1053 2194 1,2
1071 2151 1081 2168 ‘
1092 2150 1230 2185 etenim
1245 2149 1538 2186 vetustissimum
1553 2149 1732 2195 oppidum

169 2215 252 2237 cum
278 2202 327 2237 sit
349 2202 531 2237 traditum
551 2202 732 2238 Graecum
752 2203 930 2239 Boeotiae
950 2204 1110 2246 Thebae,
1133 2203 1233 2248 quod
1252 2214 1314 2238 rex
1337 2202 1486 2249 Ogygos
1514 2203 1732 2246 aedificarit,

167 2256 207 2290 in
228 2267 317 2302 agro
337 2256 504 2290 Romano
524 2256 643 2291 Roma
669 2268 782 2301 quam
801 2257 979 2292 Romulus
1000 2268 1078 2292 rex:
1106 2268 1192 2291 nam
1219 2257 1257 2291 in
1277 2256 1347 2291 hoc
1367 2268 1465 2292 nunc
1485 2256 1646 2301 denique
1666 2258 1731 2299 est,

168 2311 211 2345 ut
230 2309 305 2344 diei
324 2309 454 2354 possit,
468 2320 542 2344 non
557 2321 641 2344 cum
655 2310 795 2345 Ennius
810 2310 960 2355 scripsit
974 2310 1228 2356 «septingenti
1244 2338 1249 2343 .
1267 2338 1273 2343 .
1291 2338 1296 2343 .
1312 2310 1431 2344 Roma
1451 2311 1541 2345 est».
1558 2310 1570 2329 ³
1583 2310 1733 2344 Thebae

170 2373 266 2407 quae
294 2364 380 2397 ante
407 2362 660 2408 cataclysmon
686 2363 809 2409 Ogygi
836 2364 1009 2398 conditae
1036 2364 1220 2406 dicuntur,
1242 2374 1308 2398 eae
1334 2364 1460 2398 tamen
1487 2363 1634 2399 circiter
1660 2363 1732 2398 duo

168 2415 274 2451 milia
294 2427 474 2451 annorum
494 2417 532 2450 et
551 2417 699 2451 centum
720 2417 831 2451 sunt’
932 2417 1128 2452 Suetonius
1143 2416 1268 2452 Octav.
1287 2420 1304 2450 7
1323 2417 1385 2451 ‘ut
1398 2416 1588 2462 Augustus
1607 2416 1732 2462 potius

170 2470 362 2504 vocaretur
381 2480 454 2504 non
473 2470 621 2504 tantum
641 2481 733 2504 novo
755 2471 819 2504 sed
840 2470 955 2505 etiam
975 2470 1153 2515 ampliore
1174 2469 1403 2516 cognomine,
1425 2470 1525 2515 quod
1541 2470 1624 2505 loca
1644 2481 1733 2515 quo-

171 2533 243 2567 que
261 2522 438 2568 religiosa
457 2524 495 2557 et
514 2522 552 2556 in
573 2522 708 2567 quibus
729 2524 911 2568 augurato
932 2523 1022 2568 quid
1043 2525 1279 2558 consecratur
1304 2524 1465 2569 augusta
1491 2523 1665 2558 dicuntur
1685 2523 1732 2557 ab

171 2577 284 2610 auctu
305 2575 364 2610 vel
387 2575 435 2610 ab
456 2576 578 2610 avium
599 2578 707 2622 gestu
727 2578 894 2622 gustuve,
916 2576 1012 2611 sicut
1031 2576 1145 2612 etiam
1164 2576 1305 2612 Ennius
1332 2576 1441 2611 docet
1461 2576 1624 2612 scribens
1645 2587 1733 2613 «au-

171 2630 281 2674 gusto
297 2629 479 2663 ...Roma
497 2630 602 2664 est».'
625 2629 726 2664 Haec
746 2630 934 2674 postrema
955 2640 976 2664 a
996 2629 1113 2675 quod
1134 2629 1257 2665 aliena
1276 2641 1390 2665 manu
1411 2629 1647 2665 Suetonianis
1668 2629 1732 2663 ad-

172 2692 267 2716 nexa
286 2692 366 2716 esse
386 2683 566 2718 statuunt.

292 2818 375 2857 499
404 2818 585 2857 tonsillas
611 2818 687 2856 dici
713 2817 884 2856 aduncas
909 2819 991 2866 ipse
1015 2820 1302 2867 interpretando
1324 2819 1515 2867 patefacit
1539 2818 1731 2862 Isidorus,

172 2888 240 2914 nec
264 2877 422 2925 impedit
438 2879 591 2925 positus
618 2872 684 2929 (cf.
697 2888 866 2925 prooem.
883 2875 992 2914 1880
1004 2891 1046 2927 Ρ.
1063 2887 1109 2926 17
1128 2881 1162 2917 et
1180 2874 1369 2926 1886s87
1385 2890 1427 2926 1⁹-
1444 2875 1492 2913 18
1507 2871 1587 2930 n.)‚·
1612 2876 1729 2915 confi-

173 2936 273 2985 gunt
296 2935 390 2975 litus
409 2939 453 2975 ut
476 2936 678 2987 configunt
701 2948 880 2986 parmam
902 2946 981 2984 402

1769 2968 1773 2996 2
