2054 3282
293 193 379 234 216
987 179 1138 214 VARIA

1041 296 1092 331 IV

292 369 344 410 21
410 366 446 408 A
472 365 559 407 sole
586 362 801 405 exoriente
827 373 953 414 supra
978 357 1160 399 Maeotis
1186 355 1362 411 paludes

464 434 601 477 Nemo
628 435 692 475 est
717 431 791 487 qui
816 430 940 472 factis
966 428 1240 483 aequiperare
1267 429 1405 481 queat.

291 508 346 550 23
408 506 453 549 Si
479 506 542 546 fas
567 503 675 546 endo
700 502 848 557 plagas
875 499 1103 542 caelestum
1130 498 1356 540 ascendere
1382 497 1581 552 cuiquam
1607 499 1683 552 est,

467 575 528 618 Mi
555 574 636 616 soli
662 572 767 615 caeli
792 571 978 613 maxima
1009 572 1134 625 porta
1159 571 1287 624 patet.

288 740 437 785 quidem
458 738 571 773 etiam
591 737 768 780 Haasius;
795 745 921 780 opem
945 735 1071 769 autem
1089 733 1218 768 multis
1239 732 1346 768 annis
1365 734 1452 778 post
1470 733 1682 779 Madvigius
1703 744 1849 778 quoque

287 793 380 837 (adv.
397 791 475 826 crit.
491 804 517 825 11
538 793 628 825 1873
647 802 682 834 p.
699 790 779 833 508)
801 787 1013 823 addendum
1041 786 1186 821 censuit
1210 786 1276 821 sed
1296 786 1370 822 alio
1392 787 1474 822 loco
1495 788 1533 822 ct
1560 787 1637 822 alia
1663 786 1850 832 significa-

286 845 397 886 tione,
417 844 491 879 mei
517 842 720 878 conaminis
743 853 816 876 non
838 851 993 885 mem0r3
1021 840 1085 885 qui
1109 840 1208 885 quod
1230 840 1270 874 in
1295 839 1407 874 Ennii
1428 851 1535 875 versu
1561 850 1725 885 operae
1749 850 1850 884 pre-

287 898 399 933 tium
418 896 543 939 fuisse,
558 897 628 931 hoc
642 897 767 930 autem
781 893 1068 940 grammaticum
1087 893 1187 938 opis
1206 893 1332 928 latae
1351 893 1549 938 pretium
1562 893 1850 938 interpretatum

287 961 365 985 esse
385 950 559 995 opinatus
579 949 634 984 ita
655 948 766 984 scribi
786 948 892 982 iubet
910 958 997 981 non
1021 948 1200 981 tantum
1220 948 1386 993 (opem)
1411 946 1638 981 auxilium
1663 945 1849 992 signifi-

287 1014 413 1039 casse
439 1003 517 1037 sed
543 1013 738 1047 operam,
769 1001 895 1046 posuit
921 1011 1017 1044 quae
1042 1011 1117 1034 non
1141 1011 1215 1035 uno
1240 1000 1390 1035 nomine
1409 1000 1675 1045 improbabilia
1695 1001 1797 1034 sunt:
1819 999 1851 1034 si

286 1057 385 1091 enim
404 1056 516 1091 Ennii
537 1067 661 1090 versus
686 1054 851 1090 habebat
875 1054 969 1089 haec
994 1053 1149 1099 vulgata
1174 1064 1339 1098 operae
1363 1053 1578 1098 pretium,
1606 1053 1751 1088 occasio
1776 1063 1850 1087 non

286 1112 366 1145 erat
387 1109 655 1144 observationis
669 1108 954 1154 grammaticae3
974 1118 1061 1142 nam
1080 1106 1150 1142 1100
1164 1106 1328 1153 vulgaris
1349 1108 1405 1142 est
1423 1119 1523 1149 usus,
1543 1106 1645 1142 velut
1658 1106 1795 1150 Livius,
1808 1108 1852 1141 ut

286 1164 355 1198 hoc
374 1165 471 1207 utar,
486 1162 617 1197 scribit
635 1175 706 1196 xxv
721 1166 751 1203 6,
767 1165 809 1195 21
829 1162 839 1178 ‘
850 1171 985 1206 operae
998 1160 1161 1205 pretium
1175 1159 1318 1196 habent
1336 1159 1550 1196 libertatem
1570 1160 1849 1204 civitatemque'

285 1217 319 1251 h.
342 1227 371 1251 e.
393 1216 543 1256 laboris,
564 1214 812 1250 contentionis
832 1214 1004 1259 pretium.
1027 1214 1092 1248 sed
1111 1213 1181 1248 hoc
1202 1224 1241 1248 se
1262 1213 1401 1248 Seneca
1415 1224 1490 1248 non
1502 1213 1638 1259 legisse
1651 1212 1850 1248 manifesto

284 1269 426 1314 prodit:
447 1269 559 1304 immo
579 1268 673 1313 legit
693 1268 793 1313 quod
812 1267 963 1313 reposui
983 1267 1082 1312 opis
1103 1267 1318 1312 pretium:
1340 1278 1384 1302 ex
1404 1278 1447 1302 eo
1468 1268 1595 1301 autem
1608 1266 1663 1301 ait
1676 1266 1850 1312 intelligi,

285 1334 338 1367 op
348 1333 412 1357 em
428 1333 502 1357 non
518 1323 666 1357 tantum
681 1321 862 1356 auxilium
877 1321 1107 1367 significasse
1118 1322 1229 1366 (quae
1242 1322 1299 1356 est
1313 1321 1391 1355 eius
1402 1320 1502 1355 vocis
1516 1319 1721 1355 communis
1736 1319 1852 1365 signi-

285 1375 421 1420 ficatio)
437 1375 501 1409 sed
515 1385 675 1419 operam.
691 1374 852 1409 Ennium
866 1375 965 1409 enim
979 1385 1063 1409 cum
1083 1374 1262 1409 scriberet
1281 1374 1382 1419 opis
1401 1372 1602 1419 pretium
1620 1373 1851 1408 intellexisse

284 1427 378 1462 nihil
398 1428 502 1463 aliud
522 1439 634 1472 quam
654 1439 735 1473 ope
748 1438 824 1462 rae
842 1428 1051 1473 pretium.
1150 1426 1277 1462 Cicero
1292 1428 1338 1462 de
1351 1427 1423 1473 leg.
1436 1441 1463 1462 11
1477 1431 1534 1470 22,
1546 1430 1589 1461 57
1607 1426 1752 1472 ‘(Sulla)
1772 1426 1847 1471 pri-

284 1493 364 1516 mus
385 1493 404 1516 e
423 1481 593 1526 patriciis
608 1480 789 1516 Corneliis
809 1481 890 1527 igni
909 1481 1027 1516 voluit
1047 1481 1212 1516 cremari.
1229 1480 1398 1516 declarat
1417 1480 1516 1515 enim
1529 1480 1671 1515 Ennius
1692 1480 1739 1514 de
1753 1479 1851 1514 Afri-

285 1545 376 1569 cano
397 1534 481 1570 «hic
501 1536 558 1570 est
576 1534 641 1569 ille
661 1534 778 1570 situs»
799 1545 901 1569 vere:
922 1545 1010 1569 nam
1030 1534 1095 1569 siti
1114 1534 1290 1569 dicuntur
1308 1534 1336 1568 ii
1356 1534 1421 1579 qui
1441 1533 1585 1569 conditi
1605 1534 1717 1568 sunt?

284 1588 389 1623 Hanc
408 1587 632 1632 particulam
647 1588 706 1633 (cf.
722 1599 833 1623 carm.
850 1588 968 1633 epigr.
986 1591 1089 1630 1259,
1107 1592 1137 1625 1,
1160 1587 1207 1622 al.
1222 1587 1373 1632 Buech.)
1392 1587 1432 1622 in
1450 1598 1566 1622 unum
1585 1586 1748 1632 elogium
1768 1599 1851 1622 cum

285 1641 537 1686 superioribus
558 1641 750 1676 coniunxit
771 1641 937 1687 Scaliger
957 1641 1066 1676 catal.
1081 1653 1117 1686 p.
1135 1645 1212 1676 187.

401 1694 451 1728 IV
471 1696 543 1740 (21)
582 1694 709 1729 Cicero
730 1694 835 1729 Tusc.
852 1695 946 1739 disp.
961 1708 983 1730 v
1005 1698 1060 1738 17,
1073 1698 1119 1729 49
1136 1695 1225 1729 ‘nec
1244 1694 1283 1728 in
1308 1694 1446 1729 misera
1465 1694 1543 1729 vita
1569 1694 1769 1739 quicquam
1796 1696 1870 1736 est,

284 1747 537 1792 praedicabile
557 1749 624 1782 aut
641 1748 878 1793 gloriandum
898 1759 967 1782 nec
985 1748 1025 1782 in
1045 1759 1090 1782 ea
1103 1758 1199 1793 quae
1212 1758 1281 1782 nec
1293 1747 1431 1783 misera
1445 1748 1495 1782 sit
1507 1758 1575 1782 nec
1590 1748 1718 1782 beata:
1739 1749 1777 1782 et
1796 1750 1853 1782 est

285 1801 324 1835 in
344 1800 472 1845 aliqua
491 1801 569 1835 vita
587 1801 843 1846 praedicabile
864 1801 1011 1846 aliquid
1031 1802 1068 1835 et
1087 1801 1326 1846 gloriandum
1346 1812 1390 1836 ac
1408 1811 1499 1845 prae
1520 1811 1558 1835 se
1584 1801 1789 1843 ferendum,
1810 1802 1853 1835 ut

284 1854 560 1899 Epaminondas
656 1856 699 1888 ut
723 1854 922 1889 Africanus
948 1865 995 1890 «a
1017 1853 1094 1889 sole
1118 1865 1147 1888 e.
1167 1865 1283 1899 supra
1307 1853 1466 1890 Maeotis
1493 1854 1768 1899 (Maeotides
1794 1854 1852 1889 vel

285 1907 537 1942 Maeotidas
556 1908 668 1952 pauci
689 1908 795 1953 dett.)
812 1936 818 1941 .
835 1937 842 1943 .
859 1936 865 1941 .
881 1909 1017 1952 queat»
1032 1909 1088 1953 (21
1106 1909 1184 1952 sq.)
1200 1907 1300 1951 quod
1315 1907 1357 1950 si,
1373 1907 1485 1943 beata
1500 1907 1579 1942 vita
1598 1907 1795 1953 glorianda
1815 1909 1853 1942 et

284 1960 536 2005 praedicanda
555 1962 594 1996 et
617 1972 707 2006 prae
734 1972 773 1996 se
798 1961 954 1996 ferenda
980 1961 1063 1996 est.'
1185 1960 1429 1995 Mamertinus
1449 1960 1612 2006 genethl.
1633 1960 1852 1995 Maximiani

287 2018 341 2055 16,
356 2017 376 2047 3
397 2015 444 2058 (p.
462 2018 528 2048 155
549 2014 720 2050 Arntzen.
743 2027 779 2060 p.
800 2018 879 2056 114,
895 2018 915 2048 9
935 2014 1082 2059 Baehr.)
1106 2013 1267 2048 ‘etenim
1292 2015 1392 2059 quod
1418 2014 1473 2050 ait
1497 2014 1563 2049 ille
1587 2014 1747 2049 Romani
1774 2025 1852 2049 car-

284 2066 394 2101 minis
413 2066 554 2110 primus
574 2068 704 2101 auctor
723 2077 768 2103 «a
789 2066 866 2102 sole
886 2078 916 2102 e.
931 2068 981 2102 ad
1000 2078 1113 2112 usque
1131 2067 1265 2102 meotis
1285 2067 1467 2112 paludes»
1487 2069 1572 2113 (21),
1593 2067 1632 2101 id
1651 2079 1750 2102 nunc
1772 2067 1852 2102 lon-

285 2119 367 2164 gius
386 2119 607 2164 longiusque
628 2120 851 2165 protendere
876 2120 966 2155 licet
985 2149 990 2154 .
1008 2149 1014 2154 .
1032 2149 1038 2154 .
1058 2120 1071 2140 ⁴
1087 2119 1225 2155 etenim
1246 2120 1294 2155 ab
1313 2120 1395 2165 ipso
1421 2120 1509 2155 solis
1535 2122 1618 2155 ortu
1644 2131 1717 2154 non
1742 2119 1852 2155 modo

285 2173 355 2207 hac
381 2172 475 2206 citra
498 2173 630 2207 meotis
657 2173 724 2207 sub
751 2175 915 2209 extrema
943 2173 1208 2219 septentrionis
1234 2173 1349 2219 plaga
1371 2174 1448 2207 ...’
1578 2172 1718 2207 Seneca
1743 2173 1850 2218 epist.

287 2229 366 2267 108,
381 2229 425 2259 34
439 2227 525 2270 post
544 2237 655 2270 supra
676 2227 723 2261 ad
743 2240 785 2261 111
806 2227 997 2272 adscripta
1013 2226 1176 2262 ‘felicem
1197 2226 1333 2262 deinde
1353 2236 1392 2261 se
1410 2227 1531 2271 putat,
1552 2226 1652 2271 quod
1671 2226 1855 2261 invenerit

285 2278 384 2312 unde
409 2278 527 2312 visum
553 2279 603 2313 sit
621 2279 787 2325 Vergilio
814 2280 937 2315 dicere
962 2282 1101 2327 (georg.
1122 2293 1164 2314 111
1185 2282 1267 2325 260)
1291 2290 1424 2325 «quem
1451 2290 1562 2324 super
1586 2279 1718 2325 ingens
1742 2281 1853 2325 porta

285 2332 393 2366 tonat
412 2331 539 2366 caeli».
560 2331 721 2367 Ennium
745 2333 815 2368 hoc
843 2333 898 2369 ait
916 2334 1077 2368 Homero
1101 2333 1342 2378 subripuisse,
1361 2332 1481 2368 Ennio
1495 2332 1702 2378 Vergilium
1723 2332 1781 2378 (cf.
1803 2333 1851 2367 ad

286 2395 370 2419 ann.
384 2383 448 2418 lib.
464 2384 534 2418 inc.
550 2384 592 2419 fr.
608 2388 762 2431 cxxxv1).
785 2397 865 2422 esse
885 2386 984 2422 enim
1005 2387 1106 2431 apud
1127 2386 1341 2422 Ciceronem
1360 2386 1399 2420 in
1418 2386 1477 2420 his
1496 2386 1588 2431 ipsis
1609 2387 1655 2420 de
1674 2397 1713 2421 re
1732 2398 1767 2431 p.
1782 2386 1853 2421 1100

286 2437 517 2482 epigramma
542 2437 639 2472 Enni
664 2439 719 2474 «si
746 2439 802 2474 fas
823 2440 980 2484 (zi-nisi
1005 2440 1073 2475 fas
1099 2440 1158 2475 vel
1182 2439 1397 2475 e-nisisas
1423 2439 1527 2484 libri;
1554 2450 1643 2474 corr.
1666 2439 1850 2485 Schweig-

284 2490 499 2535 haeuserus)
516 2518 522 2523 .
537 2519 542 2523 .
558 2519 563 2524 .
578 2492 706 2535 patet»
722 2494 779 2537 (23
795 2494 890 2538 sq.).'
990 2493 1207 2529 Lactantius
1229 2493 1299 2527 div.
1314 2492 1401 2527 inst.
1417 2505 1429 2526 1
1451 2495 1506 2536 18,
1520 2496 1562 2527 10
1579 2493 1626 2527 ‘si
1640 2492 1723 2536 quis
1736 2504 1851 2527 0110111

285 2543 473 2578 hominem
498 2543 734 2588 iugulaverit,
755 2557 822 2590 pro
850 2546 1104 2581 contaminato
1131 2556 1175 2581 ac
1200 2545 1344 2581 nefario
1363 2545 1523 2580 habetur
1543 2573 1549 2579 .
1568 2574 1573 2579 .
1591 2574 1597 2579 .
1615 2575 1621 2581 .
1642 2545 1706 2580 ille
1727 2548 1852 2581 autem

286 2596 350 2640 qui
367 2596 514 2631 infinita
533 2596 725 2632 hominum
744 2598 850 2634 milia
868 2599 1068 2635 trucidarit
1083 2628 1089 2634 .
1107 2628 1112 2633 .
1130 2628 1136 2633 .
1154 2628 1160 2633 .
1175 2610 1250 2634 non
1269 2598 1380 2633 modo
1394 2598 1433 2633 in
1452 2598 1633 2644 templum
1653 2599 1718 2633 sed
1737 2599 1851 2634 etiam

287 2649 325 2684 in
345 2649 490 2684 caelum
509 2649 731 2685 admittitur.
758 2652 786 2671 ¹¹
807 2654 900 2697 aput
924 2652 1086 2687 Ennium
1112 2652 1165 2687 sic
1188 2652 1354 2696 loquitur
1373 2651 1571 2686 Africanus
1593 2651 1647 2688 «si
1672 2651 1729 2686 fas
1756 2652 1851 2687 endo

286 2702 353 2747 (sic
372 2702 450 2737 Pal.
471 2702 687 2738 faciendo
706 2704 763 2738 vel
783 2705 852 2739 fas
873 2707 942 2740 est
961 2705 1013 2740 do
1034 2705 1161 2749 ceteri)
1180 2705 1314 2751 plagas
1341 2704 1543 2740 caelestum
1562 2704 1851 2749 (caelestium

285 2755 468 2801 nonnulli)
491 2784 497 2790 .
515 2784 544 2790 ..
565 2758 695 2802 patet»
716 2758 775 2802 (23
797 2759 864 2803 sq.)
885 2758 1029 2793 scilicet
1051 2758 1141 2803 quia
1164 2769 1341 2804 magnam
1360 2759 1506 2802 partem
1528 2757 1674 2802 generis
1696 2757 1851 2793 humani

287 2809 445 2844 extinxit
465 2820 508 2844 ac
526 2809 703 2854 perdidit.
717 2810 746 2830 ¹²
759 2822 780 2845 o
794 2811 834 2845 in
848 2811 998 2856 quantis
1018 2812 1181 2846 tenebris
1201 2811 1376 2846 Africane
1395 2812 1561 2846 versatus
1582 2821 1629 2853 03,
1651 2811 1709 2845 vel
1724 2811 1851 2856 potius

287 2873 307 2896 0
321 2864 444 2906 poeta,
459 2863 523 2907 qui
537 2874 604 2908 per
616 2863 748 2898 caedes
764 2865 800 2898 et
814 2864 1034 2910 sanguinem
1053 2867 1182 2910 patere
1201 2864 1414 2899 hominibus
1435 2874 1627 2898 ascensum
1647 2863 1685 2898 in
1706 2863 1850 2899 caelum

286 2915 484 2959 putaveris.
511 2917 540 2937 ¹³
564 2916 624 2952 cui
650 2916 809 2952 vanitati
834 2917 948 2952 etiam
972 2917 1098 2953 Cicero
1124 2918 1300 2954 adsensit.
1322 2919 1409 2953 «est
1433 2927 1547 2952 vero»
1573 2916 1696 2962 inquit
1722 2916 1850 2954 «Afri-

2030 3045 2054 3282 mmm-..2
