2054 3282
861 149 965 184 FAB.
987 149 1076 185 INC.
1660 151 1742 192 199

903 267 1023 302 XXIX

178 328 266 370 414
794 329 895 370 deos
927 328 1020 370 aevi
1052 329 1242 385 integros

871 431 883 438 ”
908 433 1009 467 ΧΧΧ

177 494 263 535 415
763 509 900 551 angue
926 494 1069 537 villosi
1095 495 1211 537 canis

898 599 1017 633 XXXI

176 659 262 701 416
579 659 651 701 1116
677 675 794 702 111636
820 662 908 701 tam
935 660 1048 715 potis
1075 660 1192 715 pacis
1218 661 1348 715 potiri

886 764 1023 798 XXXII

174 826 259 868 417
1174 825 1309 867 hehae

292 896 388 952 Ipse
415 896 575 952 clipeus
601 897 753 938 cecidit

175 1043 364 1079 dicacibus
385 1042 658 1086 difficillimum,
678 1043 817 1078 habere
836 1043 1028 1078 hominum
1047 1043 1230 1079 rationem
1250 1045 1289 1079 et
1307 1044 1515 1088 temporum
1536 1044 1575 1078 et
1587 1053 1632 1077 ea
1645 1053 1741 1087 quae

174 1098 379 1140 occurrant,
400 1109 482 1132 cum
508 1097 710 1132 salsissime
736 1097 811 1132 dici
830 1098 995 1142 possunt,
1016 1098 1154 1132 tenere.
1169 1097 1298 1142 itaque
1317 1096 1487 1131 nonnulli
1506 1096 1656 1131 ridiculi
1675 1095 1740 1130 ho-

172 1150 290 1185 mines
313 1150 383 1185 hoc
405 1151 527 1195 ipsum
550 1162 624 1185 non
643 1150 783 1186 insulse
802 1150 1105 1195 interpretantur,
1122 1150 1171 1170 ²²²
1190 1151 1313 1185 dicere
1333 1150 1432 1185 enim
1453 1150 1560 1185 aiunt
1579 1149 1740 1184 Ennium

173 1203 383 1240 «flammam
403 1199 426 1239 a
445 1204 606 1249 sapienti
627 1204 702 1250 (sic,
724 1204 797 1238 nisi
817 1205 916 1249 quod
943 1204 1170 1249 sapiente,
1197 1204 1352 1249 integri3
1378 1204 1565 1248 interpr.
1588 1203 1741 1237 dicere

172 1257 362 1292 Ennium
382 1257 426 1292 fl.
444 1268 466 1291 a
486 1268 573 1302 sap.
589 1257 729 1292 Bakius
750 1257 831 1292 dic.
854 1257 971 1292 enim
991 1257 1122 1292 aiunt
1140 1258 1275 1292 omisso
1296 1257 1503 1291 Ennium
1516 1256 1620 1291 Voss.
1636 1255 1739 1291 Leid.

173 1311 244 1346 dic
253 1322 273 1346 e
280 1323 298 1345 r
305 1321 325 1345 e
345 1322 364 1345 e
372 1311 461 1345 nim
482 1322 504 1346 a
512 1311 525 1346 i
532 1323 557 1345 u
565 1323 589 1345 n
598 1312 614 1346 t
622 1340 630 1355 ‚
651 1312 730 1346 tum
749 1312 836 1356 post
853 1311 1099 1346 interstitium
1113 1324 1224 1346 xxxvr
1236 1310 1447 1345 litterarum
1467 1322 1491 1355 p
1500 1310 1513 1344 i
1521 1321 1541 1344 e
1549 1322 1573 1344 n
1581 1309 1617 1344 ti
1636 1309 1739 1344 Harl.

1223 1365 1297 1386 aiunt

173 1394 326 1429 dicere
346 1394 462 1429 enim
483 1395 561 1428 aut
578 1393 726 1439 pienti
746 1394 894 1429 Abrinc.
911 1394 1063 1429 dicere
1084 1393 1201 1429 enim
1221 1395 1299 1428 aut
1316 1393 1469 1438 pienti
1487 1393 1576 1438 Erl.)
1590 1392 1739 1428 facilius

173 1475 179 1482 .
197 1475 203 1482 .
221 1476 226 1482 .
243 1447 404 1492 opprimi
419 1477 425 1482 .
443 1476 449 1481 .
467 1476 472 1481 .
488 1448 638 1483 teneat»
652 1447 745 1482 haec
759 1447 903 1482 scilicet
915 1447 1015 1482 bona
1029 1447 1140 1490 dicta,
1156 1458 1252 1492 quae
1266 1446 1365 1482 salsa
1379 1446 1463 1481 sint.
1478 1458 1566 1481 nam
1579 1457 1624 1481 ea
1638 1446 1740 1481 dicta

172 1500 411 1545 appellantur
429 1500 579 1546 proprio
599 1501 676 1535 iam
694 1500 870 1535 nomine.'
971 1500 1117 1535 Similes
1132 1500 1340 1535 sententiae
1355 1499 1561 1535 afferuntur
1574 1499 1739 1535 Petronii

171 1553 214 1588 fr.
231 1558 287 1597 28,
303 1557 320 1588 1
339 1554 447 1589 ‘nam
474 1553 583 1589 citius
609 1553 776 1589 flammas
795 1554 972 1589 mortales
993 1565 1055 1589 ore
1074 1554 1257 1589 tenebunt
1276 1565 1388 1599 quam
1412 1554 1554 1588 secreta
1572 1553 1739 1598 tegant’3

171 1607 332 1642 Ennodii
347 1618 402 1652 ep.
415 1621 466 1642 vn
482 1611 525 1642 16
542 1607 711 1642 ‘facilius
726 1609 782 1642 est
794 1608 920 1653 ignem
940 1607 979 1642 in
998 1618 1110 1653 pyras
1131 1607 1338 1643 animatum
1357 1607 1489 1653 lingua
1509 1607 1739 1652 conprimere

171 1671 283 1706 quam
309 1661 499 1695 silentium
524 1660 623 1695 inter
648 1662 779 1706 optata
805 1661 984 1705 servare'3
1006 1661 1218 1706 Symmachi
1242 1672 1298 1706 ep.
1317 1674 1330 1695 1
1351 1664 1407 1703 31,
1424 1665 1444 1695 2
1461 1661 1569 1695 ‘nam
1589 1660 1738 1695 facilius

171 1715 227 1749 est
241 1714 413 1749 ardentes
424 1714 572 1749 favillas
586 1725 648 1749 ore
659 1715 902 1760 comprimere
914 1725 1025 1759 quam
1037 1714 1219 1750 luculenti
1230 1714 1352 1760 operis
1367 1725 1512 1749 servare
1527 1715 1736 1749 secretum.’

288 1767 407 1802 XXIX
421 1769 516 1813 (414)
544 1767 689 1802 Servius
703 1768 741 1802 in
752 1768 842 1803 Aen.
855 1782 892 1803 1x
904 1771 972 1802 253
986 1768 1152 1813 ‘integer
1166 1768 1247 1803 aevi
1261 1768 1399 1814 integri
1414 1767 1495 1803 aevi
1509 1768 1684 1813 figurate:
1699 1768 1738 1802 id

171 1822 228 1855 est
247 1821 464 1856 adulescens
485 1820 545 1856 cui
566 1822 669 1856 aetas
689 1821 837 1867 integra
858 1823 1036 1867 superest,
1055 1822 1156 1856 unde
1169 1821 1312 1856 Ennius
1326 1822 1438 1858 «deos
1454 1821 1535 1856 aevi
1548 1821 1737 1867 integ-ros»

171 1874 264 1909 dicit
283 1874 417 1919 quibus
436 1874 595 1909 multum
615 1874 696 1909 aevi
716 1876 910 1920 superest)
1013 1874 1064 1910 Cf.
1081 1875 1171 1923 Aen.¹
1186 1888 1214 1909 11
1228 1878 1296 1909 638
1314 1874 1470 1920 ‘quibus
1490 1875 1636 1920 integer
1656 1875 1737 1910 aevi

171 1927 344 1973 sanguis'
360 1927 488 1972 ibique
509 1927 665 1962 Servius.

287 1980 389 2015 XXX
410 1982 505 2026 (415)
543 1981 639 2016 Acro
658 1981 698 2015 in
717 1981 804 2016 Hor.
820 1992 930 2016 carm.
946 1994 988 2016 111
1009 1985 1063 2025 11,
1080 1984 1124 2015 18
1141 1981 1335 2016 ‘muniant
1355 1991 1495 2026 angues
1519 1982 1634 2026 caput
1658 1981 1737 2016 eius

172 2062 177 2068 .
196 2062 201 2068 .
220 2049 243 2069 .:
265 2035 308 2068 ut
327 2034 382 2068 ait
400 2033 541 2068 Ennius
562 2045 708 2079 «angue
727 2046 758 2069 v.
780 2034 933 2070 canis».'

287 2086 406 2120 XXXI
420 2088 515 2132 (416)
548 2087 678 2121 Festus
699 2098 743 2122 ex
763 2099 890 2133 apogr.
905 2087 928 2122 l.
944 2101 991 2122 xx
1004 2100 1039 2132 p.
1053 2090 1133 2130 548,
1148 2090 1168 2122 5
1183 2087 1248 2122 Th.
1264 2099 1299 2132 p.
1316 2090 1358 2122 71
1374 2087 1542 2122 Momms.
1561 2087 1621 2122 ‘at
1641 2088 1737 2122 anti-

170 2141 234 2185 qui
253 2142 332 2175 tam
352 2140 466 2175 etiam
485 2152 552 2185 pro
578 2141 704 2175 tamen
729 2141 787 2175 usi
814 2142 911 2185 sunt,
937 2142 980 2176 ut
998 2141 1161 2176 Naevius
1182 2141 1288 2187 [com.
1306 2143 1373 2174 130
1393 2140 1465 2186 R.].
1486 2140 1628 2175 Ennius
1649 2141 1737 2178 «ille

169 2194 246 2239 (sic,
263 2205 337 2229 non
357 2193 470 2228 illae
489 2193 586 2228 edid.
602 2193 852 2229 Mommsenus
873 2195 911 2229 et
924 2194 1212 2239 Thewrewkius)
1229 2223 1234 2228 .
1253 2222 1259 2228 .
1277 2222 1282 2228 .
1298 2193 1462 2239 potiri».’
1562 2193 1613 2228 Cf.
1629 2195 1736 2229 Luci-

167 2248 240 2282 lius
255 2251 322 2282 222
337 2247 375 2281 L.
393 2247 573 2290 ‘hortare‚
587 2247 737 2282 illorum
757 2247 788 2282 si
807 2247 947 2292 possim
965 2247 1066 2293 paci'
1082 2247 1196 2293 potiri
1216 2247 1283 2292 (sic
1301 2247 1573 2290 Lachmannus,
1593 2248 1736 2292 potiri

167 2301 243 2335 iam
265 2301 322 2335 Fr.
344 2300 486 2344 Dousa3
512 2300 626 2335 Nonii
650 2300 737 2335 libri
764 2300 891 2346 capis
920 2300 1126 2346 sortiri).'
1230 2300 1342 2335 Ennii
1367 2311 1529 2344 versum,
1556 2301 1620 2346 qui
1647 2311 1736 2336 ana-

168 2354 355 2399 paesticus
368 2353 525 2397 videtur,
540 2354 689 2389 dubites
702 2354 935 2400 tragicumne
948 2354 1088 2389 habeas
1109 2365 1157 2389 an
1171 2354 1371 2399 comicum3
1391 2354 1493 2389 velut
1511 2354 1551 2388 in
1571 2354 1736 2399 Thyesta

169 2407 291 2442 locum
316 2407 453 2442 habere
472 2407 597 2452 potuit
619 2407 700 2443 coll.
722 2420 774 2451 111,
795 2407 860 2442 sed
880 2407 974 2443 conf.
999 2407 1113 2443 etiam
1135 2407 1261 2442 Plauti
1282 2407 1439 2442 mostell.
1462 2410 1553 2442 1127
1576 2408 1666 2453 ‘ego
1689 2408 1736 2444 de

170 2460 369 2495 sodalitate
393 2472 473 2495 sum
494 2462 618 2495 orator
637 2461 757 2504 datus,
781 2461 845 2506 qui
866 2471 889 2495 3
907 2462 1015 2506 patre
1035 2460 1113 2496 eius
1137 2460 1375 2496 conciliarem
1393 2461 1553 2506 pacem'‚
1570 2461 1735 2496 Terentii

168 2514 336 2549 hautont.
351 2517 441 2548 1046
459 2514 469 2530 ⁶
480 2514 651 2550 Chremes
665 2514 776 2549 nimis
790 2514 954 2560 graviter
973 2514 1115 2550 cruciat
1134 2514 1455 2550 adulescentulum
1471 2543 1476 2548 .
1494 2543 1500 2549 .
1518 2543 1523 2548 .
1540 2525 1629 2550 exeo
1647 2526 1734 2561 ergo

168 2568 211 2602 ut
229 2578 360 2612 pacem
380 2567 601 2603 conciliem?

287 2620 423 2655 XXXII
447 2622 542 2666 (417)
578 2620 696 2656 Varro
723 2621 769 2655 de
791 2621 814 2655 l.
836 2621 875 2656 L.
896 2634 948 2656 v11
971 2624 1015 2655 93
1037 2621 1158 2666 ‘apud
1180 2621 1356 2656 Plautum
1379 2621 1488 2667 (Men.
1512 2623 1592 2666 127)
1617 2632 1734 2657 «euax

168 2673 290 2719 iurgio
310 2684 462 2708 uxorem
481 2674 634 2709 tandem
654 2674 702 2709 ab
721 2674 827 2720 regia
846 2674 982 2710 ianua»
1004 2685 1097 2710 euax
1116 2674 1268 2710 verbum
1287 2674 1382 2709 nihil
1402 2674 1589 2720 significat
1603 2675 1667 2709 sed
1681 2675 1732 2710 ef-

170 2816 292 2875 enim)
314 2823 469 2872 sapiens
486 2853 491 2859 .
510 2853 516 2859 .
533 2853 539 2859 .
556 2823 756 2872 opprimit,
778 2834 1013 2870 quamquam
1033 2825 1147 2863 etiam
1167 2823 1321 2871 obliqua
1339 2830 1562 2860 mensuram
1579 2823 1734 2870 recipit,-

163 2884 390 2930 poteratque
409 2882 585 2921 faciliust
603 2883 719 2921 scribi
738 2884 807 2921 aut
824 2882 986 2932 intelliyi
1127 2883 1212 2921 415
1233 2882 1377 2921 Fuitne
1396 2881 1649 2931 anguivillosi
1669 2893 1699 2920 c.
1713 2882 1733 2919 ?

1744 2974 1748 3001 2
