2054 3282
306 145 390 186 104
839 137 1100 174 ANNALIUM
1125 137 1213 172 LIB.
1234 136 1291 171 IN
1294 136 1330 172 C.

1049 254 1111 290 XC

302 325 388 369 565
422 325 527 367 Cum
553 324 794 380 legionibus
821 338 950 378 quom
975 322 1263 377 proficiscitur
1288 322 1563 376 induperator

1040 484 1120 520 XCI

302 555 387 597 566
419 554 612 596 Flamma
636 553 720 596 loci
745 555 973 608 postquam
1000 566 1204 595 concussa
1228 555 1287 594 est
1310 552 1480 594 turbine
1507 566 1631 594 saevo

1035 715 1133 751 XCII

305 785 390 827 567
423 785 537 827 Huic
563 787 747 827 statuam
774 784 904 826 statui
930 783 1140 825 maiorum
1168 783 1298 824 obatu
1324 783 1491 825 athenis

304 969 392 1003 ante
410 968 538 1013 portas
559 977 664 1002 carus
686 967 776 1001 erat.
798 965 864 1000 alii
882 965 988 1000 lauta
1007 964 1090 1000 loca
1108 965 1317 1010 legatorum
1333 993 1338 999 .
1357 993 1362 999 .
1379 964 1446 1000 alii
1466 965 1565 1009 quod
1584 964 1638 999 ibi
1653 963 1782 1000 Sabini
1801 974 1865 999 no-

302 1021 396 1058 biles
410 1020 674 1062 habitaverint,
689 1031 845 1064 quorum
865 1030 982 1064 genus
1001 1018 1168 1053 invidere
1183 1018 1399 1063 (irridere
1417 1017 1630 1062 Masvioius)
1645 1018 1683 1052 et
1699 1017 1866 1052 carinare

303 1074 456 1110 solebat.
473 1073 640 1109 carinare
654 1072 830 1118 (carine
849 1072 960 1116 Flor.)
975 1073 1099 1106 autem
1114 1073 1171 1106 est
1184 1071 1392 1107 obtrectare
1413 1073 1500 1117 (est
1519 1073 1668 1106 autem
1688 1071 1866 1106 obtrec-

302 1130 401 1163 tare
419 1127 695 1162 maledicere
710 1126 819 1171 Tun).
840 1125 981 1160 Ennius
999 1127 1170 1162 «contra.
1188 1127 1319 1170 .atque
1334 1136 1364 1160 o.
1379 1125 1590 1170 profatus»3
1611 1124 1703 1160 alibi
1723 1135 1866 1170 «neque

302 1192 362 1216 me
377 1209 383 1215 .
401 1209 406 1215 .
424 1209 430 1215 .
446 1180 585 1215 chartis
599 1179 788 1225 (cartis)».’
888 1178 940 1213 Cf.
955 1178 1092 1213 Paulus
1106 1178 1207 1214 Festi
1220 1191 1255 1224 p.
1272 1182 1327 1221 33,
1345 1182 1387 1213 13
1402 1179 1467 1213 Th.
1486 1179 1496 1195 ‘
1507 1178 1717 1213 carinantes
1729 1178 1867 1224 probra

304 1235 544 1276 obiectantes,
561 1244 582 1268 a
597 1233 724 1268 carina
738 1231 840 1274 dicti,
856 1242 952 1277 quae
972 1233 1029 1267 est
1046 1232 1175 1267 infima
1193 1243 1280 1277 pars
1299 1232 1414 1267 navis.
1430 1231 1483 1267 sic
1495 1231 1553 1266 illi
1566 1232 1675 1267 sortis
1688 1232 1864 1267 infimae.’

304 1287 340 1323 C.
357 1287 411 1322 Gl.
427 1287 465 1321 L.
481 1300 517 1322 VI
536 1299 571 1331 p.
589 1289 656 1320 183
679 1285 909 1320 ‘carinantes
929 1285 1141 1320 inludentes
1162 1286 1421 1332 (inridentes).'

421 1345 483 1380 XC
503 1347 599 1391 (565)
638 1343 892 1380 Cassiodorius
913 1344 952 1379 G.
969 1345 1006 1379 L.
1022 1345 1065 1379 Κ.
1077 1358 1129 1380 vn
1147 1357 1183 1390 p.
1199 1348 1278 1388 207,
1295 1349 1315 1379 2
1332 1345 1436 1380 ‘cum
1455 1344 1684 1390 praepositio
1701 1345 1760 1391 (cf.
1774 1344 1865 1380 ibid.

303 1413 338 1445 p.
360 1402 437 1442 156,
453 1400 488 1445 3)
506 1409 574 1444 per
594 1410 612 1433 c
633 1398 831 1433 scribenda
856 1399 928 1442 est3
956 1410 1071 1443 quum
1096 1398 1313 1433 adverbium
1338 1398 1528 1444 temporis,
1556 1399 1655 1443 quod
1681 1398 1868 1444 significat

305 1453 464 1498 quando,
491 1463 558 1497 per
577 1463 601 1496 q
627 1451 862 1486 scribendum
888 1452 944 1486 est
970 1451 1204 1487 discretionis
1230 1462 1353 1496 causa,
1379 1453 1423 1487 ut
1448 1452 1548 1497 apud
1573 1451 1735 1487 Ennium
1755 1462 1868 1489 «cum

304 1506 327 1540 1.
344 1517 458 1551 quum
478 1507 593 1550 (cum
613 1504 734 1550 Bern.)
754 1517 790 1550 p.
811 1505 1058 1549 imperator»)

422 1564 502 1599 XCI
521 1565 617 1610 (566)
651 1563 771 1598 Schol.
787 1564 954 1599 Bembin.
969 1564 1009 1599 in
1022 1564 1102 1599 Ter.
1118 1564 1220 1599 haut.
1236 1577 1264 1599 11
1278 1568 1309 1606 3,
1327 1568 1370 1599 16
1389 1565 1477 1610 post
1494 1564 1728 1610 Schopenum
1747 1564 1804 1599 ed.
1820 1564 1867 1599 ab

310 1617 606 1663 Umpfenbachio
625 1616 748 1652 Herm.
763 1630 791 1651 11
809 1629 844 1662 p.
864 1621 932 1652 368
952 1617 1111 1653 ‘interea
1129 1617 1219 1653 loci:
1239 1618 1313 1653 loci
1333 1617 1546 1663 parhelcon.
1564 1629 1651 1652 nam
1672 1617 1746 1652 loci
1768 1618 1868 1653 omni

306 1670 572 1718 significationi
592 1669 682 1704 addi
702 1670 806 1705 solet.
828 1670 969 1705 Ennius
990 1670 1163 1707 «flamma
1178 1699 1184 1705 .
1202 1699 1208 1705 .
1224 1681 1402 1706 concussa
1416 1671 1629 1716 preturbine
1649 1671 1807 1707 saevo».'

426 1730 522 1764 XCII
536 1730 632 1775 (567)
663 1729 882 1765 Consentius
897 1731 964 1765 art.
981 1730 1026 1764 de
1038 1730 1142 1765 barb.
1159 1731 1196 1765 et
1208 1730 1359 1775 metapl.
1376 1729 1417 1765 Gr.
1433 1730 1471 1764 L.
1484 1730 1526 1766 K.
1542 1743 1565 1765 v
1577 1742 1612 1775 p.
1628 1733 1707 1773 400,
1724 1733 1744 1764 9
1762 1725 1873 1776 ‘poe-'

306 1786 367 1819 tae
386 1783 532 1818 faciunt
549 1782 815 1828 metaplasmos
836 1794 919 1818 cum
938 1783 1011 1828 ipsi
1030 1783 1107 1818 iam
1127 1783 1348 1828 scripturam
1361 1783 1578 1827 relinquunt
1591 1785 1812 1829 corruptam,
1827 1785 1870 1819 ut

308 1839 365 1873 est
384 1835 599 1881 «relliquias
612 1835 807 1872 Danaum»
823 1836 925 1882 (Aen.
941 1850 954 1870 1
974 1838 1032 1882 30)
1047 1838 1085 1872 et
1104 1837 1259 1873 «tanton
1277 1848 1337 1872 me
1358 1836 1510 1872 crimine
1531 1836 1686 1882 dignum
1706 1838 1868 1874 duxisti»

308 1891 411 1936 (Aen.
426 1903 449 1924 x
470 1890 568 1934 667):
590 1888 740 1925 addidit
759 1889 858 1924 enim
877 1901 990 1925 unam
1009 1889 1175 1925 litteram
1193 1901 1260 1935 per
1283 1890 1570 1935 metaplasmum
1588 1890 1613 1933 l,
1629 1890 1721 1925 item
1740 1892 1870 1926 contra

308 1943 483 1990 (dempsit
504 1952 618 1977 unam
639 1942 805 1977 litteram
824 1954 891 1988 per
906 1943 1194 1988 metaplasmum
1210 1945 1254 1989 e),
1276 1943 1372 1978 sicut
1388 1943 1552 1978 Lucilius
1567 1943 1699 1989 (1181b
1710 1944 1763 1989 L.)
1784 1955 1870 1981 «ore

309 1998 501 2042 corupto»:
518 1995 681 2040 dempsit
700 1996 799 2031 enim
811 2007 926 2031 unam
938 1995 1103 2031 litteram
1117 2007 1184 2042 per
1195 1997 1484 2042 metaplasmum
1497 2009 1531 2032 r:
1554 1998 1591 2032 et
1604 1996 1745 2032 Ennius
1759 1998 1870 2034 «huic

310 2091 315 2097 .
334 2090 340 2096 .
360 2062 544 2096 maiorum
563 2044 683 2098 cibatu.
699 2060 742 2106 (ἃ
755 2060 801 2096 al.
816 2073 863 2095 m.
880 2063 1074 2108 superscr.)
1090 2062 1275 2098 athenis»z
1298 2063 1335 2096 et
1353 2062 1415 2097 hic
1430 2072 1577 2107 quoque
1590 2072 1657 2108 per
1669 2062 1869 2108 metaplas-

308 2127 409 2150 mum
436 2114 598 2159 dempsit
623 2114 789 2150 litteram
814 2115 858 2149 r.’
881 2114 933 2150 Cf.
954 2115 1214 2151 Lachmannus
1241 2116 1290 2150 ad
1315 2115 1473 2150 Lucr.V1
1494 2118 1596 2150 1135.

430 2333 513 2371 565
534 2333 791 2383 induperator
810 2335 892 2372 edd.
1005 2347 1091 2372 cum
1111 2333 1331 2384 legionibus
1351 2345 1464 2382 saepe
1479 2333 1643 2380 Livius,·
1663 2335 1708 2382 cf.
1725 2334 1870 2373 Lucre-

311 2394 387 2430 tius
399 2404 425 2431 v
447 2401 461 2427 1
473 2399 552 2439 227
569 2404 623 2440 sq.
719 2393 957 2442 Intelliyitur
974 2395 1069 2432 vota
1088 2394 1291 2444 nuncupat
1308 2393 1351 2431 in
1366 2392 1564 2443 Capitolio
1680 2394 1762 2432 566
1784 2394 1871 2445 rogi

317 2451 645 2499 Umpfenbachius
670 2452 747 2490 loci
775 2454 921 2491 tutatur
947 2452 1237 2509 Studemwndus
1260 2452 1446 2491 Fleckeis.
1470 2464 1560 2490 awa.
1582 2464 1694 2491 Xovn
1714 2446 1869 2506 (1868)

305 2522 347 2559 p.
366 2517 462 2558 557,
485 2511 552 2548 sed
570 2512 616 2554 ut,
637 2511 689 2548 ad
713 2512 925 2561 postquam
951 2512 1117 2550 relatum
1141 2512 1268 2550 vellet:
1294 2511 1395 2559 quod
1418 2511 1639 2549 incredibile
1662 2514 1735 2557 est,·
1760 2511 1869 2549 flam-

312 2582 378 2607 ma
396 2569 474 2607 loci
493 2570 586 2607 dicit
603 2569 847 2608 abwndanter
864 2571 931 2609 sed
948 2583 1028 2609 non
1039 2582 1166 2619 prave
1273 2571 1494 2609 conclusast
1511 2570 1669 2608 turbine
1687 2570 1871 2609 Faernus

312 2629 539 2666 concussast
562 2627 720 2666 turbine
747 2629 1073 2677 U‘mpfenbachius
1093 2641 1280 2668 concussa
1297 2636 1320 2667 e
1338 2629 1495 2667 turbine
1514 2631 1558 2667 ut
1575 2635 1597 2666 e
1616 2631 1651 2667 et
1667 2631 1694 2678 ᾗ
1712 2641 1871 2677 permu-

312 2689 395 2725 tata
418 2688 641 2725 viderentur
664 2687 951 2735 Baehrensius;
979 2689 1026 2727 de
1054 2689 1240 2727 trochaico
1269 2700 1384 2726 versu
1410 2688 1627 2726 hariolatur
1654 2687 1870 2736 Berykius;

313 2746 360 2794 cf.
382 2743 462 2794 487
487 2748 522 2784 et
538 2746 569 2784 Ι
572 2747 594 2784 l.
615 2758 669 2784 xx
690 2755 772 2795 492
795 2746 922 2800 πάντῃ
947 2761 985 2785 τε
1010 2745 1180 2786 κλονέων
1205 2745 1350 2798 ἄνεμος
1377 2745 1503 2798 φλόγα
1525 2745 1722 2796 εἰλυφάζει

316 2805 397 2843 567
413 2805 602 2843 maiorem
619 2805 735 2844 horto
756 2818 914 2844 auream
934 2806 1067 2846 ahenis
1081 2806 1361 2846 Lachmcmms
1381 2807 1403 2844 Z.
1418 2817 1447 2844 s.
1463 2817 1491 2844 c.
1504 2806 1630 2857 magis
1644 2817 1871 2845 mansuram

315 2876 466 2916 auguro
487 2864 621 2904 ahenis
641 2865 671 2903 I
674 2866 839 2914 lberyius
