2004 3278
738 185 997 222 ANNALIUM
1023 187 1110 223 LIB.
1134 188 1146 222 1
1645 190 1720 227 CLl

156 294 332 346 fuerunt,
358 298 399 336 et
418 308 518 346 quae
537 296 739 348 Vergilius
763 298 884 337 habet
902 298 999 337 Aen.
1019 312 1045 338 v
1066 299 1148 338 596
1170 301 1271 340 huuc
1289 313 1432 341 morem
1451 314 1588 341 cursus
1608 306 1719 353 atque

155 358 248 396 haec
279 358 491 396 cer-tamma
508 357 666 405 primus
690 355 901 403 Ascanius,
926 358 1107 407 Louqam
1130 361 1255 399 muris
1275 373 1361 399 cum
1380 362 1545 410 eiuyeret
1560 361 1718 408 Albam,

155 416 302 455 rettulit
325 419 359 455 et
374 417 529 464 priscos
554 415 683 454 domu
707 416 898 455 celebrare
928 417 1106 462 Latinos,
1138 420 1177 456 et
1205 419 1239 458 is
1271 421 1340 469 qui
1371 433 1495 470 paene
1527 433 1614 459 cum
1646 422 1717 461 illo

157 475 352 514 consentit
385 474 601 525 Dionysius
632 474 762 513 Halie.
788 488 803 513 1
829 475 898 524 45,
919 477 943 513 2
978 475 1133 525 μείζονα
1163 478 1456 530 περιβάλλονται
1493 478 1628 530 πόλιν,
1666 478 1717 531 ἣν

145 532 294 586 ’Ἀλβαν
319 531 517 584 ἐκάλεσαν,
542 532 581 581 ἐξ
611 527 659 584 ἧς
685 531 904 586 ὁρμώμενοι
928 532 1072 581 πολλὰς
1096 533 1162 573 καὶ
1180 533 1297 584 ἄλλοις
1317 536 1448 585 πόλεις
1467 536 1620 578 ἔκτισαν
1639 545 1716 578 τῶν

154 590 382 644 κληθέντων
415 592 601 646 Πρίσκων
631 592 829 632 Λατίνων.
864 592 1091 632 Saturniam
1125 596 1257 633 autem
1288 598 1434 634 terram
1463 599 1503 635 et
1533 599 1616 637 eius
1649 612 1716 638 no-

155 654 273 691 minis
306 653 499 703 originem
531 666 555 691 a
585 651 755 691 Saturno
786 665 878 703 rege
909 653 1023 703 pulso
1055 666 1100 691 ex
1127 651 1296 704 Olympo
1323 657 1361 693 et
1389 656 1431 694 in
1456 656 1577 695 Italia
1608 670 1716 696 exsu-

154 713 261 750 lante
282 712 440 751 ductam
464 712 537 751 hoc
562 713 697 751 tenore
722 724 958 751 memorasse
984 712 1156 750 Ennium
1182 714 1308 751 multa
1333 716 1424 753 sunt
1450 728 1550 764 quae
1575 717 1715 766 proba-

154 772 233 810 bile
253 771 431 821 reddant,
451 784 496 810 ex
518 771 659 821 quibus
678 772 776 810 haec
796 771 968 820 afferam,
989 771 1159 822 Vergilii
1178 773 1297 811 verba
1315 769 1429 826 (Aen.
1444 786 1459 811 1
1474 769 1577 828 569)
1598 787 1716 825 supra

155 832 278 870 allata
308 831 542 879 Hesperiam
578 843 762 880 mayuam
798 830 1062 878 Saturniaque
1100 843 1215 876 arva,
1254 834 1292 870 et
1323 832 1558 882 Dionysium
1589 834 1715 873 Halio.

156 903 171 928 1
192 890 260 939 35,
282 892 305 929 3
327 888 372 928 τὰ
393 887 434 929 δὲ
454 888 528 942 πρὸ
549 889 698 929 τούτων
713 887 902 940 ’Ἕλληνες
923 887 993 940 μὲν
1008 886 1263 942 Ἑσπερίαν
1282 889 1348 929 καὶ
1367 891 1570 931 Αὐσονίαν
1594 892 1717 944 αὐτὴν

153 948 339 1001 ἐκάλουν,
372 949 413 988 οἱ
445 945 481 988 δ’
519 947 717 1001 ἐπιχώριοι
748 948 1041 1002 Σατορνίαν,
1079 946 1132 995 ὡς
1169 948 1320 1002 εἴρηταί
1354 965 1420 1002 μοι
1458 950 1644 1004 πρότερον
1675 953 1711 990 h.

155 1022 187 1047 e.
209 1021 237 1047 c.
261 1010 328 1059 34,
351 1011 388 1058 1,
418 1008 487 1047 ubi
517 1009 688 1059 primum
716 1010 976 1060 congruenter
1000 1021 1089 1046 cum
1113 1008 1304 1048 Varronis
1329 1011 1555 1049 testimonio
1581 1011 1718 1050 scribit

154 1065 198 1115 ὃς
223 1073 298 1107 νῦν
324 1065 395 1119 μὲν
419 1070 693 1115 Καπιτωλῖνος
719 1065 960 1119 ὀνομάζεται,
986 1066 1063 1106 ὑπὸ
1091 1065 1132 1106 δὲ
1160 1073 1237 1106 τῶν
1269 1067 1351 1107 τότε
1383 1067 1608 1121 ἀνθρώπων
1633 1072 1715 1109 Σα-

153 1126 305 1179 τόρνιος
331 1125 475 1180 ἐλέγετο
502 1126 628 1179 ὥσπερ
654 1125 704 1165 ἂν
731 1127 832 1166 εἴποι
858 1141 915 1174 τις
929 1124 1086 1165 Ἑλλάδι
1106 1133 1221 1182 φωνῇ
1242 1127 1411 1179 Κρόνιος
1431 1130 1470 1166 et
1488 1129 1607 1178 paulo
1626 1132 1717 1180 post

154 1181 220 1240 (5)
252 1184 305 1234 ὡς
337 1181 373 1225 δ’
407 1184 481 1239 ἐγὼ
513 1185 830 1238 συμβαλλόμενος
862 1185 1048 1238 εὑρίσκω,
1079 1184 1146 1225 καὶ
1176 1185 1270 1239 πρὶν
1291 1183 1480 1239 ‘Homul-{oc
1505 1185 1635 1227 ἐλθεῖν
1661 1189 1715 1236 εἰς

149 1242 313 1285 Ἰταλίαν
338 1244 439 1296 ἱερὸς
464 1240 515 1298 ἦν
541 1243 561 1284 ὁ
587 1244 706 1293 τόπος
730 1251 800 1285 τοῦ
830 1244 990 1298 Κρόνου
1023 1245 1262 1297 καλούμενος
1287 1244 1363 1285 ὑπὸ
1389 1251 1466 1285 τῶν
1498 1244 1713 1300 ἐπιχωρίων

153 1304 384 1358 Σατόρνιος,
408 1303 474 1344 καὶ
497 1302 522 1356 ἡ
549 1302 644 1356 ἄλλη
671 1303 712 1344 δὲ
742 1303 838 1356 ἀκτὴ
873 1304 1057 1356 σύμπασα
1088 1302 1112 1355 ἡ
1145 1310 1220 1344 νῦν
1242 1300 1382 1344 Ἰταλία
1409 1303 1629 1357 καλουμένη
1664 1310 1716 1361 τῷ

152 1367 235 1420 θεῷ
266 1364 389 1420 τούτῳ
430 1362 620 1415 ἀνέκειτο,
651 1364 850 1417 Σατορνία
886 1362 985 1417 πρὸς
1021 1369 1099 1403 τῶν
1137 1362 1397 1404 ἐνοικούντων
1435 1361 1716 1417 ὀνομαζομένη,

152 1422 205 1471 ὡς
230 1422 332 1463 ἔστιν
357 1422 486 1476 εὑρεῖν
519 1422 561 1462 ἔν
592 1438 631 1463 τε
656 1423 903 1475 Σιβυλλείοις
935 1422 1010 1462 τισὶ
1042 1423 1186 1476 λογίοις
1210 1421 1275 1462 καὶ
1306 1421 1436 1470 ἄλλοις
1467 1425 1715 1477 χρηστηρίοις

153 1485 232 1522 κτλ.
264 1482 340 1529 Qui
365 1496 397 1522 c.
419 1484 472 1522 36
500 1484 559 1522 ita
583 1484 717 1534 pergit
734 1479 843 1522 ’Ἐστι
869 1481 912 1522 δέ
935 1498 992 1530 τις
1018 1480 1084 1522 καὶ
1109 1481 1235 1535 ἕτερος
1254 1482 1366 1535 λόγος
1386 1481 1462 1522 ὑπὸ
1483 1489 1560 1522 τῶν
1579 1482 1715 1536 ἐπιχω-

153 1542 251 1594 ρίων
276 1542 638 1595 μυθολογούμενος,
664 1540 717 1590 ὡς
741 1541 816 1595 πρὸ
842 1548 910 1594 τῆς
929 1541 1026 1589 Διὸς
1045 1540 1165 1594 ἀρχῆς
1185 1539 1205 1581 ὅ
1225 1540 1379 1594 Κρόνος
1398 1540 1440 1580 ἐν
1459 1548 1504 1596 τῇ
1524 1549 1574 1597 γῇ
1594 1545 1714 1599 ταύτῃ

154 1601 436 1641 δυναστεύσειε.
461 1602 641 1652 Denique
662 1601 849 1642 Ovidium
874 1603 917 1641 in
940 1602 1055 1641 fastis
1074 1614 1090 1639 1
1111 1602 1192 1640 235
1219 1602 1292 1640 hac
1318 1612 1383 1651 eqo
1401 1601 1616 1640 Saturnum
1640 1615 1715 1642 me-

151 1663 251 1700 mim'
274 1661 407 1701 tellure
437 1664 647 1710 receptum:
677 1662 876 1700 caelitibus
905 1663 1035 1710 requis
1061 1673 1085 1700 a
1110 1661 1202 1699 Iove
1219 1661 1363 1709 pulsus
1394 1664 1497 1708 erat;
1527 1662 1616 1700 inde
1647 1662 1716 1700 diu

149 1722 253 1770 qeuti
282 1722 427 1760 mansu
450 1720 642 1760 Saturnia
671 1732 810 1760 nomeu
835 1733 903 1770 eqs
936 1722 975 1759 et
999 1720 1221 1770 Vergilium
1246 1719 1343 1758 Aen.
1364 1732 1436 1759 vm
1455 1721 1539 1759 319
1558 1722 1716 1769 primus

153 1781 201 1819 ab
227 1781 393 1819 aetherio
417 1782 520 1819 veuit
543 1780 740 1819 Saturnus
765 1780 925 1830 Olympo
951 1792 1065 1819 arma
1083 1780 1191 1818 Iovis
1215 1781 1370 1828 fuyieus
1399 1782 1432 1818 et
1455 1781 1584 1829 reguis
1610 1781 1716 1819 exsul

152 1840 341 1888 ademptis
356 1870 364 1878 .
379 1869 386 1877 .
404 1869 411 1877 .
432 1834 557 1894 (329)
571 1841 728 1888 saepius
743 1843 777 1878 et
787 1851 927 1879 nomeu
932 1840 1068 1888 posuit
1079 1838 1270 1878 Saturnia
1283 1839 1403 1878 tellus.
1424 1839 1565 1889 Itaque
1580 1840 1716 1878 videor

152 1899 251 1937 mihi
275 1900 380 1938 recte
406 1912 469 1937 xx.
491 1911 570 1937 xxt.
591 1911 677 1937 xxn
696 1900 906 1938 coniuncta
924 1899 998 1937 hoc
1018 1899 1103 1937 loco
1123 1899 1351 1937 inseruisse:
1379 1911 1617 1948 quamquam
1638 1911 1715 1937 non

151 1959 291 2010 ignoro
323 1958 444 1997 fuisse
477 1959 547 2008 qui
572 1971 641 1996 xxi
672 1960 712 1997 et
736 1971 823 1996 xxn
853 1958 975 1997 Ennii
1006 1957 1226 1996 Euhemero
1259 1957 1430 1996 adscribi
1459 1957 1640 2006 mallent,
1677 1959 1716 1996 et

151 2018 321 2056 maxime
346 2018 419 2056 hoc
444 2018 640 2068 posterius
669 2030 757 2057 cum
785 2029 856 2056 suo
887 2017 1035 2056 obsidio
1065 2028 1231 2065 mayuus
1260 2017 1444 2055 Titanum
1466 2017 1666 2064 premebat
1691 2029 1715 2054 a

152 2076 282 2115 Nonio
308 2089 386 2116 non
411 2076 585 2115 indicato
611 2076 713 2115 libro
739 2077 905 2115 citatum
931 2076 1169 2126 comparatis
1195 2074 1325 2113 verbis
1358 2087 1457 2124 quae
1482 2073 1713 2113 Lactantius

152 2149 198 2174 ex
224 2148 268 2174 eo
296 2136 398 2174 libro
428 2135 542 2174 affert
572 2136 709 2174 deinde
738 2136 854 2173 Titana
877 2138 1086 2183 postquam
1116 2135 1268 2173 rescivit
1292 2132 1462 2172 Saturno
1493 2133 1596 2180 filios
1619 2145 1713 2182 pro-

152 2198 297 2234 creatos
322 2197 435 2243 atque
460 2195 637 2233 educatos
663 2205 742 2232 esse
761 2194 862 2233 clam
879 2205 930 2239 se,
954 2193 1101 2232 seducit
1117 2204 1246 2231 secum
1263 2193 1366 2240 filios
1384 2203 1474 2231 suos
1493 2193 1560 2241 qui
1582 2193 1714 2231 Titani

151 2256 349 2299 vocantur,
373 2255 609 2302 fratremque
632 2264 748 2292 suum
766 2252 982 2292 Saturnum
1007 2255 1118 2300 atque
1140 2251 1258 2300 Opem
1276 2251 1557 2299 comprehendit
1580 2263 1714 2300 eosque

151 2324 262 2351 muro
294 2314 514 2362 circumeyit
545 2315 579 2351 et
611 2313 825 2351 custodiam
854 2313 914 2351 his
945 2313 1106 2360 appom't
1131 2305 1247 2363 (Euh.
1269 2304 1329 2363 1v)
1361 2311 1556 2360 imprimis
1582 2309 1713 2360 Geyza

152 2369 348 2422 Nemethy
374 2367 554 2425 (Euhem.
575 2372 685 2421 reliq.
706 2371 857 2422 Budap.
882 2371 993 2410 1889
1014 2384 1051 2420 p.
1075 2371 1193 2420 19sq.
1216 2365 1303 2422 56),
1335 2371 1380 2407 ut
1410 2370 1569 2407 mittam
1602 2369 1713 2418 alios,

154 2433 208 2471 sic
234 2431 482 2470 emendatum
507 2443 594 2470 cum
617 2442 679 2469 sos
706 2426 760 2484 (h.
783 2444 812 2469 e.
835 2429 1049 2470 Saturnum
1076 2431 1115 2467 et
1135 2423 1277 2481 Opem)
1297 2429 1443 2467 obsidio
1462 2440 1626 2477 magmas
1650 2429 1712 2467 Ti-

152 2494 267 2529 tanus
279 2492 479 2539 premebat
497 2491 707 2529 Euhemeri
725 2490 904 2539 reliquiis
923 2488 1191 2539 recipiendum
1211 2500 1293 2527 esse
1320 2487 1557 2527 confidenter
1580 2489 1713 2538 posuit

153 2563 198 2588 ex
224 2563 346 2600 eaque
371 2563 413 2589 re
437 2551 541 2589 hunc
566 2550 711 2588 librum
732 2550 853 2587 Ennii
876 2549 1044 2587 heroicis
1069 2548 1246 2586 versibus
1273 2548 1475 2586 exaratum
1495 2547 1615 2586 fuisse
1635 2546 1711 2585 col-

153 2609 261 2660 legit.
294 2609 353 2648 De
378 2610 450 2648 hac
478 2610 707 2659 quaestione
733 2621 836 2647 nunc
862 2607 1057 2659 agendum
1082 2619 1160 2646 non
1185 2608 1255 2656 est,
1281 2607 1349 2645 sed
1373 2606 1593 2645 emendatio
1622 2606 1710 2653 ista,

153 2669 187 2706 si
212 2667 307 2718 quid
333 2670 472 2717 sentio,
496 2668 713 2719 probabilis
739 2680 817 2707 non
843 2669 912 2716 est,
939 2678 983 2705 ac
1007 2667 1102 2705 licet
1125 2678 1260 2706 versus
1286 2666 1349 2704 vel
1375 2678 1421 2704 ea
1439 2665 1566 2703 forma
1592 2676 1710 2713 quam

152 2727 281 2777 recepi
306 2727 458 2777 aliquid
484 2727 756 2766 similitudinis
781 2726 926 2765 habeat
951 2738 1038 2764 cum
1075 2725 1124 2764 iis
1163 2738 1263 2775 quae
1294 2724 1523 2763 Lactantius
1562 2722 1709 2769 attulit,

152 2788 284 2824 tamen
309 2786 482 2825 Nonium
510 2786 628 2824 Ennii
660 2786 922 2824 Euhemerum
954 2786 1156 2835 cognitum
1186 2784 1369 2822 habuisse
1400 2782 1568 2820 multum
1600 2780 1710 2818 abest

154 2846 199 2882 ut
223 2845 407 2884 credibile
433 2847 502 2884 sit:
529 2858 645 2895 quem
670 2845 814 2883 librum
833 2844 960 2883 Varro
981 2839 1099 2897 (Euh.
1120 2838 1211 2896 xm)
1238 2841 1459 2881 subindicat
1482 2839 1618 2889 paucis
1640 2851 1708 2876 no-

153 2905 238 2942 tum
263 2904 395 2954 fuisse,
422 2917 466 2943 ac
490 2906 646 2955 praeter
667 2903 863 2944 Ciceronis
884 2903 1291 2942 commemorationem
1312 2900 1360 2940 ab
1381 2899 1469 2937 aliis
1487 2898 1708 2948 repetitam,

1758 2980 1762 3007 2
