2004 3278
630 167 959 205 HIERONYMUS.
999 170 1304 207 AUGUSTINUS
1604 172 1749 209 CXXIII

188 280 319 320 fuisse.
340 279 399 318 De
413 279 516 318 caelo
531 281 663 318 autem
669 281 807 328 palato
821 282 1020 332 appellato
1036 278 1128 336 (1110.
1147 278 1220 337 16)
1236 297 1337 334 quae
1351 284 1571 324 Varronem
1585 287 1630 323 ut
1641 286 1749 324 vide-

186 341 253 378 tur
277 340 445 388 secutus,
470 351 550 377 non
576 341 681 377 certo
708 342 827 389 poeta
851 341 1026 390 laudato,
1053 344 1244 392 exposuit,
1270 356 1315 382 ea
1341 356 1411 382 nos
1438 343 1623 383 Cicerone
1649 346 1748 383 teste

188 398 239 438 ad
263 398 436 436 Ennium
468 399 664 448 pertinere
697 399 851 447 scimus,
885 402 954 449 qui
985 401 1080 439 caeli
1104 402 1286 449 palatum
1317 402 1469 441 dixerit.
1502 403 1567 442 Ad
1599 404 1748 443 alienos

186 459 317 506 testes,
349 470 429 496 non
460 457 511 496 ad
536 457 720 507 Ennium,
751 458 890 497 referri
923 459 1056 498 credas
1088 462 1172 498 tam
1205 461 1310 510 quod
1334 461 1579 513 Augustinus
1604 463 1748 513 Pyrrhi

175 517 422 556 vaticinium
448 512 556 570 (ann.
581 518 662 555 179
690 530 727 566 p.
750 511 843 569 33),
869 518 937 555 sed
961 531 1040 556 11011
1066 519 1184 556 Ennii
1210 533 1384 569 versum,
1415 533 1552 559 verum
1577 523 1748 561 solutam

187 578 313 615 metro
333 577 582 625 sententiam,
602 577 751 625 attulit,
779 589 897 625 quam
918 577 1023 626 quod
1042 577 1215 616 Ennium
1236 573 1328 631 (inc.
1352 574 1425 632 50)
1447 592 1585 618 sonum
1604 582 1747 631 pedum

187 636 364 674 bombwm
381 635 530 684 pedum
549 635 812 686 appellavisse
834 636 982 685 scribit,
1009 649 1251 686 quamquam
1269 637 1344 676 hoc
1365 651 1440 687 quo
1462 642 1622 678 auctore
1641 641 1749 679 dicat

186 696 485 745 incompertum.
525 695 601 741 Qui
632 708 725 733 vero
757 695 827 732 uni
851 694 1076 746 Augustino
1109 698 1291 746 acceptus
1317 697 1442 735 fertur
1466 710 1601 737 versus
1628 699 1748 737 Ennii

188 750 296 803 (ann.
320 749 424 807 560)
456 765 585 793 ommes
609 755 789 792 mortales
813 766 894 793 sese
919 755 1123 793 laudarier
1147 758 1291 803 optant,
1324 770 1439 805 quem
1464 758 1531 795 ille
1559 758 1655 796 adeo
1687 759 1747 796 bis

186 814 378 862 laudavit,
411 814 623 865 singularis
656 814 715 853 est
746 814 942 852 sententia
973 815 1105 852 nescio
1132 827 1156 852 a
1182 827 1258 864 quo
1284 816 1411 864 primo
1442 828 1487 853 ex
1513 817 1634 854 Ennii
1665 829 1748 855 car-

186 874 293 912 mine
317 873 486 922 sublata,
513 885 613 922 quae
639 874 703 912 vel
729 874 765 911 ei
789 874 885 911 nota
912 885 994 912 esse
1020 874 1152 924 potuit
1179 875 1247 923 qui
1270 874 1442 913 Ennium
1461 888 1540 914 non
1559 877 1747 927 tetigerit.

186 932 251 971 Ad
275 932 540 971 Euhemerum
566 932 686 970 Ennii
713 945 812 982 quae
837 933 1035 983 pertinere
1061 934 1302 982 putaverunt
1327 947 1372 972 ex
1397 934 1613 986 Augustini
1637 937 1747 974 testi-

186 992 331 1040 monio,
358 1005 404 1030 ea
430 1004 498 1030 cur
523 991 572 1030 ab
599 992 728 1030 Ennio
755 992 885 1030 aliena
910 992 1078 1030 habeam
1104 992 1201 1030 alibi
1227 994 1405 1042 exposui:
1432 993 1478 1031 cf.
1499 1007 1535 1043 p.
1559 995 1654 1032 229.

305 1051 390 1097 Quo
415 1051 581 1090 inferius
606 1052 648 1089 in
673 1053 853 1101 tempora
879 1051 1161 1100 descendimus,
1187 1065 1231 1090 eo
1257 1053 1387 1090 minus
1413 1054 1472 1091 est
1492 1053 1538 1090 de
1559 1055 1748 1092 memoria

187 1110 308 1149 Ennii
326 1110 590 1149 referendum:
612 1123 712 1160 quae
731 1112 861 1150 tenuis
882 1113 941 1150 est
961 1111 1067 1161 apud
1078 1111 1322 1149 Martianum
1337 1110 1540 1161 Capellam
1560 1107 1613 1164 (a.
1631 1108 1748 1165 439),

187 1171 255 1219 qui
281 1170 330 1208 ab
355 1169 525 1219 Apuleio
550 1171 721 1209 relatum
746 1170 944 1209 distichon
970 1171 1196 1209 Ennianum
1223 1171 1328 1220 quod
1354 1171 1559 1209 duodecim
1588 1171 1749 1210 deorum

186 1229 347 1267 nomina
368 1230 547 1268 coartata
567 1231 743 1268 continet
757 1224 865 1283 (ann.
883 1231 935 1268 62
947 1225 1023 1283 sq.)
1043 1231 1086 1268 in
1106 1243 1176 1268 sua
1196 1230 1332 1268 fabula
1352 1230 1532 1268 adhibuit
1546 1232 1585 1268 et
1598 1231 1749 1269 accedit

185 1288 352 1328 testibus
372 1300 393 1327 o
417 1290 498 1328 Tite
523 1292 599 1327 tute
622 1290 709 1328 Tati
731 1284 838 1342 (ann.
862 1283 964 1342 109)
985 1289 1053 1327 sed
1073 1290 1156 1327 sine
1177 1290 1296 1327 Ennii
1320 1290 1479 1328 1101111110
1497 1290 1748 1339 testantibus,

185 1348 315 1387 tenuis
343 1348 448 1398 apud
468 1346 653 1387 Orosium
673 1343 726 1402 (a.
742 1343 860 1402 417),
881 1350 950 1398 qui
970 1349 1090 1387 semel
1108 1348 1269 1387 Medeae
1287 1349 1468 1387 meminit
1487 1361 1617 1388 amore
1635 1361 1748 1388 saevo

184 1409 342 1446 sauciae
368 1402 487 1460 (scen.
511 1402 614 1461 254)
648 1409 687 1446 et
717 1409 881 1446 titulum
906 1421 929 1446 a
954 1408 1106 1458 Pyrrho
1132 1410 1224 1458 post
1248 1421 1422 1459 pugnam
1447 1408 1748 1447 Heracleensem

185 1468 228 1505 in
252 1467 401 1516 templo
427 1467 533 1506 Iovis
559 1467 765 1506 Tarentini
791 1467 962 1506 adfixum
983 1462 1091 1520 (ann.
1115 1469 1196 1506 192
1207 1462 1282 1521 sq.)
1309 1468 1493 1516 servavit,
1521 1480 1635 1517 quem
1655 1481 1747 1506 eun-

186 1526 274 1564 dem
298 1526 466 1565 historia
498 1527 675 1565 miscella
706 1528 831 1576 tenet3
866 1527 1071 1577 probabile
1102 1528 1207 1566 enim
1238 1529 1297 1566 est
1321 1527 1391 1566 hos
1417 1539 1551 1566 versus
1578 1527 1675 1566 duos
1702 1540 1747 1566 ex

186 1585 307 1623 Ennii
327 1586 536 1625 annalibus
556 1588 799 1637 propagatos
820 1599 914 1626 esse.
934 1587 1017 1625 Nec
1035 1587 1161 1637 pluris
1181 1586 1384 1625 faciendus
1405 1599 1475 1625 nec
1488 1588 1622 1624 tamen
1635 1599 1746 1636 prae-

184 1645 396 1684 tereundus
427 1647 487 1683 est
522 1646 696 1685 eiusdem
733 1647 881 1685 saeculi
913 1645 1069 1685 Caelius
1100 1645 1338 1685 Aurelianus
1376 1645 1549 1685 medicus
1586 1647 1748 1696 propter

187 1700 340 1753 â€˜traqici
357 1702 509 1753 poetae'
536 1706 768 1744 memoriam
795 1706 863 1755 qui
887 1717 1042 1744 sacram
1066 1708 1211 1745 noctem
1235 1707 1261 1744 i.
1282 1717 1310 1745 e.
1330 1717 1514 1755 maynam
1533 1706 1747 1754 appellave-

184 1764 238 1802 rit
262 1758 370 1816 (adn.
391 1764 440 1802 ad
460 1776 560 1803 50011.
584 1765 666 1803 112
687 1778 724 1814 p.
748 1759 864 1817 136).

303 1823 390 1862 Hoc
408 1824 495 1862 loco
515 1825 724 1874 interpono
744 1823 951 1863 Lutatium
965 1818 1258 1877 (Lactantium)
1273 1823 1479 1862 Placidum
1494 1823 1614 1862 Statii
1626 1824 1746 1862 inter-

184 1884 348 1932 pretem,
375 1896 491 1933 quem
517 1896 606 1922 cum
630 1883 792 1923 Placido
819 1884 1039 1935 glossarum
1065 1884 1256 1933 scriptore
1283 1883 1448 1921 eundem
1482 1894 1563 1922 esse
1591 1884 1745 1933 putant.

186 1941 262 1980 Sed
287 1941 333 1980 de
360 1943 512 1994 glossis,
539 1943 645 1992 quod
664 1956 785 1995 genus
804 1944 926 1982 latius
947 1944 1069 1993 patet,
1094 1943 1201 1981 infra
1221 1943 1376 1994 agetur3
1404 1954 1503 1992 quae
1523 1955 1615 1980 vero
1642 1954 1745 1980 com-

184 2002 400 2040 mentarius
414 2002 568 2041 Placidi
587 2002 718 2051 habet,
736 2003 867 2051 liceat,
888 2003 1068 2052 quamvis
1087 2003 1239 2040 incerta
1259 2001 1454 2051 opinione,
1473 2001 1538 2038 hic
1557 2002 1745 2049 inserere3

183 2060 303 2099 habet
328 2062 461 2099 autem
485 2074 563 2099 non
582 2062 722 2110 multa,
746 2062 901 2111 reliqua
921 2074 1009 2099 cum
1029 2062 1118 2100 aliis
1139 2061 1373 2108 communia,
1399 2061 1504 2099 solus
1525 2060 1601 2098 duo
1623 2072 1745 2109 quan-

184 2120 279 2158 tivis
293 2120 425 2170 pretii,
444 2134 566 2158 unum
585 2133 742 2159 versum
761 2115 870 2173 (ann.
886 2114 990 2173 469)
1012 2132 1098 2159 cam
1116 2131 1196 2158 sese
1215 2121 1376 2158 exsiccat
1393 2130 1525 2157 somno
1544 2119 1592 2156 R.
1611 2120 1745 2157 iuven-

184 2181 245 2216 tus
271 2180 311 2217 et
334 2191 470 2218 versus
496 2179 592 2218 duos
613 2179 819 2218 continuos
840 2174 948 2231 (ann.
971 2179 1053 2217 519
1064 2173 1140 2232 sq.)
1160 2190 1319 2227 cumque
1340 2181 1457 2226 caput
1474 2178 1634 2222 caderet,
1660 2190 1744 2216 car-

184 2249 271 2276 men
295 2239 388 2277 taba
412 2238 496 2277 sola
513 2239 664 2288 pereyit
687 2238 741 2276 Et
757 2241 943 2286 percaute
961 2239 1045 2276 viro
1065 2250 1142 2287 eqs.
1170 2237 1318 2284 Quibus
1339 2236 1440 2276 addo
1459 2238 1556 2275 item
1575 2250 1620 2275 ex
1641 2249 1743 2276 com-

184 2298 378 2336 mentario
406 2297 588 2336 Statiano
614 2297 729 2336 unius
756 2298 913 2336 Barthii
941 2297 1015 2335 fide
1041 2298 1240 2336 servatum
1267 2296 1504 2335 versiculum
1530 2309 1618 2335 ann.
1647 2297 1742 2334 573.

303 2356 386 2395 Nec
413 2356 669 2395 Consentium
700 2356 928 2404 obliviscar,
960 2357 1070 2395 cuius
1104 2369 1166 2395 ars
1198 2356 1245 2394 de
1276 2356 1531 2394 barbarismis
1557 2357 1597 2393 et
1621 2357 1743 2393 meta-

184 2416 347 2466 plasmis
379 2430 501 2454 unum
534 2416 692 2466 quidem
725 2429 881 2455 versum
913 2416 1033 2453 Ennii
1065 2410 1173 2468 (ann.
1196 2410 1299 2468 567)
1332 2415 1437 2454 solus
1469 2414 1646 2452 exhibuit
1676 2414 1743 2453 sed

186 2487 274 2513 eum
300 2477 475 2526 graviter
500 2476 761 2525 depravatum
785 2487 856 2513 nec
881 2476 965 2514 ulla
989 2474 1187 2524 probabili
1211 2476 1365 2513 ratione
1392 2474 1442 2513 ad
1472 2475 1743 2525 integritatem

184 2536 422 2573 revocatum.
666 2538 668 2540 â€œ

303 2593 490 2643 Superest
519 2596 565 2632 ut
596 2594 672 2632 duo
706 2595 774 2643 qui
802 2596 1024 2643 temporum
1048 2593 1202 2631 ratione
1226 2594 1489 2642 insequuntur
1512 2591 1630 2631 verbo
1656 2604 1742 2640 per-

185 2653 395 2704 stringam,
426 2653 638 2692 Boethium
670 2647 795 2706 (510)
829 2654 897 2702 qui
927 2653 970 2690 in
1009 2653 1289 2691 commentario
1324 2653 1366 2690 in
1397 2651 1623 2690 Aristotelis
1655 2647 1742 2699 Ï€ÎµÏá½¶

184 2709 388 2761 á¼‘ÏÎ¼Î·Î½Îµá½·Î±Ï‚
409 2706 485 2764 (Î¿á¾±.
500 2725 530 2750 11
548 2726 586 2762 p.
609 2713 676 2761 82,
699 2713 751 2750 14
766 2706 939 2765 Meiser.)
959 2711 1023 2750 aio
1042 2715 1075 2750 te
1087 2711 1263 2751 Aeacida
1282 2723 1349 2761 eqs
1370 2706 1477 2762 (ann.
1502 2704 1603 2760 179)
1623 2709 1741 2746 toties

185 2773 446 2809 memoratum
465 2773 711 2819 memoravit,
739 2771 843 2820 quod
861 2771 1133 2810 testimonium
1153 2783 1282 2809 errore
1305 2771 1491 2808 omissum
1514 2768 1650 2805 ceteris
1675 2766 1741 2804 ad-

185 2828 355 2867 dendum
369 2832 438 2878 est,
450 2832 489 2868 et
498 2830 752 2882 Fulgentium
765 2825 817 2883 (a.
828 2824 1094 2882 496â€”523),
1105 2830 1214 2868 cuius
1226 2829 1414 2878 opuscula
1424 2839 1526 2864 nunc
1539 2826 1583 2862 R.
1592 2825 1740 2862 Helmii

184 2889 262 2926 mei
274 2887 460 2927 beneficio
481 2889 551 2928 sub
573 2889 708 2928 eodem
721 2890 949 2940 tegumento
968 2889 1048 2942 legi
1066 2890 1242 2939 possunt,
1263 2888 1330 2936 qui
1351 2885 1454 2935 quod
1475 2885 1588 2923 affert
1606 2884 1648 2921 in
1662 2896 1739 2921 ser-

1759 2982 1763 3007 2
