2004 3278
288 198 430 234 CCVIII
784 195 827 230 H.
854 195 919 229 DE
945 194 1099 229 LIBRIS
1124 193 1357 229 ENNIANIS

290 304 385 363 (tv),
412 310 452 346 et
475 307 594 345 titulo
619 307 693 345 hoc
719 305 872 355 addere,
899 319 976 356 quo
999 306 1176 345 condicio
1195 318 1385 355 personae
1404 306 1658 355 indicaretur,
1682 318 1762 345 non
1780 307 1853 344 mi-

289 380 362 406 nus
387 368 547 416 poetam
575 365 738 404 decebat
769 379 889 415 quam
916 361 1187 417 Ἀνδρομάχην
1226 364 1468 417 αἰχμάλωτον
1498 366 1717 416 appellare:
1749 364 1853 415 quod

289 429 501 474 utrumque
526 425 657 463 Nonio
684 427 889 474 acceptum
914 425 1054 473 fertur,
1079 437 1150 463 nec
1174 426 1367 463 miramur
1389 424 1494 474 quod
1518 426 1675 475 saepius
1701 424 1855 474 simpli-

289 487 388 524 citer
406 487 453 522 ut
471 484 749 522 Andromacha
774 485 830 522 sic
849 484 987 522 Medea
1012 486 1188 523 vocatur.
1214 484 1424 522 Dubitafio
1451 485 1580 523 oritur
1604 498 1652 523 ex
1676 497 1721 523 eo
1748 483 1854 534 quod

290 557 389 594 quae
416 546 590 582 extrema
615 545 783 593 apposui
808 538 931 596 (xvn)
957 543 1059 582 Asta
1083 547 1195 592 atque
1226 542 1400 581 Athenas
1431 545 1602 582 anticum
1632 544 1854 592 opulentum

290 604 476 652 oppidum
501 604 714 651 contempla
739 615 819 652 eqs,
844 606 892 641 ut
917 603 966 642 ab
992 603 1195 652 Euripidis
1214 603 1364 651 Medea,
1391 615 1511 652 quam
1524 604 1676 642 Ennius
1695 605 1853 641 secutus

290 665 360 711 est,
386 663 516 701 aliena
542 665 644 711 sunt,
676 663 734 700 ita
766 674 837 712 pro
864 661 1053 700 Corintho
1086 674 1242 701 scenam
1266 661 1435 701 Athenis
1467 675 1549 701 esse
1579 665 1758 712 poscunt.
1789 661 1854 700 Ita

291 725 387 760 nata
413 725 472 760 est
497 723 630 771 opinio
655 722 872 760 multorum
897 722 1019 759 Ennii
1044 722 1142 760 duas
1168 722 1288 760 fuisse
1313 722 1482 770 Medeas,
1508 722 1676 760 alteram
1700 722 1853 759 exulem

290 782 354 820 vel
380 780 638 829 Corinthiam,
664 782 832 819 alteram
858 794 958 830 quae
978 781 1230 819 Atheniensis
1257 782 1451 831 appellari
1470 781 1658 831 potuerit,
1683 782 1792 819 cuius
1812 780 1855 819 id

290 841 372 879 fere
398 842 675 891 argumentum
699 840 820 878 fuerit
846 841 951 889 quod
976 841 1055 878 fuit
1080 840 1282 890 Euripidis
1308 838 1350 879 ἐν
1376 840 1509 893 Αἰγεῖ,
1534 841 1582 878 de
1608 854 1687 890 qua
1718 840 1854 878 fabula

291 900 410 938 schol.
434 899 546 938 Iliad.
566 912 609 937 XI
632 901 712 938 741
740 900 837 938 haec
855 900 1023 938 tradunt
1043 899 1206 950 Μήδεια
1228 897 1376 951 ἐγένετο
1395 899 1548 950 Αἰήτου
1569 897 1640 951 μὲν
1659 899 1855 952 θυγάτηρ,

289 956 462 1005 Ἰάσονος
487 956 529 997 δὲ
553 957 667 1011 γυνή.
693 958 792 1010 αὕτη
819 957 911 1009 μετὰ
940 957 1011 1009 τὴν
1036 957 1352 1011 ἀπεργασθεῖσαν
1377 957 1419 998 ἐν
1445 959 1635 1014 Κορίνθῳ
1654 972 1853 998 τεκνοκτο-

291 1019 383 1058 νίαν
409 1016 539 1070 φυγὰς
563 1017 620 1065 εἰς
641 1014 817 1067 Ἀθήνας
841 1016 1003 1068 ἀφίκετο
1029 1017 1095 1057 καὶ
1113 1017 1297 1070 ἐγαμήθη
1317 1016 1400 1057 ἐκεῖ
1411 1018 1528 1070 Αἷκγεῖ
1550 1021 1601 1073 τῷ
1616 1018 1854 1064 Πανδίονος.

291 1076 408 1116 κάκεῖ
437 1075 568 1128 Θησέα
598 1076 666 1116 τὸν
697 1075 736 1124 ἐξ
761 1077 920 1129 Αἴθρας
950 1076 1162 1129 γενόμενον
1193 1078 1246 1132 τῷ
1272 1077 1391 1130 Αἰγεῖ
1415 1076 1479 1116 ἐπὶ
1509 1076 1577 1117 τὸν
1608 1083 1677 1116 τοῦ
1710 1076 1855 1129 πατρὸς

293 1135 593 1189 ἀναγνωρισμὸν
630 1135 673 1175 ἐκ
706 1137 919 1189 Τροιζῆνος
950 1135 1208 1188 ἀφικόμενον,
1238 1136 1370 1175 πείθει
1402 1136 1470 1176 τὸν
1495 1135 1620 1189 Αἰγέα
1645 1136 1855 1189 φάρμακον

292 1195 398 1251 αὐτῷ
419 1196 559 1235 δοῦναι
577 1194 803 1246 θανάσιμον
823 1226 831 1233 .
854 1228 861 1235 .
884 1227 891 1234 .
916 1195 958 1235 τὸ
979 1194 1049 1247 μὲν
1069 1196 1279 1248 φάρμακον
1298 1194 1489 1247 ἀφείλετο,
1514 1194 1586 1246 τὴν
1606 1193 1648 1234 δὲ
1667 1195 1855 1246 Μήδειαν

293 1253 446 1306 ἐξέβαλε
471 1260 540 1305 τῆς
563 1250 745 1305 Ἀττικῆς.
772 1255 914 1304 Itaque
933 1257 989 1294 sic
1008 1257 1192 1294 statuunt
1210 1268 1345 1294 versus
1364 1257 1462 1294 istos
1482 1255 1685 1294 Ennianos
1704 1257 1746 1293 in
1764 1267 1856 1304 pro-

292 1315 384 1365 logo
417 1314 579 1353 alterius
611 1314 771 1353 Medeae
802 1315 958 1353 habitos
990 1315 1111 1353 fuisse
1143 1317 1183 1353 et
1213 1316 1343 1354 nescio
1376 1328 1505 1364 quem,
1533 1315 1700 1354 fortasse
1724 1316 1855 1364 ipsum

292 1374 481 1425 Aegeum,
507 1373 735 1412 advenienti
759 1374 920 1412 Medeae
939 1374 1116 1412 Athenas
1143 1376 1183 1412 et
1209 1387 1309 1423 quae
1335 1374 1460 1424 aspici
1484 1369 1718 1427 poterant*)
1746 1386 1855 1412 mon-

295 1436 451 1482 strasse,
477 1434 557 1471 fere
583 1435 628 1470 ut
652 1433 905 1484 paedagogus
925 1435 967 1471 in
985 1435 1150 1484 prologo
1171 1434 1352 1472 Electrae
1373 1434 1623 1483 Sophocleae.
1649 1434 1758 1471 Haec
1777 1433 1856 1471 illi:

293 1505 421 1542 pauca
446 1493 579 1542 accipe
606 1494 753 1531 contra.
781 1492 893 1537 Quod
919 1487 974 1546 (p.
1000 1494 1081 1531 162
1109 1493 1159 1531 ad
1181 1506 1278 1530 MED.
1298 1488 1381 1546 EX.)
1409 1494 1547 1543 scripsi
1573 1493 1792 1531 Varronem
1817 1494 1858 1530 et

296 1552 524 1590 Ciceronem
548 1565 627 1590 non
652 1552 778 1590 videri
803 1553 881 1590 nisi
905 1565 1025 1590 unam
1049 1553 1229 1591 Medeam
1254 1553 1455 1603 cognitam
1479 1553 1675 1600 habuisse,
1700 1554 1859 1601 poterat

295 1611 388 1649 addi
406 1611 572 1659 Nonius,
599 1612 668 1660 qui
694 1611 853 1660 quidem
878 1611 998 1649 semel
1023 1614 1063 1650 et
1083 1613 1228 1650 iterum
1247 1612 1430 1650 Medeam
1449 1613 1596 1650 exulem
1616 1608 1674 1665 (11.
1694 1606 1740 1664 v)
1761 1611 1857 1649 cita-

294 1672 365 1718 vit,
385 1670 452 1708 sed
472 1683 560 1708 cum
580 1682 664 1707 xm
680 1671 762 1708 287
777 1670 879 1709 Asta
898 1673 1010 1719 atque
1022 1670 1196 1709 Athenas
1210 1701 1218 1708 .
1235 1700 1242 1708 .
1263 1672 1476 1718 contempla
1494 1673 1580 1709 tum
1599 1683 1735 1709 versus
1752 1683 1856 1709 com-

295 1730 427 1779 plures
455 1731 525 1778 qui
546 1742 625 1768 non
643 1731 830 1779 poterant
848 1731 927 1768 nisi
944 1731 987 1767 in
1006 1730 1144 1768 Medea
1164 1730 1380 1779 Euripidea
1399 1731 1481 1768 sive
1502 1729 1707 1768 Corinthia
1726 1730 1857 1770 locum

294 1788 438 1827 habere
464 1787 552 1841 (XII.
572 1800 656 1826 xm.
676 1801 756 1828 XIV.
776 1784 848 1840 xv)
877 1802 922 1826 ex
948 1789 1068 1827 Ennii
1087 1790 1230 1828 Medea
1254 1789 1403 1827 laudat.
1430 1789 1604 1827 Ennium
1626 1791 1759 1827 autem
1778 1801 1858 1827 non

297 1848 502 1898 probabile
533 1850 592 1886 est
624 1861 744 1897 quam
767 1849 951 1887 Medeam
981 1849 1128 1887 exulem
1158 1849 1405 1898 inscripserit
1436 1850 1586 1887 secerni
1610 1849 1781 1887 voluisse
1807 1847 1857 1886 ab

299 1908 426 1945 altera
446 1907 596 1955 Medea,
621 1920 701 1945 non
719 1908 847 1958 magis
868 1920 987 1956 quam
1009 1903 1279 1958 Ἀνδρομάχην
1300 1907 1541 1959 αἰχμάλωτον
1562 1908 1610 1946 ab
1632 1908 1759 1946 altera
1777 1907 1857 1944 An-

297 1966 510 2004 dromacha
535 1968 606 2004 aut
623 1966 820 2005 Achillem
839 1967 1062 2005 Aristarchi
1087 1967 1136 2005 ab
1156 1968 1293 2015 alterO,
1320 1980 1416 2016 quas
1435 1968 1711 2016 inscriptiones
1731 1966 1859 2016 dupli-

299 2038 360 2064 ces
392 2038 506 2064 suam
536 2027 739 2075 propriam
765 2027 847 2063 vim
871 2026 1015 2064 habere
1041 2039 1160 2075 supra
1186 2027 1277 2064 dixi.
1311 2025 1419 2071 Quae
1444 2027 1477 2065 si
1502 2026 1622 2076 probe
1654 2026 1859 2075 disputata

297 2087 402 2132 sunt,
434 2086 688 2134 consequitur
712 2085 886 2122 Ennium
910 2087 952 2123 in
983 2098 1063 2123 una
1092 2086 1298 2136 tragoedia
1322 2085 1471 2134 Medea,
1504 2098 1623 2135 quam
1654 2098 1674 2123 e
1705 2086 1858 2134 potiore

297 2144 465 2182 materia
479 2145 663 2183 Medeam
681 2145 827 2183 exulem
847 2145 1078 2194 appellavit,
1097 2145 1138 2182 id
1157 2146 1381 2195 argumenti
1400 2146 1645 2194 complexum
1659 2157 1741 2183 esse
1756 2143 1861 2193 quod

298 2203 507 2253 Euripides
532 2203 575 2242 in
601 2204 697 2242 duas
717 2204 874 2242 fabulas
894 2204 1097 2242 dilatavit:
1124 2206 1164 2242 et
1182 2204 1255 2242 hoc
1274 2217 1345 2242 cur
1363 2205 1493 2242 minus
1513 2204 1698 2242 credibile
1717 2203 1859 2241 habea-

298 2265 377 2311 tur,
406 2276 526 2312 quam
552 2263 656 2312 quod
681 2263 798 2302 modo
823 2264 995 2302 vidimus
1020 2264 1063 2301 in
1087 2263 1269 2302 Hectoris
1294 2264 1423 2313 lytris,
1455 2276 1504 2302 ne
1530 2263 1576 2301 de
1601 2263 1766 2301 Pacuvii
1791 2262 1861 2300 aut

297 2321 410 2360 Accii
434 2323 650 2373 tragoediis
676 2323 805 2361 dicam
832 2336 932 2372 quae
958 2323 1105 2361 similia
1129 2323 1246 2372 plura
1271 2323 1466 2360 exhibent.
1491 2323 1617 2361 Nemo
1637 2334 1677 2360 se
1697 2334 1789 2360 vero
1810 2321 1860 2359 ab

299 2381 459 2432 Hygino
491 2382 533 2419 in
565 2394 737 2420 errorem
768 2382 912 2420 adduci
943 2383 1120 2432 patietur
1155 2382 1223 2431 qui
1254 2381 1332 2419 fab.
1361 2383 1414 2420 25
1448 2382 1591 2420 Medea
1622 2380 1860 2430 Euripideae

301 2442 580 2491 argumentum
604 2442 737 2490 refert,
762 2441 840 2479 fab.
863 2442 915 2479 26
944 2443 1077 2479 autem
1096 2442 1160 2479 cui
1178 2441 1322 2479 Medea
1340 2441 1428 2478 exul
1446 2441 1649 2490 inscripsit
1672 2441 1732 2478 ita
1751 2452 1859 2477 exor-

301 2511 365 2538 sus
390 2499 533 2538 Medea
561 2499 742 2538 Corintho
767 2501 855 2539 exul
878 2500 1052 2539 Athenas
1078 2501 1130 2538 ad
1154 2499 1325 2549 Aegeum
1356 2500 1505 2538 devenit
1528 2499 1653 2549 Aegei
1683 2498 1860 2537 fabulam

299 2558 426 2597 tradit
449 2560 615 2597 miscens
642 2572 687 2597 ea
714 2572 814 2608 quae
840 2560 1009 2598 discreta
1034 2562 1136 2598 sunt.

420 2618 695 2667 Melanippa
716 2621 754 2656 et
772 2620 860 2668 ipsa
880 2621 940 2657 est
953 2618 1181 2668 Euripidea,
1202 2618 1248 2655 de
1262 2617 1371 2655 cuius
1385 2618 1616 2667 argumento
1631 2618 1671 2655 et
1684 2616 1861 2665 exemplo

303 2689 406 2726 quae
432 2678 523 2715 sciri
548 2679 713 2726 possunt
738 2678 927 2716 adnotavi
947 2678 998 2716 ad
1015 2679 1154 2727 ipsam.
1182 2677 1240 2715 De
1258 2676 1430 2715 Nemea
1449 2677 1594 2724 autem,
1621 2687 1862 2725 quamquam

303 2737 385 2774 eius
418 2737 589 2775 nominis
620 2736 757 2775 fabula
791 2739 876 2775 erat
907 2737 1094 2787 Aeschyli
1126 2737 1208 2774 sive
1240 2749 1286 2774 ea
1317 2733 1451 2786 Νέμεα
1482 2737 1568 2773 erat
1602 2735 1683 2774 sive
1715 2731 1861 2784 Νεμέα,

362 2872 452 2955 128*)
484 2872 541 2908 cf.
578 2872 629 2919 U.
661 2872 707 2908 de
738 2871 1294 2916 Wilamowitz-Moellendorff,
1332 2872 1459 2917 phuoz.
1506 2871 1825 2916 Unterszwhunyen
1849 2882 1862 2903 1

303 2931 338 2965 p.
437 2932 471 2954 n.
