2004 3278
713 166 974 202 ANNALIUM
999 167 1085 202 LIB.
1106 166 1192 201 VI·II
1511 166 1720 202 CLXXXIX

160 281 240 328 fere
251 280 388 328 pulvis
407 279 460 318 ad
478 280 627 318 caelum
644 283 757 319 vasta
775 281 927 319 videtur
948 275 1014 333 (cf.
1034 293 1075 318 1x
1095 280 1141 318 fr.
1162 274 1219 333 x),
1242 292 1481 330 quamquam
1503 279 1607 318 idem
1633 280 1718 318 coll.

158 339 272 378 Livio
292 351 362 376 XXI
376 339 443 387 46,
464 340 490 376 4
515 339 564 377 ad
584 340 778 389 proelium
797 340 901 389 apud
923 340 1105 377 Ticinum
1125 340 1375 378 commissum
1394 340 1532 377 referri
1551 341 1718 389 poterat.

275 398 339 436 Ad
363 410 539 449 pugnam
564 399 693 449 ipsam
718 399 892 449 pertinet
917 400 1037 436 etiam
1064 411 1133 438 xrv
1157 401 1192 437 is
1215 411 1364 447 pernas
1394 399 1556 437 succidit
1582 400 1720 447 iniqua

156 458 340 506 superbia
364 458 496 502 Poeni,
529 471 645 507 quem
669 471 825 497 versum
851 459 947 496 olim
973 458 1019 495 de
1045 458 1170 508 Hugii
1196 459 1391 496 sententia
1413 471 1491 496 non
1511 460 1615 496 recte
1636 459 1718 508 opi-

156 529 229 555 nor
254 517 435 567 explicui.
467 517 652 568 Intelligo
680 519 812 556 autem
836 517 1074 555 Hannibalis
1101 518 1291 555 astutiam
1318 530 1436 566 quam
1467 530 1587 567 supra
1611 517 1719 555 Flori

156 576 285 615 verbis
313 577 445 624 attuli,
477 577 642 614 eandem
669 589 788 626 quam
813 576 996 614 Valerius
1023 576 1217 614 Maximus
1243 577 1267 613 1.
1288 577 1312 613 1.
1337 589 1456 626 supra
1481 579 1719 615 memoratae

156 636 288 673 fraudi
306 648 451 674 novam
471 636 583 674 addit
594 638 788 684 postremo
806 647 894 673 cccc
906 637 1045 684 equites
1058 636 1296 680 subornavit,
1316 638 1383 683 qui
1396 636 1580 674 simulata
1594 638 1720 674 trans-

155 696 272 734 itione
289 697 487 743 petierunt
511 696 714 739 consulem,
741 707 766 733 a
791 706 864 743 quo
890 696 989 733 iussi
1013 706 1118 733 more
1137 696 1433 743 transfuyarum
1453 696 1634 743 depositis
1654 708 1719 733 afr--

155 756 230 792 rnis
253 756 297 792 in
321 755 499 792 ultimam
518 766 678 803 puynae
696 757 851 802 partem
876 754 1045 793 secedere
1064 754 1252 793 destrictis
1268 754 1413 802 yladiis
1433 766 1526 802 quos
1543 756 1643 792 inter
1663 757 1719 791 tu-

155 815 265 852 nicas
291 816 325 852 et
349 814 490 852 loricas
516 814 1300 862 abdiderantpoplitespuynantiurn
1319 814 1633 852 Rornanorum
1653 826 1719 852 ce-

155 873 384 912 ciderunt.
417 873 470 910 Et
500 872 596 911 haec
629 873 787 922 quidem
819 874 941 911 etiam
966 873 1124 922 planius
1154 874 1365 911 memoriae
1391 873 1558 911 tradidit
1582 872 1719 911 Livius

155 944 240 969 xxn
261 933 327 982 48,
361 932 466 982 apud
499 945 615 981 quem
647 945 747 982 quae
775 932 842 981 51,
865 934 887 969 7
922 933 1108 982 leguntur
1136 933 1323 980 quosdam
1352 927 1657 985 (Romanorum)
1688 935 1721 970 et

154 993 319 1030 iacentes
349 993 456 1030 vivos
480 993 640 1030 succisis
664 992 873 1040 feminibus
892 992 1180 1040 poplitibusque
1204 993 1434 1030 invenerunt
1458 991 1582 1029 Poeni
1612 991 1720 1029 rede-

154 1052 227 1088 unt
253 1050 303 1089 ad
328 1063 374 1089 ea
401 1063 501 1100 quae
527 1064 647 1101 supra
671 1052 859 1089 narravit.

273 1110 320 1147 In
345 1110 474 1148 medio
500 1123 656 1161 pugnae
683 1111 832 1159 ardore,
861 1123 952 1149 cum
977 1111 1058 1148 iam
1083 1110 1251 1149 victoria
1278 1110 1328 1148 ad
1353 1110 1503 1148 Poenos
1529 1112 1720 1161 vergeret,

155 1171 273 1219 poeta
293 1169 453 1207 deorum
473 1182 695 1209 consessum
717 1170 922 1220 expandit:
948 1170 1046 1208 Iuno
1067 1170 1215 1208 satiata
1233 1170 1394 1208 tandem
1414 1170 1640 1208 calamitate
1661 1171 1717 1207 in-

154 1230 330 1267 visorum
354 1230 433 1279 ipsi
458 1229 726 1268 Romanorum
752 1243 791 1268 se
823 1230 1031 1267 fautricem
1062 1230 1111 1267 iis
1143 1230 1184 1266 in
1217 1232 1417 1279 posterum
1448 1231 1531 1267 fore
1562 1229 1720 1279 profite-

154 1290 237 1337 tur,
270 1301 315 1326 ac
339 1288 531 1339 Iuppiter,
564 1290 745 1328 exoratus
777 1289 943 1327 fortasse
971 1302 994 1326 a
1019 1288 1182 1337 Venere,
1214 1289 1414 1338 promittit
1438 1289 1627 1327 Romanis
1657 1302 1719 1326 ex-

156 1347 303 1385 cidium
338 1347 589 1399 Carthaginis
622 1343 705 1402 (xv.
735 1343 864 1401 XVIII).
897 1348 1010 1385 Nihil
1042 1347 1243 1386 difficilius
1277 1361 1396 1397 quam
1428 1347 1588 1386 definire
1621 1361 1718 1397 quas

154 1409 287 1456 partes
313 1409 431 1457 poeta
457 1408 532 1446 diis
560 1421 641 1446 esse
665 1421 797 1446 rerum
823 1409 1022 1459 gestarum
1047 1407 1234 1445 voluerit:
1260 1407 1333 1445 hoc
1358 1409 1491 1445 tamen
1517 1420 1587 1457 pro
1613 1410 1719 1445 certo

154 1466 292 1515 habeo,
312 1469 357 1504 ut
374 1467 415 1504 in
435 1468 563 1516 primo
584 1467 685 1505 libro
705 1468 747 1505 in
767 1480 918 1506 summo
940 1467 1114 1517 periculo
1135 1468 1381 1517 geminorum
1401 1479 1623 1505 consessum
1638 1479 1719 1505 esse

155 1525 317 1564 deorum
343 1527 553 1564 statuimus
582 1521 636 1579 (p.
660 1521 878 1579 cL1xsqq.),
910 1528 968 1564 ita
993 1527 1035 1563 in
1061 1528 1200 1564 octavo
1226 1527 1267 1563 in
1299 1525 1429 1564 media
1460 1539 1594 1576 pugna
1620 1525 1719 1564 Can-

156 1586 268 1623 nensi
293 1585 385 1624 deos
412 1585 646 1624 deliberasse
673 1586 719 1624 de
739 1587 887 1624 Romae
914 1587 953 1624 et
973 1584 1225 1636 Carthaginis
1250 1585 1355 1623 fatis.
1385 1584 1504 1624 Silius
1524 1585 1591 1623 lib.
1611 1598 1652 1622 1x
1678 1586 1720 1622 in

155 1657 290 1694 pugna
317 1643 513 1683 Cannensi
545 1645 636 1684 deos
668 1645 937 1696 pugnantibus
969 1647 1190 1695 pugnantes
1222 1645 1327 1694 ipsos
1355 1644 1488 1683 adesse
1514 1644 1629 1695 fingit
1654 1644 1719 1682 sed

155 1705 288 1741 tamen
319 1705 436 1742 simul
467 1705 510 1741 in
536 1703 705 1754 Olympo
739 1706 886 1755 agitari
916 1705 1078 1743 deorum
1111 1704 1286 1753 consilia,
1318 1704 1387 1742 ubi
1418 1704 1506 1742 vide
1539 1704 1621 1741 535
1635 1716 1718 1752 sqq.

154 1762 316 1801 Iunonis
348 1764 586 1802 sententiam
617 1765 656 1802 et
683 1764 766 1802 544
799 1764 905 1803 Iovis
937 1765 1140 1814 promissa.
1173 1763 1381 1801 Praeterea
1413 1763 1513 1801 conf.
1545 1763 1641 1800 Aen.
1663 1775 1721 1800 ΧΠ

159 1823 240 1860 179
270 1824 308 1860 et
337 1824 417 1861 791
429 1836 512 1872 sqq.
541 1822 732 1862 Ordinavi
757 1826 890 1861 autem
915 1836 1049 1862 versus
1075 1824 1134 1861 ita
1159 1825 1205 1860 ut
1230 1823 1438 1861 consilium
1463 1822 1624 1861 deorum
1650 1822 1718 1860 du-

154 1883 267 1919 rante
298 1882 448 1931 proelio
480 1882 661 1920 habitum
692 1883 813 1921 fuerit
842 1877 909 1936 (cf.
937 1883 1006 1921 Sil.
1026 1896 1068 1922 1v
1089 1883 1171 1921 417
1189 1876 1305 1935 sqq),
1338 1882 1386 1920 ab
1419 1895 1463 1920 eo
1498 1884 1630 1920 autem
1663 1894 1719 1920 se-

156 1943 364 1991 gregatum
389 1942 442 1980 sit
466 1942 738 1980 testimonium
765 1955 841 1992 quo
868 1943 966 1980 Iuno
993 1942 1176 1980 Enniana
1201 1941 1347 1979 dicitur
1373 1942 1466 1980 bello
1491 1942 1639 1979 Punico
1665 1952 1719 1979 se-

154 2001 278 2038 eundo
296 2001 457 2049 placata
484 2001 675 2040 Romanis
700 2003 832 2050 favere
857 2003 1033 2050 coepisse,
1060 2001 1164 2050 quod
1189 2001 1235 2038 ut
1260 2002 1365 2038 certo
1395 2001 1487 2038 huic
1519 2001 1619 2037 libro
1653 2000 1718 2037 ad-

155 2060 404 2098 scribendum
429 2062 499 2109 est,
524 2062 583 2098 ita
607 2061 737 2098 locum
761 2061 905 2099 habere
931 2073 1010 2098 non
1035 2061 1168 2109 potuit
1192 2060 1269 2097 nisi
1288 2059 1402 2097 rebus
1422 2059 1609 2097 Romanis
1630 2061 1720 2108 post

154 2119 416 2157 infortunium
438 2118 638 2157 Cannense
663 2120 705 2157 in
730 2119 870 2158 melius
896 2119 1151 2166 vertentibus,
1177 2120 1222 2155 ut
1240 2118 1338 2156 Iuno
1364 2119 1445 2156 iam
1470 2130 1549 2156 non
1573 2119 1719 2156 infesta

155 2190 237 2216 esse
257 2177 445 2216 Romanis
466 2179 752 2228 agnosceretur.
775 2178 882 2223 Quae
902 2178 1031 2216 media
1050 2178 1286 2227 interposita
1300 2180 1359 2216 est
1373 2179 1569 2216 sententia
1582 2178 1718 2215 multis

155 2237 407 2286 frequentata
432 2237 479 2275 de
504 2238 655 2275 incerta
679 2237 873 2276 varietate
899 2238 1080 2275 fortunae
1108 2231 1226 2289 (XVI),
1253 2249 1350 2285 eam,
1372 2238 1559 2286 quoniam
1581 2249 1627 2274 ex
1645 2237 1719 2275 hoc

154 2296 256 2334 libro
283 2297 406 2335 allata
432 2299 502 2345 est,
535 2297 583 2334 ab
609 2297 682 2334 hac
707 2297 898 2335 immensa
924 2297 1150 2335 calamitate
1179 2308 1379 2334 removere
1405 2297 1526 2345 nolui,
1559 2296 1640 2334 sive
1673 2309 1719 2334 ea

154 2355 453 2394 consiliantibus
480 2356 555 2394 diis
583 2368 606 2394 a
631 2357 761 2395 nescio
789 2369 865 2405 quo
899 2357 980 2394 sive
1012 2357 1150 2405 postea
1182 2355 1488 2394 deliberantibus
1518 2356 1718 2404 Romanis,

156 2416 258 2453 certe
284 2415 512 2454 consolandi
538 2428 583 2453 ac
608 2415 692 2466 spei
717 2415 965 2454 suscitandae
992 2427 1108 2453 causa
1134 2415 1239 2453 elata
1265 2409 1377 2468 estfl‘)
1404 2414 1630 2464 Eademque
1656 2427 1718 2453 oc-

156 2475 310 2512 casione
337 2475 458 2512 etiam
482 2475 719 2513 versiculum
744 2475 890 2513 Poenos
915 2475 1070 2513 Didone
1094 2475 1280 2512 oriundos
1304 2474 1396 2513 huic
1424 2474 1525 2512 libro
1546 2474 1718 2524 adscrip-

155 2534 241 2570 tum
267 2533 400 2572 credas
426 2534 555 2572 locum
581 2547 692 2572 suum
721 2534 907 2583 adeptum
935 2546 1027 2572 esse.

274 2592 474 2630 Victoriae
489 2594 673 2631 nuntium
686 2594 804 2643 Mago
821 2592 1101 2643 Carthaginem
1112 2593 1201 2641 fert,
1217 2605 1293 2641 quo
1307 2593 1525 2632 laetissima
1540 2606 1716 2642 quaeque

155 2652 194 2688 in
217 2652 327 2689 curia
349 2651 396 2689 de
409 2651 646 2691 Hannibalis
660 2653 837 2691 victoriis
851 2653 1133 2702 pronuntiante
1148 2646 1215 2705 (cf.
1229 2652 1366 2691 Livius
1380 2665 1479 2690 xxm
1496 2654 1561 2700 11,
1579 2654 1600 2689 7
1612 2646 1716 2703 sqq.)

274 2753 305 2797 *)
332 2752 517 2788 Wezelius
531 2753 554 2787 1.
571 2764 600 2788 c.
620 2765 656 2798 p.
679 2756 723 2787 34
742 2753 836 2787 haee
856 2752 967 2786 Ennii
994 2752 1041 2786 ad
1061 2752 1170 2787 Fabii
1189 2753 1344 2789 Maximi
1363 2753 1569 2788 orationem
1591 2751 1716 2793 refert,

157 2810 268 2843 quam
290 2800 389 2844 apud
410 2799 542 2835 Silium
556 2814 607 2835 v11
622 2804 689 2835 219
699 2812 777 2844 sqq.
800 2800 848 2834 ad
866 2799 1028 2834 militum
1049 2799 1347 2845 indignationem
1368 2799 1570 2834 sedandam
1589 2798 1715 2842 habet,

157 2846 195 2880 in
221 2857 294 2890 qua
321 2851 387 2881 241
413 2847 507 2883 haec
532 2847 707 2894 leguntur
733 2849 922 2883 Fortunae
947 2847 1063 2893 Libys
1094 2849 1298 2883 incumbit.
1321 2875 1328 2882 .
1351 2875 1357 2881 .
1387 2849 1428 2881 in
1453 2858 1525 2881 rem
1551 2846 1716 2881 cunctari

155 2894 279 2938 fuerit,
305 2906 379 2930 non
402 2896 481 2931 ulla
500 2897 656 2940 perenni
679 2896 848 2940 ampleoeu
874 2895 1044 2931 Fortuna
1068 2895 1172 2939 fovet.
