2020 3334
785 236 828 272 A.
849 236 1048 273 GELLIUS
1527 242 1690 278 LXXXV

136 348 334 397 profectus
366 348 541 385 erratum
573 348 655 386 eius
687 347 735 386 de
761 348 881 387 Ennii
918 363 1032 388 versu
1059 345 1166 402 (ann.
1187 365 1259 390 xm
1279 353 1324 391 fr.
1345 347 1406 405 Ν)
1431 354 1692 403 reprehendit,

137 409 207 445 aut
232 420 255 445 a
274 406 382 444 Velii
406 405 536 456 Longi
562 400 681 458 (xvm
703 409 740 455 9,
761 404 804 457 4)
834 410 903 446 aut
927 408 1022 447 Iulii
1040 410 1191 461 Hygini
1211 406 1286 463 (vn
1308 407 1352 464 6)
1378 414 1582 452 sententiis
1602 427 1689 452 cau-

137 479 220 505 sam
246 465 364 515 petiit
389 465 509 503 Ennii
535 465 654 503 verba
680 468 750 504 aut
774 479 908 506 versus
935 469 1167 517 explicandi.

255 525 313 563 Ex
339 523 548 563 annalibus
575 537 676 573 quae
701 526 875 564 citantur
894 527 943 564 iis
963 527 1192 577 plerumque
1212 531 1256 566 ut
1275 529 1442 581 diligens
1462 533 1689 582 grammati-

136 598 202 623 cus
222 584 315 622 libri
334 596 540 622 numerum
560 583 716 632 adiecit,
736 586 806 623 aut
825 586 858 623 si
878 598 955 623 non
975 599 1179 624 numerum
1200 590 1301 626 certe
1322 590 1482 628 annales
1502 592 1690 638 nominat,

132 657 224 683 raro
244 656 352 682 mero
371 644 511 692 poetae
531 644 689 681 nomine
709 643 946 693 defungitur.
973 644 1125 682 Horum
1145 648 1274 684 autem
1289 647 1405 698 longe
1417 650 1690 697 pretiosissimi

136 705 228 742 sunt
258 715 392 742 versus
418 701 703 752 duodeviginti,
729 704 771 740 in
796 704 934 741 annali
958 705 1114 751 septimo
1149 701 1252 756 [xlv]
1280 707 1348 754 qui
1373 708 1480 755 sunt,
1512 721 1534 745 a
1561 707 1687 747 Gellio

136 763 219 801 solo
240 757 317 814 (ΧΗ
339 757 384 815 4)
405 762 563 809 servati,
584 761 725 810 quibus
747 761 902 800 Gemini
923 762 1082 800 Servilii
1102 765 1249 802 amicus
1271 778 1346 813 quo
1366 766 1524 816 ingenio
1546 769 1584 804 et
1607 769 1689 816 qui-

134 822 206 860 bus
232 821 405 860 moribus
431 821 552 859 fuerit
577 821 673 859 scite
700 821 911 859 admodum
936 821 1187 861 describitur:
1213 823 1259 861 de
1283 824 1422 872 quibus
1442 825 1615 864 versibus
1635 827 1693 863 ita-

135 880 287 920 iudicat
306 879 455 919 Gellius
482 881 527 918 ut
552 880 722 918 colorem
750 880 946 930 quendam
970 882 1204 920 reverendae
1231 885 1439 922 vetustatis
1463 886 1502 922 et
1521 885 1688 923 suavita-

137 942 218 979 tem
244 940 293 978 ab
320 940 428 978 omni
453 940 542 977 fuco
569 941 762 977 remotam
788 940 829 978 in
855 940 904 978 iis
931 943 1129 990 agnoscat.
1155 940 1292 981 Aelius
1314 942 1413 981 Stilo
1441 943 1544 992 quod
1564 944 1691 982 crede-

134 1000 251 1038 batur
271 999 318 1037 de
338 999 399 1037 his
418 999 595 1038 versibus
615 998 811 1038 iudicasse
833 1011 952 1048 supra
972 1013 1007 1048 p.
1023 1012 1134 1039 xxvn
1154 1003 1414 1039 memoratum
1431 1004 1497 1041 est.
1525 1003 1583 1040 Ex
1602 1003 1690 1041 reli-

136 1060 223 1108 quis
255 1071 333 1097 non
365 1057 530 1109 indigna
562 1059 654 1097 sunt
686 1071 785 1107 quae
818 1059 1033 1097 afferantur
1065 1059 1127 1097 vel
1160 1060 1264 1108 quod
1289 1073 1361 1098 xm
1383 1062 1523 1109 23,18
1557 1062 1693 1100 scribit

134 1118 293 1156 Ennius
323 1120 367 1156 in
391 1119 523 1165 primo
555 1118 694 1156 annali
727 1116 813 1167 [nv]
849 1119 891 1156 in
930 1119 998 1157 hoe
1038 1131 1151 1157 versu
1184 1116 1403 1158 ‘Nerienem
1434 1121 1625 1159 Mavortis
1661 1124 1694 1160 et

135 1174 308 1221 Herem’,
332 1179 374 1215 si
399 1177 518 1225 quod
542 1178 729 1215 minime
753 1178 870 1215 solet
888 1188 1127 1216 numerum
1145 1180 1560 1226 servavit,primam
1577 1180 1693 1228 sylla-

134 1238 224 1275 bam
254 1237 428 1280 intendit,
460 1237 612 1275 tertiam
644 1238 842 1283 corripuit,
871 1237 933 1274 vel
960 1237 1063 1286 quod
1088 1250 1141 1274 xx
1165 1239 1218 1276 10
1244 1237 1294 1276 ad
1320 1238 1550 1287 explicanda
1576 1239 1694 1277 verba

135 1308 179 1334 ex
203 1297 288 1334 iure
313 1308 474 1333 manum
500 1298 714 1334 consertum
740 1296 861 1333 Ennii
891 1309 1025 1334 versus
1057 1308 1101 1335 ex
1131 1299 1261 1335 octavo
1293 1297 1431 1335 annali
1458 1295 1535 1347 [111]
1569 1298 1692 1346 affert,

135 1368 224 1393 cum
248 1356 306 1393 ita
333 1355 511 1404 disputat
536 1357 581 1392 ut
606 1357 798 1404 appareat
823 1355 997 1393 Ennium
1023 1357 1061 1393 et
1092 1357 1242 1394 veteres
1273 1358 1408 1405 poetas
1440 1357 1693 1405 interpretari

135 1427 179 1453 eo
206 1416 382 1463 tempore
402 1426 479 1452 non
507 1415 682 1452 alienum
706 1414 888 1452 habitum
914 1427 996 1453 esse
1022 1414 1070 1452 ab
1097 1414 1226 1453 officio
1250 1416 1499 1466 grammatici
1520 1410 1561 1467 (l.
1583 1428 1612 1454 c.
1636 1410 1691 1468 2).

136 1474 304 1512 Senecae
330 1486 465 1512 versus
491 1474 612 1511 Ennii
638 1486 661 1512 a
688 1472 873 1512 Cicerone
899 1474 1080 1513 laudatos
1107 1474 1153 1512 de
1180 1473 1351 1524 Cethego
1379 1474 1572 1513 deridenti
1599 1475 1692 1524 quid

135 1532 284 1572 Gellius
311 1533 499 1571 obiecerit
525 1546 645 1583 supra
670 1532 841 1572 vidimus
868 1547 903 1583 p.
925 1546 1047 1572 Lxxw
1059 1546 1113 1582 sq.

252 1592 311 1631 De
337 1591 551 1643 tragoediis
577 1593 651 1631 hae
677 1594 945 1631 memorantur
970 1587 1082 1645 (nam
1107 1605 1174 1631 eae
1203 1605 1356 1642 quoque
1382 1593 1611 1642 plerumque
1631 1606 1691 1631 ac-

135 1653 270 1690 curate
297 1653 472 1690 citantur
497 1654 536 1690 et
555 1652 629 1691 hac
651 1652 808 1701 quidem
828 1652 955 1690 forma
974 1654 1017 1690 tn
1036 1652 1233 1701 trayoedia
1253 1664 1349 1700 quae
1368 1651 1536 1690 Achilles
1557 1653 1693 1690 inscri-

135 1705 266 1764 bitur).
287 1710 462 1750 Achilles
483 1705 543 1763 (lv
560 1713 625 1760 17,
643 1706 715 1764 14)
738 1725 826 1750 cum
845 1712 895 1750 iis
921 1711 1096 1750 versibus
1123 1711 1169 1749 de
1191 1724 1356 1760 quorum
1375 1724 1556 1750 mensura
1577 1724 1693 1760 supra

133 1784 170 1819 p.
192 1783 271 1808 Lxx
283 1783 338 1819 sq.
359 1770 537 1809 disserui.
558 1770 782 1809 Alexander
802 1765 878 1823 (vn
900 1771 937 1819 5,
959 1765 1044 1823 10).
1071 1770 1312 1809 Erechtheus
1333 1764 1409 1822 (vn
1431 1764 1524 1822 16),
1549 1769 1693 1807 ibidem

135 1828 407 1880 Cresphontes,
433 1830 572 1868 ambae
592 1829 639 1868 de
659 1831 892 1878 deprecandi
918 1830 1047 1868 verbo.
1074 1829 1236 1868 Hecuba
1257 1824 1317 1881 (xl
1338 1823 1383 1882 4)
1411 1842 1499 1867 cum
1523 1830 1694 1868 versibus

134 1890 363 1937 Euripideis
390 1883 664 1942 (293—295)
692 1902 789 1938 quos
811 1889 852 1938 Q.
873 1890 1031 1928 Ennius
1062 1890 1195 1938 inquit
1226 1901 1312 1927 eum
1344 1901 1428 1927 eam
1459 1889 1693 1937 trayoedtam

134 1951 291 1987 verteret
314 1961 392 1986 non
410 1949 646 1988 incommode
665 1949 882 1987 aemulatus
902 1951 966 1993 est,
992 1948 1059 1986 sed
1078 1950 1122 1986 ut
1141 1950 1273 1986 tamen
1293 1961 1370 1986 non
1391 1948 1498 1986 omni
1518 1961 1562 1985 ex
1582 1949 1693 1996 parte

135 2007 327 2046 Graecam
359 2009 580 2046 orationem
612 2021 801 2057 aequasse
833 2007 1043 2046 videretur.
1076 2007 1285 2057 Iphigenia
1318 2002 1406 2055 (mx
1430 2008 1501 2054 10,
1524 2001 1614 2058 11),
1646 2006 1692 2044 de

135 2080 212 2116 qua
237 2067 493 2106 memoranda
519 2069 611 2106 sunt
637 2080 737 2116 quae
763 2066 912 2106 Gellius
939 2066 1093 2106 scribit:
1125 2068 1179 2104 ibi
1204 2066 1335 2104 Iulius
1363 2065 1538 2104 Celsinus
1564 2066 1694 2103 admo-

133 2127 219 2164 nuit
243 2127 286 2165 in
311 2127 510 2175 tragoedia
534 2137 681 2174 quoque
706 2126 832 2163 Ennii
857 2138 954 2173 quae
979 2126 1186 2173 Iphigenia
1210 2126 1399 2171 inscripta
1423 2127 1476 2162 est
1500 2124 1542 2161 id
1565 2125 1694 2172 ipsum

134 2186 179 2224 de
216 2197 289 2233 quo
320 2186 577 2233 quaerebatur
608 2183 950 2232 (praeterpropter)
987 2186 1173 2231 scriptum
1204 2195 1281 2221 esse
1313 2186 1346 2221 et
1376 2195 1401 2221 a
1428 2184 1693 2231 yrammaticis

134 2245 394 2282 contaminari
423 2244 549 2291 magis
579 2243 735 2281 solitum
766 2255 883 2290 quam
914 2244 1095 2281 enarrari
1103 2256 1115 2280 .·
1151 2243 1329 2290 quocirca
1359 2243 1490 2280 statim
1519 2243 1694 2290 proferri

134 2303 381 2351 Iphiqeniam
408 2302 449 2350 Q.
469 2303 596 2340 Ennii
618 2303 742 2348 iubet;
766 2303 810 2340 in
835 2303 916 2339 eius
942 2302 1160 2350 trayoediae
1185 2302 1295 2339 choro
1324 2298 1398 2349 [XI]
1424 2302 1584 2348 scriptos
1616 2313 1694 2339 esse

133 2363 200 2400 hos
226 2373 359 2400 versus
385 2362 565 2410 legimus:
589 2362 851 2410 insequuntur
876 2373 1009 2399 versus
1036 2362 1123 2398 octo
1150 2359 1196 2397 de
1231 2359 1348 2398 choro
1379 2360 1564 2404 militum,
1597 2373 1693 2408 quos

134 2434 234 2460 unus
255 2419 405 2459 Gellius
431 2420 615 2470 tradidit,
640 2420 846 2471 tragoedia
866 2421 998 2457 autem
1017 2420 1104 2468 ipsa
1124 2432 1170 2457 ex
1189 2419 1317 2458 verbis
1338 2417 1457 2457 Gellii
1479 2420 1692 2467 separatim

134 2480 291 2519 videtur
311 2493 379 2519 suo
393 2481 594 2518 volumine
608 2479 715 2518 edita
728 2480 858 2518 fuisse.
878 2479 1107 2529 Melanippa
1126 2491 1152 2517 v
1169 2480 1234 2527 11,
1251 2480 1302 2516 12
1320 2480 1359 2516 et
1371 2479 1515 2516 iterum
1529 2489 1570 2516 VI
1585 2479 1621 2526 9,
1639 2479 1690 2515 17

136 2541 364 2578 memorata.
391 2539 566 2578 Phoenix
593 2534 653 2592 (Vl
676 2540 740 2587 17,
764 2533 836 2590 10)
864 2551 952 2576 cum
979 2539 1166 2587 quattuor
1185 2537 1360 2576 versibus
1380 2537 1623 2587 perpulchris
1644 2536 1692 2574 ab

134 2612 212 2637 uno
232 2597 360 2637 Gellio
388 2598 582 2637 exhibitis.
609 2598 789 2647 Denique
815 2599 854 2635 et
873 2597 1125 2646 Neoptolemi
1145 2597 1318 2635 Enniani
1337 2597 1542 2645 sententia,
1568 2597 1690 2634 incer-

134 2660 220 2696 tum
252 2670 297 2695 ex
330 2671 407 2707 qua
437 2658 656 2708 tragoedia,
689 2658 850 2695 affertur
874 2669 899 2694 v
923 2657 974 2694 15
997 2658 1080 2695 etv
1103 2657 1168 2705 16,
1201 2658 1240 2694 et
1267 2668 1334 2692 x1x
1357 2656 1394 2703 8,
1416 2656 1438 2693 6
1472 2655 1567 2693 haec
1599 2654 1690 2693 scri-

134 2716 281 2755 buntur
307 2713 583 2756 ‘inimicitiam’
612 2717 653 2765 Q.
675 2717 832 2754 Ennius
857 2717 906 2754 in
930 2716 1014 2754 illo
1039 2716 1426 2754 memoratissimo
1451 2715 1571 2752 libro
1594 2713 1690 2750 dixu

137 2772 192 2814 ‘eo
219 2772 298 2825 eyo’
324 2777 450 2825 inquit
473 2772 640 2825 ‘tnyento
661 2778 777 2814 natus
802 2772 903 2813 sum’
932 2787 1015 2824 eqs,
1050 2787 1146 2824 quos
1172 2786 1305 2813 versus
1331 2774 1467 2822 utpote
1495 2771 1688 2809 Achillem

136 2848 328 2885 perquam
353 2836 544 2884 decentes,
572 2836 758 2884 quoniam
783 2835 861 2872 nisi
885 2835 928 2872 in
953 2833 1158 2885 tragoedia
1183 2834 1311 2872 locum
1336 2832 1478 2870 habere
1504 2843 1580 2868 non
1600 2842 1687 2878 pos-

136 2897 238 2943 sunt,
263 2895 305 2933 in
330 2894 480 2934 Achille
507 2891 600 2946 [vn]
628 2893 808 2944 ponenda
834 2893 937 2931 duxi.

254 2953 313 2993 De
339 2955 483 2993 saturis
510 2954 702 2992 Ennianis
729 2953 885 3004 egregie
909 2953 1072 2991 meritus
1099 2954 1157 2990 est
1184 2949 1344 2997 Gellius,
1377 2948 1455 2997 qui,
1486 2948 1531 2984 ut
1555 2947 1687 2985 mitta-
