2004 3278
718 146 980 183 ANNALIUM
1004 147 1092 182 LIB.
1113 146 1181 182 VH
1550 147 1722 183 CLXXIX

161 265 282 299 ταῦτα
312 257 522 312 γινομένης
555 259 756 312 διατριβῆς
787 259 813 311 ἥ
843 274 888 299 τε
919 259 1002 308 νὺξ
1036 258 1224 299 ἐπέλιπε
1255 259 1333 299 καὶ
1363 258 1642 312 καταφανὴς
1666 254 1723 313 ἧν

161 315 235 370 ἅμ’
264 316 413 373 ἡμέρᾳ
439 322 537 366 τοῖς
562 319 810 371 πολεμίοις
835 317 1149 372 ἐπερχόμενος
1175 318 1263 359 ἀπὸ
1289 325 1378 358 τῶν
1404 317 1579 373 ἄκρων,
1611 318 1724 359 ὥστε

162 377 343 430 θόρυβον
368 377 495 418 πολὺν
520 377 586 417 καὶ
613 378 771 429 κίνησιν
791 381 1013 431 παρασχεῖν.
1040 378 1189 424 Quibus
1210 381 1330 418 etiam
1350 392 1453 417 nunc
1472 382 1569 430 puto
1589 392 1723 419 versus

162 438 240 476 duo
269 439 337 487 qui
362 439 514 476 restant
541 451 586 476 ex
611 438 684 476 hoc
710 438 811 476 libro
838 439 981 476 citatos
1013 440 1110 476 satis
1142 439 1347 489 declarari,
1380 452 1622 488 quamquam
1654 440 1724 488 qui

160 498 302 535 tertius
329 499 414 535 erat
439 498 569 536 lumen
590 528 597 535 .
619 528 627 535 .
650 529 656 535 .
676 499 794 536 scitus
820 509 950 546 aya-5²0,
983 498 1051 546 qui
1084 499 1238 548 egregie
1272 498 1321 535 ad
1353 498 1454 536 hanc
1486 499 1723 536 sententiam

161 556 344 605 faciebat,
372 557 517 595 codicis
542 557 771 595 testimonio
799 569 845 594 ex
869 569 911 596 VI
937 557 979 594 in
1004 569 1074 595 XVI
1099 557 1392 595 transferendus
1419 559 1513 595 erat.
1540 556 1591 595 M'
1613 556 1725 595 Curii

161 617 415 665 praeconium
441 629 464 653 a
492 615 676 654 Cicerone
703 616 884 664 relatum,
916 628 994 665 quo
1024 616 1118 653 olim
1151 616 1268 653 huius
1300 616 1394 654 libri
1424 617 1613 666 reliquias
1646 630 1722 655 non

162 677 296 725 inepte
324 675 464 724 opinor
489 675 725 713 claudendas
753 676 898 724 censui,
925 676 1114 724 quoniam
1140 675 1243 712 nulli
1268 675 1369 713 libro
1391 675 1634 725 adscriptum
1655 678 1724 724 est,

163 735 289 772 malui
313 746 417 772 1111110
442 735 484 771 111
510 747 567 771 xn
592 746 748 784 ponere,
774 736 818 771 ut
843 734 900 771 ibi
924 734 1070 772 habeat
1095 747 1218 783 paene
1246 747 1332 772 eam
1358 736 1440 773 vim
1467 748 1584 784 quam
1616 736 1726 774 volui

162 795 199 831 01
223 795 265 831 111
290 794 364 831 1100
390 794 498 831 exitu
523 793 619 831 belli
645 793 851 831 Tarentini
878 805 970 831 esse.

280 853 367 890 Res
399 852 604 890 Punicas
637 853 788 890 Ennius
819 852 946 890 tribus
974 853 1098 902 libris,
1132 854 1210 891 nisi
1243 866 1305 891 me
1338 853 1444 891 fallit
1476 855 1622 903 opinio,
1657 853 1722 891 ab·

162 912 292 962 solvit,
326 925 494 961 quorum
525 926 648 949 unum
672 913 714 949 in
739 913 879 961 primo,
912 912 1008 950 duos
1039 915 1222 950 octavum
1249 914 1288 950 et
1313 926 1462 950 nonum
1487 914 1529 950 in
1556 913 1724 951 secundo

162 972 267 1009 bello
294 972 548 1020 consumpsit.
577 971 716 1020 Neque
744 972 848 1008 enim
873 972 1046 1021 primum
1071 972 1219 1009 bellum
1243 973 1452 1021 praeteriit
1478 973 1649 1021 omnino,
1680 974 1726 1009 ut

162 1044 240 1069 non
266 1032 399 1080 potuit
425 1032 516 1080 apte
542 1033 626 1068 tam
652 1031 823 1080 amplam
850 1032 1064 1080 tantaeque
1091 1033 1302 1082 gravitatis
1322 1033 1531 1069 materiam
1551 1034 1725 1081 praeter-

161 1091 218 1127 ire
243 1091 477 1140 praesertim
501 1091 543 1127 in
570 1091 742 1128 carmine
767 1092 970 1140 perpetuo,
1003 1091 1119 1140 quale
1152 1091 1314 1128 annales
1339 1091 1459 1128 fuisse
1492 1091 1555 1129 vel
1582 1104 1725 1128 nomen

161 1149 309 1187 indicio
337 1151 405 1187 est.
437 1149 576 1187 Potuit
600 1151 643 1186 in
667 1149 740 1187 hoc
766 1149 869 1188 bello
897 1150 1212 1199 compendiosius
1244 1151 1406 1198 versari,
1438 1151 1482 1187 ut
1515 1152 1726 1199 exponeret

162 1221 223 1247 res
250 1210 463 1259 graviores,
495 1209 663 1247 leviores
689 1211 759 1247 aut
785 1210 987 1247 omitteret
1013 1211 1082 1247 aut
1108 1211 1303 1259 quantum
1334 1210 1454 1247 nexui
1485 1222 1614 1246 rerum
1648 1222 1724 1247 ser-

162 1268 296 1307 viebat
326 1269 620 1318 perstringeret,
654 1269 842 1317 quoniam
873 1269 915 1305 in
948 1281 992 1306 eo
1025 1270 1258 1319 argumento
1294 1282 1371 1306 non
1397 1270 1456 1306 ita
1481 1269 1607 1306 multo
1634 1270 1725 1306 ante

162 1329 364 1377 operosius
389 1328 564 1366 Naevius
599 1328 833 1365 elaborarat.
865 1328 970 1365 Nam
998 1327 1224 1366 Ciceronem
1256 1341 1333 1365 11011
1364 1329 1461 1377 puto
1494 1330 1651 1366 tantum
1683 1341 1725 1365 re

161 1389 362 1437 praestare
396 1390 590 1435 quantum
622 1387 741 1425 verbo
775 1387 890 1435 dicit,
923 1399 1013 1424 cum
1044 1387 1217 1424 Ennium
1248 1387 1394 1426 Naevii
1425 1399 1545 1425 causa
1577 1383 1726 1425 eomnia

161 1447 265 1484 bella
297 1448 598 1496 persequentem
628 1447 799 1495 primum
831 1446 931 1483 illud
963 1446 1158 1484 Punicum
1189 1447 1423 1484 acerrimum
1454 1446 1602 1484 bellum
1635 1447 1724 1484 reli-

163 1502 308 1554 quisse'
341 1508 534 1543 memorat
564 1505 675 1543 Brut.
711 1506 783 1554 19,
812 1506 863 1543 76
892 1501 968 1558 (vn
993 1506 1040 1543 fr.
1067 1500 1111 1559 1).
1146 1505 1267 1543 Cuius
1299 1506 1430 1543 verbis
1462 1506 1726 1555 obtemperari

161 1566 298 1603 vetant
324 1564 517 1613 quaedam
545 1577 644 1613 quae
670 1565 786 1603 hodie
813 1567 1023 1614 supersunt
1048 1565 1282 1615 fragmenta.
1310 1565 1399 1602 Non
1425 1565 1512 1603 dico
1534 1577 1622 1602 eum
1641 1578 1725 1603 ver-

162 1636 247 1662 sum
279 1637 357 1673 quo
390 1625 473 1662 sine
504 1623 597 1661 libri
629 1636 673 1662 ac
705 1626 844 1673 poetae
876 1623 1023 1661 indicio
1051 1623 1186 1662 Cicero
1214 1624 1260 1662 de
1286 1625 1365 1662 inv.
1386 1637 1400 1661 1
1424 1626 1488 1673 19,
1513 1625 1563 1661 27
1599 1625 1727 1662 utitur

157 1683 314 1731 Appius
339 1684 482 1721 indixit
499 1683 896 1732 Karthaginiensibus
922 1684 1062 1722 bellum
1084 1678 1174 1737 (VI),
1203 1685 1272 1732 qui
1293 1683 1453 1733 quidem
1474 1685 1508 1721 si
1526 1683 1647 1720 Ennii
1667 1685 1726 1721 est

161 1756 238 1780 11011
271 1744 402 1791 potest
433 1755 511 1780 non
543 1742 591 1780 ad
625 1743 798 1792 primum
829 1742 976 1781 bellum
1001 1743 1200 1781 Punicum
1225 1744 1435 1792 pertinere.
1469 1742 1526 1781 Cf.
1555 1743 1726 1781 Zonaras

161 1814 235 1841 vm
256 1803 279 1840 8
301 1816 337 1851 p.
363 1803 463 1850 132,
489 1802 680 1851 Polybius
699 1815 714 1839 1
737 1804 788 1840 12
812 1804 851 1840 et
883 1804 1095 1852 praecipue
1121 1801 1259 1840 Livius
1286 1815 1383 1839 XXXI
1406 1804 1442 1852 1,
1463 1804 1488 1839 4
1516 1815 1541 1840 α
1573 1803 1726 1840 condita

160 1862 254 1900 urbe
274 1862 326 1899 ad
338 1860 441 1910 App.
460 1861 669 1900 Claudium
689 1862 893 1907 consulem,
913 1863 980 1910 qui
991 1863 1169 1910 primum
1184 1862 1324 1900 bellum
1341 1861 1726 1910 Oartlzayiniensibus

159 1921 300 1959 intulit.
321 1921 403 1958 Nec
429 1921 547 1959 nimis
575 1920 830 1959 obdurescam
856 1923 927 1959 aut
951 1922 994 1958 in
1013 1921 1058 1958 fr.
1080 1934 1117 1970 x,
1144 1921 1252 1970 quod
1278 1922 1352 1959 etsi
1379 1934 1425 1958 ex
1445 1923 1584 1959 octavo
1606 1921 1727 1958 Ennii

160 1980 325 2018 affertur
350 1993 373 2018 a
398 1980 529 2018 Nonio
555 1994 592 2030 p.
618 1981 712 2029 151,
735 1981 801 2028 24,
828 1981 927 2017 mihi
947 1980 1108 2018 vixdum
1134 1980 1296 2018 dubium
1323 1982 1382 2018 est
1409 1981 1503 2028 quin
1530 1993 1553 2017 a
1572 1979 1726 2016 Merula

160 2041 265 2077 recte
284 2041 327 2076 in
346 2040 449 2077 hunc
469 2039 614 2077 librum
634 2040 873 2077 translatum
894 2041 957 2087 sit,
984 2041 1054 2077 aut
1073 2040 1113 2076 111
1134 2039 1181 2076 fr.
1202 2052 1259 2078 vn
1272 2039 1399 2089 Hugii
1418 2039 1615 2087 opinione,
1636 2050 1726 2075 cum

162 2111 185 2136 a
210 2098 410 2136 Macrobio
438 2098 519 2136 Sat.
540 2111 583 2137 VI
606 2101 641 2146 1,
664 2099 715 2135 22
746 2111 765 2134 0
793 2100 900 2136 sexto
928 2099 1083 2146 citetur,
1108 2099 1201 2135 huic
1227 2098 1362 2136 annali
1386 2098 1583 2136 restituto.
1612 2096 1726 2141 Quod

161 2157 229 2194 ille
254 2157 410 2195 firmare
430 2158 565 2206 potuit
584 2157 647 2195 vel
666 2157 740 2194 hoc
759 2156 919 2206 Polybii
938 2157 1024 2196 loco
1044 2170 1058 2195 1
1081 2159 1147 2206 19,
1169 2158 1215 2194 2:
1242 2154 1450 2208 ἀναλαβὼν
1472 2150 1725 2209 (Hannonem

160 2210 275 2269 dicit)
303 2215 349 2254 τά
374 2230 412 2254 τε
437 2215 562 2267 θηρία
586 2214 673 2268 περὶ
698 2215 940 2265 πεντήκοντα
965 2214 1033 2255 τὸν
1060 2214 1234 2267 ἀριθμὸν
1260 2213 1354 2254 ὄντα
1379 2213 1444 2254 καὶ
1479 2214 1551 2266 τὴν
1583 2214 1726 2266 λοιπὴν

161 2275 331 2326 δύναμιν
357 2274 514 2313 ἅπασαν
539 2281 685 2327 προῆγε
710 2274 807 2313 κατὰ
834 2273 1013 2325 σπουδὴν
1039 2273 1079 2313 ἐκ
1106 2280 1174 2326 τῆς
1195 2269 1442 2328 εΗρακλείας,
1467 2274 1724 2327 παραγγεί-

161 2337 242 2381 λας
275 2337 371 2381 τοῖς
405 2334 704 2385 Νομαδικοῖς
735 2334 929 2373 ἱππεῦσι
959 2334 1349 2386 προπορεύεσθαι
1379 2332 1446 2372 καὶ
1478 2333 1725 2386 συνεγγίσασι

162 2396 214 2448 τῷ
245 2393 382 2446 χάρακι
413 2399 490 2432 τῶν
522 2391 712 2432 ἐναντίων
744 2391 931 2446 ἐρεθίζειν
963 2391 1029 2432 καὶ
1060 2397 1273 2446 πειρᾶσθαι
1304 2392 1395 2440 τοὺς
1427 2392 1557 2440 ἱππεῖς
1595 2392 1724 2432 αὐτῶν

162 2450 409 2491 ἐκκαλεῖσθαι
446 2450 608 2492 κᾶπειτα
639 2452 756 2491 πάλιν
788 2451 1011 2491 ἕκκλίνασιν
1043 2450 1257 2505 ἀποχωρεῖν
1291 2450 1361 2499 ἕως
1393 2450 1443 2491 ἂν
1485 2451 1589 2506 αὐτῷ
1628 2463 1725 2503 συμ-

162 2511 309 2562 μίξωσι.
344 2511 429 2556 Quo
461 2513 570 2551 nisus
604 2526 675 2563 ego
710 2507 819 2565 (nam
846 2511 1084 2550 Ribbeckius
1118 2514 1187 2562 qui
1219 2514 1356 2551 contra
1387 2511 1489 2550 dixit
1519 2512 1618 2549 mihi
1646 2525 1725 2550 non

162 2566 375 2624 persuasit)
403 2571 454 2608 ad
478 2572 641 2609 initium
666 2572 762 2609 belli
788 2572 925 2609 rettuli
950 2583 1117 2620 versum,
1146 2585 1263 2621 quem
1282 2574 1444 2622 propter
1462 2571 1725 2620 multiplicem

163 2631 205 2667 in
223 2630 297 2668 1100
315 2630 419 2668 bello
440 2631 702 2669 Numidarum
723 2632 902 2680 equitum
921 2643 1036 2669 usum
1057 2626 1123 2684 (cf,
1143 2631 1229 2670 Liv.
1251 2644 1320 2669 xxl
1342 2632 1408 2669 29.
1430 2626 1505 2683 45)
1526 2643 1604 2668 non
1624 2641 1724 2679 nego

165 2690 283 2727 etiam
304 2691 347 2727 111
363 2690 443 2728 alia
462 2692 576 2739 parte
597 2692 680 2728 eius
699 2690 792 2727 libri
810 2689 948 2727 haberi
967 2691 1153 2739 potuisse.
1174 2691 1292 2728 Mitto
1313 2702 1416 2727 nunc
1437 2691 1557 2727 etiam
1577 2689 1622 2725 fr.
1638 2700 1724 2736 xm,

165 2761 241 2797 quo
267 2750 372 2786 infra
397 2751 583 2788 revertar.
611 2749 718 2794 Quae
746 2750 963 2787 certissimo
989 2749 1136 2787 indicio
1157 2749 1332 2787 Ennium
1357 2749 1457 2786 illud
1481 2748 1627 2785 bellum
1653 2759 1725 2784 1100

163 2809 397 2856 praeterisse
430 2810 589 2847 0111111110
622 2821 692 2847 1100
724 2809 841 2846 nimis
877 2820 994 2858 parce
1025 2810 1217 2847 tractasse
1249 2807 1479 2854 ostendunt,
1518 2806 1614 2843 haec
1646 2805 1723 2844 duo

163 2868 254 2904 sunt
285 2880 305 2904 e
339 2868 505 2916 septimo
539 2868 674 2906 annali
707 2868 832 2905 allata
862 2868 1087 2918 fragmenta
1113 2881 1164 2906 XI.
1186 2881 1261 2916 ΧΠ,
1301 2866 1442 2916 quibus
1468 2866 1513 2903 ut
1545 2866 1724 2915 apertum

1450 2930 1511 2965 m*

1749 869 1815 892 cap.
1832 867 1867 886 ιν
