2054 3282
321 215 407 256 224
1016 206 1166 241 VARIA

253 339 306 380 ΤΟ
321 337 455 386 turno,
481 330 543 372 uti
576 329 611 371 si
644 328 745 383 quid
775 327 955 369 liberum
981 326 1103 367 virile
1135 339 1254 366 secus
1287 325 1326 366 ei
1357 327 1505 366 natum
1538 327 1661 379 esset,
1685 339 1739 367 ne
1771 324 1873 379 quid

319 403 521 444 educaret.
548 400 591 440 id
616 399 704 441 eius
730 398 790 439 rei
816 411 941 438 causa
965 396 1078 451 fecit,
1104 395 1168 437 uti
1195 395 1243 437 ad
1273 409 1372 436 suos
1392 397 1545 451 gnatos
1564 410 1743 451 regnum
1764 394 1872 437 redi-

317 476 391 513 ret.
413 471 431 494 ‘²
449 474 540 512 tum
567 468 748 511 Saturno
779 468 893 509 filius
920 467 993 521 qui
1025 467 1188 521 primus
1213 468 1339 507 natus
1366 469 1446 521 est,
1478 481 1574 508 eum
1605 468 1872 509 necaverunt.

318 542 466 584 deinde
485 540 696 596 posterius
716 538 805 580 nati
826 541 925 580 sunt
945 537 1116 593 gemini,
1135 535 1330 592 Iuppiter
1349 540 1477 592 atque
1496 536 1616 579 Iuno.
1635 540 1728 579 tum
1748 536 1874 579 Iuno-

317 628 412 654 nem
434 611 614 654 Saturno
634 611 679 651 in
699 611 972 664 conspectum
993 608 1142 649 dedere
1162 610 1289 663 atque
1308 607 1453 650 Iovem
1473 608 1582 650 clam
1609 608 1875 650 abscondunt

249 687 301 729 ἵῖ)
317 684 500 737 dantque
520 696 615 723 eum
629 681 784 722 Vestae
804 679 1067 722 educandum
1088 679 1273 720 celantes
1295 678 1539 721 Saturnum.
1554 677 1571 702 5
1589 680 1692 721 item
1711 678 1874 734 Neptu-

317 769 417 795 num
449 754 556 794 elam
590 751 772 794 Saturno
806 749 893 806 Ops
924 751 1038 806 parit
1073 765 1254 805 eumque
1285 750 1525 792 clanculum
1557 750 1789 792 abscondit.
1822 749 1874 791 ad

316 824 493 866 eundem
525 823 698 864 modum
730 822 858 863 tertio
895 824 1021 876 partu
1057 820 1143 876 Ops
1182 821 1295 876 parit
1331 821 1537 877 geminos,
1570 821 1797 864 Plutonem
1832 823 1875 862 et

249 899 301 940 78
319 893 529 937 Glaucam.
549 893 676 935 Pluto
696 892 847 934 Latine
873 895 937 934 est
955 892 1034 934 Dis
1053 895 1186 948 pater,
1207 892 1279 934 alii
1300 891 1456 934 Orcum
1476 895 1640 935 vocant.
1662 892 1722 933 ibi
1741 891 1873 933 filiam

317 964 518 1007 Glaucam
540 963 722 1006 Saturno
750 963 991 1019 ostendunt⁷
1018 966 1061 1005 at
1085 963 1223 1005 filium
1242 963 1470 1006 Plutonem
1496 965 1637 1006 celant
1657 966 1785 1018 atque
1805 963 1874 1004 ab·

245 1036 533 1081 soscondunt.
561 1035 709 1077 deinde
736 1033 894 1076 Glauca
925 1050 1055 1089 parva
1087 1035 1302 1077 emoritur.
1330 1034 1345 1058 ⁶
1365 1035 1469 1077 haec
1500 1038 1547 1076 ut
1582 1035 1741 1089 scripta
1775 1036 1875 1076 sunt

313 1108 426 1150 Iovis
453 1107 716 1161 fratrumque
743 1106 831 1147 eius
859 1105 987 1160 stirps
1014 1108 1141 1160 atque
1167 1105 1384 1162 cognatio:
1411 1106 1455 1147 in
1475 1106 1589 1148 hunc
1608 1106 1782 1147 modum
1801 1120 1874 1147 no-

314 1179 378 1221 bis
405 1194 455 1220 ex
482 1193 600 1220 sacra
625 1177 856 1233 scriptione
881 1177 1087 1219 traditum
1113 1180 1187 1220 est.

1070 1282 1122 1317 IV

244 1347 299 1388 83
430 1344 593 1385 Deinde
624 1344 751 1385 Titan
787 1346 1014 1399 postquam
1048 1344 1222 1386 rescivit
1257 1343 1441 1386 Saturno
1479 1344 1594 1386 filios
1630 1346 1874 1399 procreatos

314 1418 440 1469 atque
466 1415 665 1456 educatos
693 1430 783 1457 esse
809 1416 917 1456 clam
944 1430 1000 1470 se⁷
1027 1415 1190 1456 seducit
1215 1430 1357 1457 secum
1383 1415 1496 1457 filios
1517 1430 1615 1457 suos
1637 1415 1710 1469 qui
1730 1414 1873 1456 Titani

244 1488 298 1530 85
314 1489 528 1541 vocantur,
554 1486 814 1541 fratremque
846 1501 970 1528 suum
998 1485 1228 1528 Saturnum
1255 1490 1382 1541 atque
1408 1485 1543 1542 Opem
1569 1485 1875 1541 conprehendit

313 1572 468 1612 eosque
493 1571 614 1599 muro
641 1557 891 1613 circumegit
917 1560 959 1598 et
985 1557 1221 1599 custodiam
1247 1557 1314 1599 his
1341 1558 1530 1613 apponit.

1075 1662 1109 1697 V

245 1726 298 1766 87
431 1722 575 1765 Iovem
608 1723 812 1779 adultum,
838 1738 934 1765 011111
966 1724 1153 1765 audisset
1183 1727 1347 1779 patrem
1380 1726 1507 1779 atque
1532 1727 1711 1766 matrem
1737 1725 1875 1765 custo*

315 1794 394 1835 diis
420 1795 747 1849 circumsaeptos
774 1797 901 1849 atque
921 1795 965 1836 in
984 1795 1155 1837 vincula
1175 1795 1400 1849 coniectos,
1420 1795 1586 1837 venisse
1605 1809 1701 1837 cum
1721 1809 1876 1850 magna

317 1864 578 1907 Cretensium
603 1866 878 1907 multitudine
904 1866 1189 1920 Titanumque
1216 1880 1263 1908 ac
1288 1866 1400 1908 filios
1427 1866 1517 1907 eius
1543 1880 1688 1922 pugna
1712 1865 1876 1920 vicisse,

244 1938 300 1979 90
315 1940 507 1990 parentes
534 1937 714 1979 vinculis
741 1937 957 1992 exemisse,
982 1937 1094 1992 patri
1125 1952 1304 1994 regnum
1336 1937 1568 1979 reddidisse
1594 1940 1721 1992 atque
1746 1937 1806 1978 ita
1831 1937 1875 1978 in

317 2006 483 2049 Cretam
509 2023 727 2050 remeasse.
751 2008 783 2032 1¹
803 2012 902 2063 post
926 2008 1031 2051 haec
1057 2009 1207 2050 deinde
1234 2008 1417 2050 Saturno
1451 2011 1608 2050 sortem
1642 2008 1795 2063 datam,
1827 2010 1877 2048 ut
1917 2023 1920 2026 ·

315 2081 480 2120 caveret
511 2094 563 2120 ne
601 2079 714 2121 filius
748 2095 845 2121 eum
875 2095 1007 2137 regno
1042 2080 1294 2136 expelleret3
1329 2080 1451 2121 illum
1487 2079 1713 2121 elevandae
1748 2078 1875 2120 sortis

318 2233 371 2272 13,
387 2232 431 2276 3).
451 2230 462 2250 ἲ
477 2230 565 2265 item
584 2231 696 2276 paulo
714 2233 799 2276 post
816 2232 910 2267 haec
930 2232 1043 2266 infert
1063 2232 1285 2269 «deinde...
1308 2233 1487 2278 apponit»
1508 2233 1582 2277 (w).
1603 2232 1695 2266 haec
1720 2230 1875 2266 historia

316 2293 428 2328 quam
441 2294 527 2318 vera
541 2285 588 2318 sit
602 2285 709 2319 docet
724 2285 868 2330 Sibylla
882 2286 1088 2330 Erythraea
1101 2286 1232 2321 eadem
1246 2285 1322 2320 fere
1337 2286 1473 2327 dicens,
1489 2285 1561 2319 nisi
1575 2285 1674 2329 quod
1688 2285 1726 2319 in
1745 2284 1876 2329 paucis

316 2347 411 2381 quae
433 2336 480 2371 ad
499 2347 576 2371 rem
596 2349 668 2372 non
690 2338 852 2373 attinent
872 2339 1087 2384 discrepat.'

433 2395 466 2430 V
480 2397 552 2441 (87)
585 2396 801 2431 Lactantius
820 2398 890 2432 div.
906 2398 991 2432 inst.
1004 2412 1016 2432 1
1032 2402 1085 2440 14,
1104 2402 1146 2432 10
1161 2398 1288 2443 (paulo
1307 2399 1393 2443 post
1411 2398 1453 2431 fr.
1469 2400 1518 2443 lv)
1535 2397 1700 2441 ‘reliqua
1719 2396 1876 2431 historia

316 2449 369 2483 sic
395 2449 604 2484 contexitur
624 2450 766 2486 «Iovem
789 2479 794 2484 .
812 2479 818 2486 .
836 2479 841 2484 .
863 2451 1055 2487 invenit».'
1079 2451 1320 2487 «Consedisse
1343 2480 1348 2485 .
1366 2479 1372 2485 .
1390 2479 1396 2485 .
1416 2451 1688 2496 portendisse»z
1710 2449 1755 2484 ef.
1771 2450 1819 2484 ad
1838 2462 1875 2485 v1

317 2502 516 2548 adscripta.

315 2640 394 2677 slve
417 2639 717 2677 Eulaemerianis
743 2642 1011 2687 conq›·uen.t12·a,·
1036 2652 1134 2687 quac
1157 2651 1283 2688 nuper
1301 2640 1484 2688 Ne'metley
1513 2637 1756 2688 εΡΙιὶῖοῖορίαἱ
1775 2640 1873 2678 Ko'z-

316 2695 419 2745 lo‘ny’
433 2710 502 2735 xx1
528 2708 542 2734 1
569 2699 789 2736 accuratius
800 2702 1025 2745 persecutus
1044 2702 1098 2737 est
1230 2701 1284 2738 70
1304 2699 1417 2737 virile
1435 2711 1543 2737 secus
1565 2711 1608 2737 ex
1627 2700 1732 2736 codd.
1753 2700 1873 2745 scrip-

317 2758 415 2794 turis
430 2758 632 2804 proditum
650 2757 876 2804 Bramltus;
895 2760 942 2806 cf.
957 2759 1139 2806 Ne'metlzy
1159 2759 1320 2796 Eulee-m.
1338 2759 1443 2805 reliq.
1458 2770 1498 2805 p.
1515 2756 1570 2794 80
1686 2757 1780 2806 quid
1801 2769 1872 2795 om.

316 2815 407 2853 Par.
421 2816 453 2853 S
475 2817 559 2854 Pal.
585 2817 626 2853 id
651 2817 761 2854 malit
778 2816 983 2856 Branchus
1130 2819 1182 2855 75
1204 2817 1368 2855 Vestae:
1393 2818 1440 2864 cf.
1463 2816 1515 2863 65
1540 2819 1573 2854 et
1598 2826 1689 2863 139.
1710 2817 1871 2854 Diodor.

316 2886 357 2913 v1
381 2884 415 2922 2,
432 2873 455 2910 8
580 2876 633 2913 78
661 2876 735 2913 diis
760 2878 874 2924 pater
891 2878 949 2913 vel
968 2877 1166 2925 diespiter,
1187 2876 1352 2925 dispiter
1371 2877 1475 2914 codd.
1499 2875 1558 2923 Os.
1577 2876 1702 2914 Varro
1721 2876 1767 2913 de
1786 2876 1808 2912 l.
1824 2875 1872 2912 L.

316 2945 342 2972 v
363 2932 416 2969 60
540 2936 593 2973 86
615 2946 746 2973 muros
766 2935 879 2972 Parr.
894 2934 932 2972 R
952 2938 984 2972 et
1002 2936 1033 2973 S
