2054 3282
285 236 370 277 238
949 223 1159 259 INCERTA

987 342 1119 377 XLVII

283 418 337 458 47
621 428 645 454 o
678 413 895 466 praestans
928 409 1060 450 animi

982 517 1133 553 XLVIII

281 587 337 627 48
840 581 949 622 fidus
980 580 1007 621 i.
1033 593 1063 621 e.
1092 579 1241 620 foedus

1002 683 1116 717 XLIX

281 750 337 791 49
972 759 1148 786 erumna

1048 856 1075 889 L

279 919 337 961 50
863 916 1067 958 bombum
1100 915 1256 970 pedum

1034 1021 1082 1055 LI

280 1085 334 1126 51
917 1083 1000 1124 hoc
1030 1083 1173 1124 locum

398 1248 529 1283 XLVII
549 1249 620 1293 (47)
655 1247 665 1264 ‘
676 1247 868 1282 Glossator
881 1246 1032 1292 Virgilii
1046 1246 1138 1281 MS?
1154 1245 1190 1281 C.
1206 1245 1353 1283 Barthii
1375 1246 1469 1292 (adv.
1485 1258 1600 1280 xxxm
1615 1247 1672 1291 13)
1693 1245 1741 1281 ad
1755 1245 1845 1280 Aen.

281 1315 332 1336 xn
354 1305 396 1336 19
414 1302 454 1336 ‘0
474 1302 667 1346 praestans
689 1300 804 1335 animi
824 1300 984 1335 iuvenis:
1013 1301 1070 1334 est
1087 1300 1251 1345 prudens
1271 1300 1369 1334 senis
1390 1299 1532 1334 dictum
1547 1328 1553 1334 .
1571 1328 1577 1334 .
1595 1328 1601 1334 .
1623 1300 1681 1334 est
1698 1309 1783 1334 vero
1803 1310 1847 1334 ex

282 1366 368 1390 seno
388 1355 506 1389 Ennio
527 1354 776 1389 translatum)
875 1353 1051 1388 Barthius
1066 1354 1211 1388 sextum
1224 1353 1336 1387 Ennii
1349 1354 1460 1398 putat
1473 1353 1655 1398 intelligi3
1669 1352 1845 1398 probabi-

282 1408 352 1442 lius
372 1407 554 1443 hariolere
574 1418 624 1442 ex
644 1407 818 1442 somnio
838 1406 993 1451 Ennii3
1015 1406 1059 1441 cf.
1076 1417 1159 1441 ann.
1172 1410 1193 1441 8
1210 1407 1251 1441 ‘0
1270 1407 1393 1452 pietas
1414 1406 1556 1441 animi.'

399 1460 546 1495 XLVIII
566 1462 637 1507 (48)
663 1460 780 1495 Varro
801 1460 847 1495 de
866 1460 889 1495 1.
905 1460 943 1494 L.
958 1473 981 1495 v
997 1463 1041 1495 86
1058 1460 1226 1495 ‘fetiales
1247 1460 1346 1505 quod
1365 1459 1453 1494 fidei
1472 1459 1647 1505 publicae
1665 1459 1763 1494 inter
1782 1470 1847 1504 po—

281 1514 387 1559 pulos
412 1515 626 1559 praeerant;
652 1525 739 1549 nam
764 1525 831 1559 per
857 1514 924 1548 hos
950 1513 1065 1549 fiebat
1089 1515 1132 1548 ut
1156 1514 1297 1548 iustum
1316 1513 1573 1558 conciperetur
1591 1513 1731 1548 bellum
1751 1513 1847 1547 etin

282 1568 441 1602 desitum
462 1567 508 1612 (h.
524 1578 553 1602 e.
577 1567 617 1602 in
641 1567 802 1602 desitum
821 1566 979 1611 bellum;
1007 1567 1059 1602 sic
1078 1567 1356 1611 Lachmannus3
1381 1566 1488 1601 inde
1514 1566 1712 1602 desitum
1736 1566 1846 1611 Flor.)

281 1622 323 1655 ut
342 1621 488 1655 foedere
508 1621 599 1655 fides
618 1621 724 1666 pacis
743 1620 1042 1655 constitueretur.
1058 1631 1102 1655 ex
1114 1620 1174 1655 his
1188 1620 1445 1663 mittebantur,
1461 1621 1663 1664 antequam
1676 1619 1846 1664 concipe-

282 1675 390 1716 retur,
412 1674 476 1718 qui
496 1684 552 1708 res
573 1675 794 1719 repeterent,
816 1674 854 1708 et
872 1684 939 1718 per
957 1674 1024 1708 hos
1045 1673 1160 1708 etiam
1177 1685 1275 1708 nunc
1292 1673 1334 1708 fit
1347 1673 1488 1717 foedus,
1504 1673 1604 1718 quod
1618 1673 1760 1709 «fidus»
1773 1672 1846 1707 En-

282 1727 365 1761 nius
382 1727 512 1762 scribit
526 1727 694 1762 dictum?
805 1726 857 1761 Cf.
872 1726 907 1762 C.
921 1726 977 1761 Gl
990 1727 1029 1761 L.
1042 1739 1128 1771 v1p.
1142 1730 1212 1761 460
1229 1726 1338 1761 ‘fidus
1352 1737 1426 1772 pax
1440 1729 1563 1772 (pars
1585 1727 1847 1772 codd.)perpe-
1862 1741 1866 1745 ·

282 1781 347 1815 tua
366 1780 423 1815 vel
443 1780 637 1815 amicitia.'
653 1780 792 1815 Paulus
805 1780 833 1814 F
837 1780 907 1814 esti
924 1792 959 1825 p
976 1783 1031 1824 59,
1048 1784 1091 1814 15
1106 1780 1172 1814 Th.
1190 1779 1342 1814 ‘foedus
1362 1779 1596 1825 appellatum
1615 1779 1663 1815 ab
1683 1790 1725 1814 eo
1746 1779 1846 1824 quod

331 1833 409 1868 .vel
429 1834 519 1878 quia
537 1834 577 1868 in
596 1833 745 1868 foedere
764 1833 1025 1878 interponatur
1044 1833 1162 1868 fides.³
1179 1823 1305 1867 Livius
1324 1846 1346 1868 v
1367 1836 1422 1875 51,
1440 1834 1510 1867 10τ
1520 1833 1651 1868 foedus
1672 1844 1715 1867 ac
1734 1832 1847 1867 fidem

282 1886 520 1921 fefellerunt)
542 1886 724 1922 Similiter
743 1886 946 1921 credideris
965 1886 1127 1921 Ennium
1146 1886 1309 1920 lusisse'
1298 1898 1339 1921 111
1357 1886 1478 1921 verbo.

399 1940 511 1974 XLIX
531 1941 603 1986 (49)
642 1940 831 1975 Charisius
850 1953 863 1974 1
881 1952 917 1985 p.
934 1943 989 1982 98,
1006 1943 1048 1974 12
1063 1939 1135 1974 K.
1145 1950 1336 1974 erunmam
1355 1939 1497 1974 Ennius
1523 1939 1579 1974 ait
1602 1950 1670 1984 per
1688 1950 1708 1973 e
1728 1939 1847 1973 solum

282 1993 393 2028 scribi
419 2004 543 2038 posse,
571 1994 671 2038 quod
696 1994 859 2028 mentem
884 1995 1007 2037 eruat,
1028 1994 1066 2028 et
1083 2004 1151 2038 per
1170 2004 1193 2028 a
1212 1994 1250 2027 et
1269 2003 1289 2027 e
1309 1995 1336 2038 (-
1352 2003 1374 2027 a
1390 2014 1396 2019 -
1410 1992 1527 2037 Neap.
1549 1994 1593 2027 et
1618 2003 1638 2027 e
1663 1992 1748 2027 add.
1770 2003 1845 2026 exc.

281 2046 389 2092 Par.,)
413 2047 512 2092 quod
535 2057 715 2082 merorem
737 2047 890 2082 nutriat.
897 2047 907 2063 '
1039 2046 1141 2082 Haec
1167 2048 1205 2081 et
1229 2046 1297 2081 illa
1324 2046 1369 2080 de
1395 2046 1544 2081 foedere
1569 2059 1681 2081 xnvm
1707 2046 1755 2081 ad
1777 2045 1850 2079 En-

284 2099 388 2134 nium
407 2100 692 2145 grammaticum
714 2111 825 2145 quem
849 2100 1046 2135 Suetonius
1070 2100 1164 2135 dicit
1187 2100 1233 2135 de
1255 2110 1410 2144 gramm.
1428 2104 1445 2134 1
1467 2099 1596 2134 referri
1619 2099 1780 2134 malunt:
1801 2099 1847 2133 cf

287 2151 334 2186 M.
350 2152 552 2187 Hertzius‘
563 2152 713 2188 Sinnius
734 2153 888 2198 Capito’
906 2156 997 2188 1844
1017 2166 1052 2198 p.
1070 2157 1123 2188 10.

401 2206 428 2239 L
443 2208 515 2251 (50)
546 2206 777 2251 Augustinus
791 2207 837 2241 de
852 2206 1052 2242 dialectica
1067 2211 1087 2242 6
1102 2218 1124 2242 a
1138 2206 1300 2242 Crecelio
1316 2207 1372 2241 ed.
1388 2217 1419 2241 a.
1437 2209 1527 2241 1857
1541 2218 1577 2251 p.
1593 2209 1613 2241 9
1626 2206 1684 2251 (cf.
1698 2206 1741 2240 A.
1753 2204 1848 2240 Wil-

283 2259 473 2294 mannsius
500 2259 546 2294 de
565 2259 718 2295 Varron.
740 2259 824 2295 libr.
845 2270 998 2306 gramm.
1014 2272 1049 2305 p.
1067 2260 1175 2305 144)‘
1185 2261 1272 2294 sunt
1296 2260 1361 2304 qui
1380 2259 1532 2294 verbum
1552 2271 1575 2295 a
1594 2269 1678 2294 vero
1698 2258 1848 2303 quidem

283 2311 425 2346 dictum
444 2313 589 2357 putant,
611 2313 675 2347 sed
693 2313 815 2358 prima
835 2313 983 2358 syllaba
1002 2313 1093 2348 satis
1114 2313 1373 2348 animadversa
1392 2313 1593 2348 secundam
1606 2312 1756 2358 neglegi
1775 2322 1849 2347 non

283 2365 464 2410 oportere.
488 2365 639 2401 verbum
662 2366 761 2401 enim
783 2378 867 2401 cum
890 2366 1060 2410 dicimus,
1086 2366 1273 2411 inquiunt,
1298 2366 1421 2412 prima
1447 2366 1526 2401 eius
1552 2365 1699 2410 syllaba
1723 2376 1849 2400 verum

283 2417 482 2463 significat,
502 2419 665 2454 secunda
685 2430 825 2455 sonum.
844 2420 913 2455 hoc
934 2420 1033 2454 enim
1052 2419 1182 2455 volunt
1206 2430 1286 2455 esse
1304 2420 1412 2464 bum3
1437 2419 1536 2454 unde
1555 2419 1696 2453 Ennius
1720 2429 1851 2454 sonum

283 2471 422 2516 pedum
432 2470 630 2507 «bombum
644 2472 805 2517 pedum»
820 2473 926 2517 dixit,
942 2474 979 2508 et
992 2474 1128 2520 βοῆσαι
1141 2472 1274 2508 Graeci
1288 2472 1449 2508 clamare
1463 2474 1501 2507 et
1510 2472 1698 2518 Vergilius
1710 2474 1849 2517 (georg.

282 2537 326 2559 111
344 2526 426 2570 223)
447 2524 633 2561 «reboant
659 2525 806 2562 silvae».
829 2537 916 2572 ergo
942 2526 1094 2561 verbum
1120 2526 1263 2561 dictum
1288 2527 1345 2560 est
1370 2526 1477 2571 quasi
1504 2536 1526 2560 a
1550 2536 1677 2560 verum
1701 2525 1849 2560 boando

283 2578 354 2613 hoc
380 2578 438 2612 est
461 2588 587 2612 verum
613 2579 805 2614 sonando.’
922 2580 981 2614 Ad
1002 2579 1197 2614 Prudentii
1220 2579 1410 2624 apotheos.
1432 2582 1501 2613 845
1517 2579 1723 2613 ‘tumidum
1745 2578 1850 2623 largo

284 2630 465 2666 sublimat
482 2630 632 2666 fiamine
651 2632 848 2667 bombum’
871 2633 1061 2678 adscripta
1085 2633 1211 2678 glossa
1233 2632 1416 2668 ‘sonitum
1444 2643 1558 2667 cornu
1583 2632 1641 2666 vel
1666 2632 1793 2667 tibiae.
1815 2632 1853 2665 et

284 2683 426 2719 Ennius
447 2684 610 2719 sonitum
622 2686 760 2729 pedum
774 2685 872 2720 dixit
885 2686 1134 2722 «bombum»7
1152 2685 1204 2720 Cf.
1218 2685 1437 2720 Buecheleri
1450 2685 1604 2721 coniect.
1616 2685 1657 2720 in
1669 2684 1849 2719 Fleckeis.

285 2737 409 2772 annal.
425 2750 484 2772 cn
499 2739 618 2783 (1875)
631 2750 666 2783 p.
684 2742 751 2773 126
765 2750 818 2783 sq.
927 2739 979 2774 Cf.
995 2739 1188 2774 Lucretius
1207 2752 1244 2774 1v
1264 2743 1333 2774 544
1350 2739 1408 2773 ‘et
1426 2738 1557 2774 reboat
1575 2749 1727 2773 raucum
1747 2738 1850 2783 regio

285 2790 361 2825 cita
379 2790 541 2826 barbara
553 2790 754 2826 bombum.’
770 2791 950 2836 Apuleius
970 2793 1118 2827 metam.
1133 2805 1157 2826 x
1171 2795 1214 2826 31
1229 2793 1239 2809 ‘
1249 2791 1389 2827 tibicen
1403 2792 1549 2827 dorium
1568 2791 1727 2826 canebat
1745 2790 1850 2825 belli-

286 2854 412 2878 cosum
432 2845 470 2879 et
488 2844 714 2889 permiscens
734 2843 880 2879 bombis
901 2845 1076 2890 gravibus
1095 2845 1255 2880 tinnitus
1276 2846 1405 2880 acutos
1424 2845 1463 2880 in
1483 2844 1634 2879 modum
1650 2844 1763 2879 tubae
1780 2843 1853 2879 sal-

286 2897 440 2932 tationis
461 2897 573 2943 agilis
593 2897 758 2943 vigorem
778 2897 1012 2932 suscitabat)
1035 2898 1072 2933 C.
1088 2897 1144 2933 Gl.
1159 2898 1197 2932 L.
1213 2911 1250 2933 v1
1268 2910 1304 2943 p.
1321 2901 1399 2933 147.

406 2950 451 2985 LI
471 2952 543 2998 (51)
576 2950 722 2998 Fragm.
736 2950 907 2986 Bobiens.
924 2950 964 2986 G.
980 2951 1018 2987 L.
1033 2951 1076 2987 K.
1092 2964 1142 2987 vn
1162 2963 1196 2998 p.
1213 2955 1292 2998 542,
1308 2955 1329 2987 9
1346 2951 1454 2988 ‘«hoc
1473 2950 1618 2987 locum»
1638 2950 1777 2986 lectum
1796 2951 1853 2987 est
