2054 3282
683 138 942 174 ANNALIUM
970 138 1056 174 LIB.
1077 138 1168 174 INC.
1624 139 1644 180 1
1654 138 1708 180 13

861 257 1007 293 CXXXI

150 319 235 361 608
947 321 1063 361 stant
1086 317 1261 373 pulvere
1288 318 1425 373 campi

851 423 1014 459 CXXXII

150 484 236 526 609
841 499 942 526 saxo
969 499 1061 526 cere
1086 484 1340 526 comminuit
1365 484 1489 526 brum

841 588 1021 623 CXXXHI

149 650 236 691 610
266 649 431 692 Massili
456 650 686 705 portabant
711 650 884 692 iuvenes
912 650 964 691 ad
988 649 1118 691 litora
1142 652 1264 692 tanas

840 754 1022 789 CXXXIV

148 816 231 857 611
785 830 864 858 nec
888 815 1047 857 retrahi
1233 818 1428 870 potestur

266 880 461 936 Imperiis

265 1009 411 1044 CXXXI
425 1010 521 1055 (608)
547 1009 752 1054 Porphyrio
767 1010 806 1043 in
816 1009 902 1044 Hor.
916 1020 1025 1044 carm.
1042 1023 1054 1043 1
1069 1013 1099 1052 9,
1114 1013 1132 1043 1
1150 1009 1272 1044 ‘vides
1286 1011 1329 1044 ut
1342 1010 1420 1044 alta
1435 1010 1508 1044 stet
1521 1010 1620 1044 nive.
1633 1024 1655 1044 .:
1668 1038 1674 1044 .
1686 1038 1691 1044 .
1704 1038 1709 1044 .

147 1064 221 1098 stet
246 1064 370 1098 autem
395 1063 548 1108 plenum
574 1063 623 1097 sit
649 1062 846 1108 significat,
867 1064 910 1097 ut
936 1062 1076 1097 Ennius
1098 1064 1230 1099 «stant
1247 1075 1283 1108 p.
1299 1063 1451 1108 campi»
1472 1064 1510 1098 et
1522 1062 1711 1108 Vergilius

147 1116 250 1162 (Aen.
265 1129 317 1151 x11
337 1118 419 1162 408)
441 1116 539 1153 «iam
558 1116 710 1161 pulvere
730 1115 875 1151 caelum
894 1117 993 1151 stare
1013 1116 1166 1152 vides».'

266 1169 438 1205 CXXXII.
455 1169 635 1205 CXXXIII
655 1172 746 1216 (609.
764 1171 845 1215 610)
886 1170 1032 1205 Servius
1051 1170 1091 1204 in
1104 1170 1195 1205 Aen.
1210 1183 1223 1204 1
1240 1173 1309 1204 412
1325 1170 1485 1205 ‘circum
1505 1170 1576 1205 dea
1595 1169 1710 1205 fudit:

147 1223 266 1269 figura
286 1225 343 1258 est
360 1223 499 1266 tmesis,
521 1234 617 1267 quae
636 1224 679 1258 fit
698 1235 781 1259 cum
801 1225 901 1259 secto
921 1234 994 1258 11110
1016 1234 1183 1259 sermone
1204 1223 1348 1269 aliquid
1368 1224 1649 1269 interponimus,
1670 1225 1713 1258 ut

148 1277 239 1312 alibi
260 1282 396 1323 (georg.
412 1291 454 1312 111
474 1279 555 1323 381)
577 1279 743 1323 «septem
763 1277 932 1312 subiecta
951 1277 1098 1314 trioni».
1114 1278 1180 1312 sed
1199 1277 1269 1312 hoc
1288 1277 1484 1312 tolerabile
1504 1279 1561 1312 est
1579 1277 1618 1312 in
1639 1288 1712 1312 ser-

146 1342 254 1365 mone
269 1331 471 1376 conposito,
487 1332 650 1366 ceterum
663 1331 702 1365 in
716 1331 877 1376 simplici
891 1330 1001 1366 nimis
1015 1332 1072 1366 est
1085 1342 1274 1376 asperum3
1295 1331 1395 1376 quod
1409 1332 1535 1365 tamen
1548 1330 1713 1365 faciebat

147 1384 363 1429 antiquitas,
384 1386 427 1419 ut
446 1395 556 1421 «saxo
578 1395 659 1419 cere
680 1384 899 1419 comminuit
916 1384 1073 1420 brum».’
1095 1386 1144 1419 ut
1168 1384 1214 1418 in
1239 1384 1321 1419 illo
1342 1383 1477 1419 Ennii
1500 1383 1711 1427 Fabricius;

148 1448 192 1472 ex
202 1438 322 1472 Ennio
338 1437 461 1473 afferri
475 1438 514 1472 in
527 1438 650 1472 Servio
665 1438 918 1483 manuscripto
929 1438 1081 1472 Sertorii
1093 1437 1335 1480 Quadrimani
1349 1438 1510 1472 testatur
1521 1436 1709 1472 Columna.

270 1491 438 1526 Donatus
465 1492 532 1526 art.
554 1504 607 1537 gr.
627 1491 667 1526 G.
686 1492 724 1526 L.
743 1491 785 1526 K.
801 1504 838 1526 1v
856 1504 892 1536 p.
907 1495 987 1534 401,
1004 1495 1057 1526 16.
1076 1495 1118 1525 17
1139 1491 1286 1526 ‘tmesis
1313 1492 1369 1525 est
1393 1490 1503 1525 unius
1529 1490 1712 1535 conpositi

148 1546 213 1579 aut
233 1544 412 1589 simplicis
431 1544 534 1579 verbi
554 1545 678 1587 sectio,
699 1556 774 1579 una
794 1545 957 1580 dictione
977 1545 1034 1579 vel
1053 1544 1222 1590 pluribus
1247 1544 1463 1587 interiectis,
1483 1545 1526 1578 ut
1546 1545 1711 1588 «septem

148 1598 317 1633 subiecta
336 1598 471 1634 trioni»
486 1609 552 1643 pro
574 1598 831 1643 septemtrioni
851 1599 895 1633 et
915 1609 1025 1635 «saxo
1047 1608 1128 1633 cere
1149 1598 1368 1633 comminuit
1386 1597 1516 1633 brum»
1538 1598 1575 1632 et
1591 1597 1711 1633 «Mas-

148 1651 208 1685 sili
229 1651 286 1696 (Μ
294 1651 437 1686 assali
460 1651 642 1697 Iulianus)
662 1651 865 1696 portabant
889 1651 1040 1687 iuvenes
1067 1652 1115 1686 ad
1134 1651 1247 1686 litora
1272 1653 1414 1694 tanas»,
1435 1651 1506 1686 hoc
1532 1652 1589 1686 est
1614 1661 1712 1685 cere-

147 1704 255 1739 bmm
280 1706 318 1739 et
342 1704 622 1740 Massilitanas.’
648 1705 803 1750 Explan.
821 1705 860 1739 in
887 1705 1019 1740 Donat.
1039 1715 1058 1740 e
1085 1705 1164 1740 cod.
1182 1705 1335 1740 Lavant.
1355 1704 1396 1740 G.
1415 1705 1453 1739 L.
1472 1704 1514 1739 K.
1533 1717 1570 1740 1v
1588 1716 1623 1749 p.
1643 1708 1711 1739 565

149 1758 296 1793 ‘tmesis
311 1760 367 1793 est
381 1759 451 1805 [ut]
466 1758 576 1793 11111118
589 1759 707 1804 partis
722 1759 900 1793 orationis
914 1758 1016 1793 facta
1033 1758 1209 1804 diruptio,
1225 1758 1300 1793 alia
1315 1758 1458 1793 scilicet
1477 1758 1709 1803 interposita,

147 1813 190 1846 ut
209 1814 266 1846 est
283 1812 379 1846 illud
399 1813 565 1857 «septem
586 1812 754 1847 subiecta
773 1812 919 1848 trioni».
940 1812 1030 1847 tolle
1051 1812 1097 1846 de
1115 1812 1238 1847 medio
1260 1811 1429 1846 subiecta
1449 1813 1487 1846 et
1499 1811 1614 1846 habes
1629 1822 1711 1856 sep-

147 1865 346 1900 temtrioni.
374 1865 515 1900 Ennius
536 1870 598 1902 «et
623 1877 709 1900 saxo
737 1876 819 1900 cere
852 1866 1070 1900 comminuit
1095 1865 1259 1901 brum».'
1286 1865 1485 1910 Pompeius
1512 1867 1708 1900 comment.

149 1918 189 1953 G.
205 1919 242 1953 L.
258 1918 300 1953 K.
316 1932 338 1953 v
351 1931 386 1964 p.
403 1922 481 1961 310,
498 1922 517 1953 3
535 1919 683 1954 ‘tmesis
703 1919 841 1954 dicitur
861 1919 974 1954 sectio
994 1919 1104 1953 unius
1124 1918 1226 1953 verbi
1242 1947 1248 1953 .
1266 1947 1271 1953 .
1290 1947 1295 1953 .
1313 1947 1319 1953 .
1334 1919 1450 1953 habes
1469 1919 1569 1963 apud
1580 1918 1711 1964 Vergi-

147 1972 238 2006 lium
257 1974 422 2017 «septem
442 1972 610 2007 subiecta
623 1972 770 2015 trioni»,
784 1972 855 2008 1100
869 1974 926 2007 est
939 1972 1196 2018 septemtrioni
1208 2000 1215 2007 .
1229 2000 1236 2006 .
1250 2001 1256 2006 .
1270 2000 1277 2006 .
1289 1972 1507 2017 plerumque
1520 1982 1587 2017 per
1599 1972 1712 2007 verba

147 2025 310 2070 plurima
333 2026 565 2071 interposita,
587 2026 618 2060 si
638 2026 741 2060 dicas
766 2026 837 2060 hoc
857 2037 877 2062 «
886 2026 1030 2060 Massili
1051 2025 1258 2071 (massali
1278 2025 1359 2059 Par.
1371 2025 1412 2070 P)
1433 2025 1636 2070 portabant
1654 2025 1710 2059 iu-

148 2089 257 2114 venes
278 2079 326 2113 ad
345 2079 457 2113 litora
475 2081 607 2114 tanas»
627 2079 667 2112 id
687 2080 744 2113 est
762 2079 1015 2114 Massilitanas
1030 2078 1376 2124 (massalitanas
1395 2078 1437 2123 P)
1451 2078 1607 2124 lagonas
1626 2089 1710 2124 por-

148 2132 282 2166 tabant
306 2132 456 2166 iuvenes
483 2132 530 2166 ad
550 2132 671 2166 litora.
693 2131 797 2166 aliud
817 2132 931 2167 etiam
951 2143 1061 2168 «saxo
1082 2142 1164 2167 cere
1184 2131 1403 2166 comminuit
1421 2131 1550 2168 hrum»
1570 2132 1641 2167 hoc
1655 2134 1711 2167 est

149 2185 348 2227 cerebrum,
369 2185 408 2219 id
427 2186 484 2220 est
503 2196 589 2219 saxo
610 2185 800 2220 cerebrum
820 2185 899 2219 eius
920 2185 1163 2220 comminuit.'
1279 2185 1384 2219 Prior
1401 2185 1533 2219 horum
1554 2185 1710 2220 duorum

143 2249 314 2274 versuum
334 2249 407 2273 non
422 2239 501 2274 sine
514 2239 727 2273 testimonio
742 2238 861 2272 Ennio
877 2238 1118 2282 adscribitur3
1133 2238 1231 2283 quod
1246 2238 1277 2272 81
1291 2239 1390 2273 recte
1404 2238 1456 2282 fit,
1471 2249 1517 2273 ne
1532 2239 1577 2273 de
1593 2239 1708 2274 altero

146 2292 297 2336 quidem
315 2292 462 2326 videtui·
482 2292 646 2327 dubitari
665 2302 790 2337 posse:
810 2292 865 2326 ita
883 2292 981 2326 inter
1000 2302 1038 2326 se
1058 2291 1219 2337 iungunt
1236 2291 1329 2326 haec
1344 2292 1513 2337 exempla
1525 2303 1710 2338 gramma-

147 2346 223 2380 tici.
246 2345 319 2380 Sed
338 2346 483 2380 variant
503 2346 614 2388 docti,
629 2345 740 2380 Ennii
760 2355 839 2380 esse
860 2344 1039 2380 Columna
1058 2344 1229 2387 affirmat,
1250 2347 1364 2391 negat
1377 2345 1539 2380 Kochius
1560 2346 1707 2381 exercit.

149 2399 228 2434 crit.
242 2411 277 2444 p.
294 2403 324 2433 2.

267 2452 447 2487 CXXXIV
461 2453 556 2498 (611)
592 2452 791 2487 Diomedes
812 2466 824 2487 1
843 2465 878 2498 p.
895 2455 973 2495 385,
990 2456 1033 2487 29
1047 2452 1091 2488 K.
1107 2453 1279 2498 ‘possum
1298 2452 1468 2488 nonnulli
1487 2454 1652 2489 veterum
1671 2454 1710 2488 et

269 2577 351 2614 608
375 2576 523 2615 Gellius
541 2589 614 2616 v111
637 2585 658 2623 5
682 2589 762 2625 ary.
784 2576 877 2626 quid
903 2577 1003 2615 illud
1023 2578 1074 2615 sit
1095 2577 1199 2627 quod
1211 2577 1412 2628 Vergilius
1433 2578 1584 2615 caelum
1603 2579 1707 2616 stare

149 2635 310 2684 pulvere
336 2637 375 2674 et
404 2636 508 2685 quod
532 2635 707 2674 Lucilius
733 2638 869 2685 pectus
890 2636 1063 2675 sentibus
1084 2639 1188 2675 stare
1208 2637 1318 2675 dixit.
1343 2636 1400 2685 Of.
1421 2637 1601 2674 Lucillus
1627 2634 1701 2672 181

148 2694 198 2732 L.
219 2694 462 2733 Claudianus
476 2707 546 2732 xm
563 2705 582 2731 2
592 2705 641 2742 57
660 2697 768 2733 stant
786 2696 947 2744 pulvere
967 2697 1093 2745 syrtes
1113 2695 1305 2734 Gaetulae
1427 2697 1510 2734 609
1536 2695 1595 2742 Of.
1608 2693 1705 2733 Aen.

149 2765 175 2790 x
197 2762 279 2801 415
302 2766 394 2792 saxo
413 2755 506 2792 ferit
526 2767 595 2793 ora
614 2755 804 2792 Thoantis
825 2767 989 2804 ossaque
1016 2756 1201 2805 dispersit
1226 2756 1382 2794 cerebro
1408 2755 1602 2804 permixta
1622 2766 1707 2792 cru-

150 2813 240 2851 ento
374 2814 455 2851 611
477 2813 663 2852 Fortasse
681 2814 830 2851 retrahi
848 2814 1058 2863 reprimive
1188 2814 1246 2863 Cf.
1260 2815 1426 2852 Plautus
1443 2815 1487 2851 in
1504 2813 1708 2861 Satyrioue

149 2872 297 2910 retrahi
316 2873 501 2921 nequitur
520 2886 678 2923 quoquo
701 2885 907 2923 progressa
928 2875 986 2911 est
1005 2875 1122 2912 semel
1138 2869 1219 2927 (ap.
1232 2873 1336 2911 Fest.
1348 2885 1391 2921 p.
1407 2870 1499 2922 162,
1511 2881 1562 2921 29
1575 2867 1663 2925 Th..)

221 2950 372 2976 Euruns
393 2951 438 2977 ed.
451 2951 577 2977 Vahlen.
1401 2943 1421 2971 3
