<?xml version="1.0" encoding="UTF-8"?>
<!DOCTYPE html PUBLIC "-//W3C//DTD XHTML 1.0 Transitional//EN"
    "http://www.w3.org/TR/xhtml1/DTD/xhtml1-transitional.dtd">
<html xmlns="http://www.w3.org/1999/xhtml" xml:lang="en" lang="en">
 <head>
  <title>
</title>
<meta http-equiv="Content-Type" content="text/html;charset=utf-8" />
  <meta name='ocr-system' content='tesseract 3.04.00' />
  <meta name='ocr-capabilities' content='ocr_page ocr_carea ocr_par ocr_line ocrx_word'/>
</head>
<body>
  <div class='ocr_page' id='page_1' title='image "./ennianaepoesisre00enniuoft_0106.png"; bbox 0 0 2004 3278; ppageno 0'>
   <div class='ocr_carea' id='block_1_1' title="bbox 264 142 1279 181">
    <p class='ocr_par' dir='ltr' id='par_1_1' title="bbox 264 142 1279 181">
     <span class='ocr_line' id='line_1_1' title="bbox 264 142 1279 181; baseline -0.005 0"><span class='ocrx_word' id='word_1_1' title='bbox 264 145 326 181; x_wconf 81' lang='lat' dir='ltr'>cn</span> <span class='ocrx_word' id='word_1_2' title='bbox 822 143 850 179; x_wconf 88' lang='lat'>1.</span> <span class='ocrx_word' id='word_1_3' title='bbox 876 142 1105 179; x_wconf 82' lang='lat' dir='ltr'><strong>HISTORIA</strong></span> <span class='ocrx_word' id='word_1_4' title='bbox 1123 142 1262 178; x_wconf 84' lang='lat' dir='ltr'>ENNII</span> <span class='ocrx_word' id='word_1_5' title='bbox 1276 173 1279 174; x_wconf 14' lang='grc' dir='ltr'><em>γ</em></span> 
     </span>
    </p>
   </div>
   <div class='ocr_carea' id='block_1_2' title="bbox 260 253 1829 2911">
    <p class='ocr_par' dir='ltr' id='par_1_2' title="bbox 260 253 1827 366">
     <span class='ocr_line' id='line_1_2' title="bbox 260 253 1827 306; baseline -0.001 -10"><span class='ocrx_word' id='word_1_6' title='bbox 260 257 601 304; x_wconf 73' lang='lat' dir='ltr'>intercedentium,</span> <span class='ocrx_word' id='word_1_7' title='bbox 621 268 742 305; x_wconf 87' lang='lat' dir='ltr'>quam</span> <span class='ocrx_word' id='word_1_8' title='bbox 760 266 833 306; x_wconf 90' lang='lat' dir='ltr'>ego</span> <span class='ocrx_word' id='word_1_9' title='bbox 853 256 1053 304; x_wconf 85' lang='lat' dir='ltr'>sumptam</span> <span class='ocrx_word' id='word_1_10' title='bbox 1072 253 1297 294; x_wconf 82' lang='lat' dir='ltr'>arbitrabar</span> <span class='ocrx_word' id='word_1_11' title='bbox 1316 267 1362 294; x_wconf 86' lang='lat' dir='ltr'>ex</span> <span class='ocrx_word' id='word_1_12' title='bbox 1382 255 1555 306; x_wconf 86' lang='lat' dir='ltr'>quadam</span> <span class='ocrx_word' id='word_1_13' title='bbox 1573 255 1696 295; x_wconf 83' lang='lat' dir='ltr'>Ennii</span> <span class='ocrx_word' id='word_1_14' title='bbox 1715 255 1827 296; x_wconf 86' lang='lat' dir='ltr'>Sabi—</span> 
     </span>
     <span class='ocr_line' id='line_1_3' title="bbox 261 308 917 380; baseline -0.006 -25"><span class='ocrx_word' id='word_1_15' title='bbox 261 330 403 355; x_wconf 86' lang='lat' dir='ltr'>narum</span> <span class='ocrx_word' id='word_1_16' title='bbox 426 317 632 365; x_wconf 85' lang='lat' dir='ltr'>praetexta</span> <span class='ocrx_word' id='word_1_17' title='bbox 657 309 778 380; x_wconf 80' lang='lat' dir='ltr'>(scen.</span> <span class='ocrx_word' id='word_1_18' title='bbox 800 308 917 366; x_wconf 85' lang='lat'>370).</span> 
     </span>
    </p>

    <p class='ocr_par' dir='ltr' id='par_1_3' title="bbox 260 372 1827 780">
     <span class='ocr_line' id='line_1_4' title="bbox 379 372 1826 422; baseline 0.001 -10"><span class='ocrx_word' id='word_1_19' title='bbox 379 375 471 412; x_wconf 87' lang='lat' dir='ltr'>Non</span> <span class='ocrx_word' id='word_1_20' title='bbox 502 386 610 413; x_wconf 89' lang='lat' dir='ltr'>secus</span> <span class='ocrx_word' id='word_1_21' title='bbox 644 374 714 422; x_wconf 92' lang='lat' dir='ltr'>qui</span> <span class='ocrx_word' id='word_1_22' title='bbox 744 385 834 411; x_wconf 89' lang='lat' dir='ltr'>cum</span> <span class='ocrx_word' id='word_1_23' title='bbox 857 372 1020 411; x_wconf 88' lang='lat' dir='ltr'>Victore</span> <span class='ocrx_word' id='word_1_24' title='bbox 1052 374 1183 411; x_wconf 89' lang='lat' dir='ltr'>aetate</span> <span class='ocrx_word' id='word_1_25' title='bbox 1215 373 1447 413; x_wconf 89' lang='lat' dir='ltr'>coniunctus</span> <span class='ocrx_word' id='word_1_26' title='bbox 1478 376 1539 413; x_wconf 90' lang='lat' dir='ltr'>est</span> <span class='ocrx_word' id='word_1_27' title='bbox 1567 374 1694 413; x_wconf 89' lang='lat' dir='ltr'>Iulius</span> <span class='ocrx_word' id='word_1_28' title='bbox 1718 374 1826 412; x_wconf 84' lang='lat' dir='ltr'>Rufi-</span> 
     </span>
     <span class='ocr_line' id='line_1_5' title="bbox 262 432 1825 483; baseline 0 -11"><span class='ocrx_word' id='word_1_29' title='bbox 262 436 403 472; x_wconf 90' lang='lat' dir='ltr'>nianus</span> <span class='ocrx_word' id='word_1_30' title='bbox 428 432 549 471; x_wconf 90' lang='lat' dir='ltr'>habet</span> <span class='ocrx_word' id='word_1_31' title='bbox 573 432 680 482; x_wconf 91' lang='lat' dir='ltr'>quod</span> <span class='ocrx_word' id='word_1_32' title='bbox 703 432 899 480; x_wconf 89' lang='lat' dir='ltr'>laudetur,</span> <span class='ocrx_word' id='word_1_33' title='bbox 930 433 1000 481; x_wconf 88' lang='lat' dir='ltr'>qui</span> <span class='ocrx_word' id='word_1_34' title='bbox 1024 432 1257 483; x_wconf 81' lang='lat' dir='ltr'>Iphigeniae</span> <span class='ocrx_word' id='word_1_35' title='bbox 1281 432 1488 471; x_wconf 84' lang='lat' dir='ltr'>Ennianae</span> <span class='ocrx_word' id='word_1_36' title='bbox 1512 434 1702 483; x_wconf 80' lang='lat' dir='ltr'>reliquias</span> <span class='ocrx_word' id='word_1_37' title='bbox 1731 433 1825 472; x_wconf 88' lang='lat' dir='ltr'>duo-</span> 
     </span>
     <span class='ocr_line' id='line_1_6' title="bbox 260 486 1827 545; baseline 0 -14"><span class='ocrx_word' id='word_1_38' title='bbox 260 493 333 531; x_wconf 91' lang='lat' dir='ltr'>bus</span> <span class='ocrx_word' id='word_1_39' title='bbox 365 493 600 543; x_wconf 88' lang='lat' dir='ltr'>fragmentis</span> <span class='ocrx_word' id='word_1_40' title='bbox 630 492 893 541; x_wconf 73' lang='lat' dir='ltr'>locupletavit</span> <span class='ocrx_word' id='word_1_41' title='bbox 917 486 1073 545; x_wconf 69' lang='grc'><strong>(11.171),</strong></span> <span class='ocrx_word' id='word_1_42' title='bbox 1110 504 1278 540; x_wconf 91' lang='lat' dir='ltr'>quorum</span> <span class='ocrx_word' id='word_1_43' title='bbox 1308 492 1483 541; x_wconf 89' lang='lat' dir='ltr'>primum</span> <span class='ocrx_word' id='word_1_44' title='bbox 1511 493 1598 542; x_wconf 90' lang='lat' dir='ltr'>ipse</span> <span class='ocrx_word' id='word_1_45' title='bbox 1628 505 1675 531; x_wconf 80' lang='lat' dir='ltr'>ex</span> <span class='ocrx_word' id='word_1_46' title='bbox 1705 487 1827 530; x_wconf 84' lang='lat' dir='ltr'>Ennii</span> 
     </span>
     <span class='ocr_line' id='line_1_7' title="bbox 263 551 1827 603; baseline 0 -13"><span class='ocrx_word' id='word_1_47' title='bbox 263 552 473 603; x_wconf 83' lang='lat' dir='ltr'>Iphigenia</span> <span class='ocrx_word' id='word_1_48' title='bbox 497 553 727 601; x_wconf 90' lang='lat' dir='ltr'>promptum</span> <span class='ocrx_word' id='word_1_49' title='bbox 752 562 834 589; x_wconf 89' lang='lat' dir='ltr'>esse</span> <span class='ocrx_word' id='word_1_50' title='bbox 858 552 1027 589; x_wconf 87' lang='lat' dir='ltr'>testatus</span> <span class='ocrx_word' id='word_1_51' title='bbox 1054 552 1124 599; x_wconf 91' lang='lat' dir='ltr'>est,</span> <span class='ocrx_word' id='word_1_52' title='bbox 1149 551 1357 589; x_wconf 79' lang='lat' dir='ltr'>Menelaus</span> <span class='ocrx_word' id='word_1_53' title='bbox 1374 563 1434 590; x_wconf 87' lang='lat' dir='ltr'>me</span> <span class='ocrx_word' id='word_1_54' title='bbox 1452 552 1649 600; x_wconf 71' lang='lat' dir='ltr'>obiwryat:</span> <span class='ocrx_word' id='word_1_55' title='bbox 1672 552 1715 590; x_wconf 77' lang='lat' dir='ltr'>id</span> <span class='ocrx_word' id='word_1_56' title='bbox 1732 553 1827 590; x_wconf 82' lang='lat' dir='ltr'>meis</span> 
     </span>
     <span class='ocr_line' id='line_1_8' title="bbox 260 609 1826 660; baseline -0.001 -10"><span class='ocrx_word' id='word_1_57' title='bbox 260 612 375 650; x_wconf 82' lang='lat' dir='ltr'>rebus</span> <span class='ocrx_word' id='word_1_58' title='bbox 398 612 568 660; x_wconf 74' lang='lat' dir='ltr'>reqimen</span> <span class='ocrx_word' id='word_1_59' title='bbox 591 612 751 655; x_wconf 63' lang='lat' dir='ltr'>restittat,</span> <span class='ocrx_word' id='word_1_60' title='bbox 783 610 953 648; x_wconf 90' lang='lat' dir='ltr'>alterum</span> <span class='ocrx_word' id='word_1_61' title='bbox 977 609 1105 648; x_wconf 90' lang='lat' dir='ltr'>tribus</span> <span class='ocrx_word' id='word_1_62' title='bbox 1133 609 1311 649; x_wconf 86' lang='lat' dir='ltr'>versibus</span> <span class='ocrx_word' id='word_1_63' title='bbox 1337 611 1612 660; x_wconf 89' lang='lat' dir='ltr'>compositum,</span> <span class='ocrx_word' id='word_1_64' title='bbox 1638 612 1826 660; x_wconf 89' lang='lat' dir='ltr'>quoniam</span> 
     </span>
     <span class='ocr_line' id='line_1_9' title="bbox 263 669 1826 721; baseline -0.001 -12"><span class='ocrx_word' id='word_1_65' title='bbox 263 670 315 709; x_wconf 90' lang='lat' dir='ltr'>ad</span> <span class='ocrx_word' id='word_1_66' title='bbox 333 670 471 709; x_wconf 90' lang='lat' dir='ltr'>eadem</span> <span class='ocrx_word' id='word_1_67' title='bbox 488 669 722 708; x_wconf 76' lang='lat' dir='ltr'>Atridarum</span> <span class='ocrx_word' id='word_1_68' title='bbox 746 670 878 720; x_wconf 86' lang='lat' dir='ltr'>iurgia</span> <span class='ocrx_word' id='word_1_69' title='bbox 902 670 1087 719; x_wconf 76' lang='lat' dir='ltr'>pertinet,</span> <span class='ocrx_word' id='word_1_70' title='bbox 1112 669 1287 708; x_wconf 89' lang='lat' dir='ltr'>eiusdem</span> <span class='ocrx_word' id='word_1_71' title='bbox 1311 671 1351 708; x_wconf 91' lang='lat' dir='ltr'>et</span> <span class='ocrx_word' id='word_1_72' title='bbox 1374 671 1515 719; x_wconf 90' lang='lat' dir='ltr'>poetae</span> <span class='ocrx_word' id='word_1_73' title='bbox 1541 671 1582 709; x_wconf 88' lang='lat' dir='ltr'>et</span> <span class='ocrx_word' id='word_1_74' title='bbox 1598 669 1826 721; x_wconf 82' lang='lat' dir='ltr'>tragoediae</span> 
     </span>
     <span class='ocr_line' id='line_1_10' title="bbox 263 729 1452 780; baseline -0.002 -12"><span class='ocrx_word' id='word_1_75' title='bbox 263 742 344 769; x_wconf 92' lang='lat' dir='ltr'>esse</span> <span class='ocrx_word' id='word_1_76' title='bbox 370 731 410 767; x_wconf 88' lang='lat' dir='ltr'>et</span> <span class='ocrx_word' id='word_1_77' title='bbox 434 742 523 768; x_wconf 88' lang='lat' dir='ltr'>cum</span> <span class='ocrx_word' id='word_1_78' title='bbox 547 729 679 779; x_wconf 90' lang='lat' dir='ltr'>priore</span> <span class='ocrx_word' id='word_1_79' title='bbox 705 730 958 767; x_wconf 88' lang='lat' dir='ltr'>coniunctum</span> <span class='ocrx_word' id='word_1_80' title='bbox 982 729 1104 768; x_wconf 82' lang='lat' dir='ltr'>fuisse</span> <span class='ocrx_word' id='word_1_81' title='bbox 1128 730 1214 767; x_wconf 84' lang='lat' dir='ltr'>iure</span> <span class='ocrx_word' id='word_1_82' title='bbox 1240 729 1452 780; x_wconf 80' lang='lat' dir='ltr'>colligitur.</span> 
     </span>
    </p>

    <p class='ocr_par' dir='ltr' id='par_1_4' title="bbox 261 787 1828 1359">
     <span class='ocr_line' id='line_1_11' title="bbox 384 787 1827 838; baseline 0 -11"><span class='ocrx_word' id='word_1_83' title='bbox 384 788 532 827; x_wconf 83' lang='lat' dir='ltr'>Contra</span> <span class='ocrx_word' id='word_1_84' title='bbox 562 789 724 826; x_wconf 90' lang='lat' dir='ltr'>illorum</span> <span class='ocrx_word' id='word_1_85' title='bbox 752 788 936 837; x_wconf 86' lang='lat' dir='ltr'>aequales</span> <span class='ocrx_word' id='word_1_86' title='bbox 962 788 1005 833; x_wconf 87' lang='lat' dir='ltr'>Q.</span> <span class='ocrx_word' id='word_1_87' title='bbox 1025 787 1211 826; x_wconf 82' lang='lat' dir='ltr'>Aurelius</span> <span class='ocrx_word' id='word_1_88' title='bbox 1238 788 1497 838; x_wconf 84' lang='lat' dir='ltr'>Symmachus</span> <span class='ocrx_word' id='word_1_89' title='bbox 1529 790 1569 827; x_wconf 89' lang='lat' dir='ltr'>et</span> <span class='ocrx_word' id='word_1_90' title='bbox 1592 788 1827 828; x_wconf 86' lang='lat' dir='ltr'>Ammianus</span> 
     </span>
     <span class='ocr_line' id='line_1_12' title="bbox 263 847 1826 898; baseline 0 -12"><span class='ocrx_word' id='word_1_91' title='bbox 263 847 518 886; x_wconf 85' lang='lat' dir='ltr'>Marcellinus</span> <span class='ocrx_word' id='word_1_92' title='bbox 543 848 610 885; x_wconf 84' lang='lat' dir='ltr'>vix</span> <span class='ocrx_word' id='word_1_93' title='bbox 635 847 747 898; x_wconf 88' lang='lat' dir='ltr'>digni</span> <span class='ocrx_word' id='word_1_94' title='bbox 765 848 858 885; x_wconf 91' lang='lat' dir='ltr'>sunt</span> <span class='ocrx_word' id='word_1_95' title='bbox 877 848 946 896; x_wconf 89' lang='lat' dir='ltr'>qui</span> <span class='ocrx_word' id='word_1_96' title='bbox 965 849 1327 886; x_wconf 87' lang='lat' dir='ltr'>commemorentur.</span> <span class='ocrx_word' id='word_1_97' title='bbox 1355 847 1530 893; x_wconf 87' lang='lat' dir='ltr'>Quorum</span> <span class='ocrx_word' id='word_1_98' title='bbox 1548 848 1617 886; x_wconf 80' lang='lat' dir='ltr'>ille</span> <span class='ocrx_word' id='word_1_99' title='bbox 1637 848 1684 886; x_wconf 92' lang='lat' dir='ltr'>de</span> <span class='ocrx_word' id='word_1_100' title='bbox 1696 848 1826 886; x_wconf 83' lang='lat' dir='ltr'>Ennio</span> 
     </span>
     <span class='ocr_line' id='line_1_13' title="bbox 263 905 1826 956; baseline 0 -11"><span class='ocrx_word' id='word_1_101' title='bbox 263 907 370 956; x_wconf 90' lang='lat' dir='ltr'>quod</span> <span class='ocrx_word' id='word_1_102' title='bbox 394 908 516 945; x_wconf 92' lang='lat' dir='ltr'>sciam</span> <span class='ocrx_word' id='word_1_103' title='bbox 540 919 620 944; x_wconf 94' lang='lat' dir='ltr'>non</span> <span class='ocrx_word' id='word_1_104' title='bbox 643 905 846 956; x_wconf 88' lang='lat' dir='ltr'>perhibuit</span> <span class='ocrx_word' id='word_1_105' title='bbox 870 907 949 945; x_wconf 86' lang='lat' dir='ltr'>nisi</span> <span class='ocrx_word' id='word_1_106' title='bbox 974 906 1080 955; x_wconf 92' lang='lat' dir='ltr'>quod</span> <span class='ocrx_word' id='word_1_107' title='bbox 1098 919 1218 956; x_wconf 88' lang='lat' dir='ltr'>supra</span> <span class='ocrx_word' id='word_1_108' title='bbox 1235 920 1273 956; x_wconf 91' lang='lat' dir='ltr'>p.</span> <span class='ocrx_word' id='word_1_109' title='bbox 1294 919 1364 946; x_wconf 80' lang='lat' dir='ltr'>XIv</span> <span class='ocrx_word' id='word_1_110' title='bbox 1383 907 1551 945; x_wconf 84' lang='lat' dir='ltr'>allatum</span> <span class='ocrx_word' id='word_1_111' title='bbox 1570 909 1629 946; x_wconf 92' lang='lat' dir='ltr'>est</span> <span class='ocrx_word' id='word_1_112' title='bbox 1653 907 1701 945; x_wconf 88' lang='lat' dir='ltr'>de</span> <span class='ocrx_word' id='word_1_113' title='bbox 1721 907 1826 945; x_wconf 89' lang='lat' dir='ltr'>chla-</span> 
     </span>
     <span class='ocr_line' id='line_1_14' title="bbox 263 964 1825 1016; baseline 0 -12"><span class='ocrx_word' id='word_1_114' title='bbox 263 966 381 1015; x_wconf 90' lang='lat' dir='ltr'>myde</span> <span class='ocrx_word' id='word_1_115' title='bbox 407 979 453 1003; x_wconf 85' lang='lat' dir='ltr'>ex</span> <span class='ocrx_word' id='word_1_116' title='bbox 477 965 675 1004; x_wconf 88' lang='lat' dir='ltr'>manubiis</span> <span class='ocrx_word' id='word_1_117' title='bbox 700 964 892 1004; x_wconf 85' lang='lat' dir='ltr'>Aetolicis</span> <span class='ocrx_word' id='word_1_118' title='bbox 918 978 942 1003; x_wconf 92' lang='lat' dir='ltr'>a</span> <span class='ocrx_word' id='word_1_119' title='bbox 966 965 1109 1004; x_wconf 84' lang='lat' dir='ltr'>Fulvio</span> <span class='ocrx_word' id='word_1_120' title='bbox 1134 967 1275 1015; x_wconf 86' lang='lat' dir='ltr'>poetae</span> <span class='ocrx_word' id='word_1_121' title='bbox 1300 966 1459 1014; x_wconf 88' lang='lat' dir='ltr'>donata,</span> <span class='ocrx_word' id='word_1_122' title='bbox 1485 979 1585 1016; x_wconf 89' lang='lat' dir='ltr'>quae</span> <span class='ocrx_word' id='word_1_123' title='bbox 1610 966 1712 1004; x_wconf 91' lang='lat' dir='ltr'>unde</span> <span class='ocrx_word' id='word_1_124' title='bbox 1737 979 1825 1016; x_wconf 89' lang='lat' dir='ltr'>pro-</span> 
     </span>
     <span class='ocr_line' id='line_1_15' title="bbox 262 1024 1827 1076; baseline 0 -13"><span class='ocrx_word' id='word_1_125' title='bbox 262 1026 411 1076; x_wconf 87' lang='lat' dir='ltr'>pagata</span> <span class='ocrx_word' id='word_1_126' title='bbox 437 1026 490 1064; x_wconf 86' lang='lat' dir='ltr'>sit</span> <span class='ocrx_word' id='word_1_127' title='bbox 514 1026 705 1063; x_wconf 89' lang='lat' dir='ltr'>memoria</span> <span class='ocrx_word' id='word_1_128' title='bbox 729 1025 841 1072; x_wconf 89' lang='lat' dir='ltr'>latet,</span> <span class='ocrx_word' id='word_1_129' title='bbox 874 1037 1039 1074; x_wconf 91' lang='lat' dir='ltr'>eamque</span> <span class='ocrx_word' id='word_1_130' title='bbox 1066 1025 1172 1074; x_wconf 88' lang='lat' dir='ltr'>quod</span> <span class='ocrx_word' id='word_1_131' title='bbox 1197 1024 1455 1075; x_wconf 78' lang='lat' dir='ltr'>Symmachus</span> <span class='ocrx_word' id='word_1_132' title='bbox 1480 1025 1616 1074; x_wconf 88' lang='lat' dir='ltr'>tradit,</span> <span class='ocrx_word' id='word_1_133' title='bbox 1642 1038 1721 1064; x_wconf 92' lang='lat' dir='ltr'>non</span> <span class='ocrx_word' id='word_1_134' title='bbox 1745 1026 1827 1063; x_wconf 90' lang='lat' dir='ltr'>iam</span> 
     </span>
     <span class='ocr_line' id='line_1_16' title="bbox 263 1084 1825 1136; baseline -0.001 -14"><span class='ocrx_word' id='word_1_135' title='bbox 263 1084 462 1123; x_wconf 89' lang='lat' dir='ltr'>credemus</span> <span class='ocrx_word' id='word_1_136' title='bbox 500 1097 589 1122; x_wconf 91' lang='lat' dir='ltr'>eum</span> <span class='ocrx_word' id='word_1_137' title='bbox 625 1084 751 1122; x_wconf 85' lang='lat' dir='ltr'>ullam</span> <span class='ocrx_word' id='word_1_138' title='bbox 787 1086 942 1133; x_wconf 88' lang='lat' dir='ltr'>partem</span> <span class='ocrx_word' id='word_1_139' title='bbox 978 1085 1108 1133; x_wconf 88' lang='lat' dir='ltr'>poesis</span> <span class='ocrx_word' id='word_1_140' title='bbox 1146 1084 1351 1122; x_wconf 85' lang='lat' dir='ltr'>Ennianae</span> <span class='ocrx_word' id='word_1_141' title='bbox 1389 1086 1590 1136; x_wconf 86' lang='lat' dir='ltr'>cognitam</span> <span class='ocrx_word' id='word_1_142' title='bbox 1632 1084 1825 1123; x_wconf 90' lang='lat' dir='ltr'>habuisse.</span> 
     </span>
     <span class='ocr_line' id='line_1_17' title="bbox 262 1143 1828 1194; baseline 0.001 -13"><span class='ocrx_word' id='word_1_143' title='bbox 262 1143 519 1182; x_wconf 87' lang='lat' dir='ltr'>Ammianum</span> <span class='ocrx_word' id='word_1_144' title='bbox 544 1145 677 1182; x_wconf 90' lang='lat' dir='ltr'>autem</span> <span class='ocrx_word' id='word_1_145' title='bbox 700 1143 976 1181; x_wconf 87' lang='lat' dir='ltr'>Marcellinum</span> <span class='ocrx_word' id='word_1_146' title='bbox 1001 1144 1070 1193; x_wconf 90' lang='lat' dir='ltr'>qui</span> <span class='ocrx_word' id='word_1_147' title='bbox 1093 1145 1221 1194; x_wconf 87' lang='lat' dir='ltr'>magis</span> <span class='ocrx_word' id='word_1_148' title='bbox 1250 1143 1479 1192; x_wconf 88' lang='lat' dir='ltr'>putabimus</span> <span class='ocrx_word' id='word_1_149' title='bbox 1504 1144 1625 1182; x_wconf 87' lang='lat' dir='ltr'>Ennii</span> <span class='ocrx_word' id='word_1_150' title='bbox 1654 1145 1828 1193; x_wconf 85' lang='lat' dir='ltr'>peritum</span> 
     </span>
     <span class='ocr_line' id='line_1_18' title="bbox 262 1197 1828 1255; baseline 0.001 -15"><span class='ocrx_word' id='word_1_151' title='bbox 262 1202 395 1251; x_wconf 79' lang='lat' dir='ltr'>fuisse,</span> <span class='ocrx_word' id='word_1_152' title='bbox 422 1202 527 1252; x_wconf 91' lang='lat' dir='ltr'>quod</span> <span class='ocrx_word' id='word_1_153' title='bbox 552 1202 726 1241; x_wconf 87' lang='lat' dir='ltr'>Enniani</span> <span class='ocrx_word' id='word_1_154' title='bbox 752 1202 903 1241; x_wconf 84' lang='lat' dir='ltr'>oraculi</span> <span class='ocrx_word' id='word_1_155' title='bbox 927 1201 1080 1252; x_wconf 85' lang='lat' dir='ltr'>Pyrrho</span> <span class='ocrx_word' id='word_1_156' title='bbox 1107 1202 1192 1241; x_wconf 89' lang='lat' dir='ltr'>dati</span> <span class='ocrx_word' id='word_1_157' title='bbox 1218 1197 1325 1254; x_wconf 91' lang='lat' dir='ltr'>(ann</span> <span class='ocrx_word' id='word_1_158' title='bbox 1350 1197 1454 1255; x_wconf 86' lang='lat'>179)</span> <span class='ocrx_word' id='word_1_159' title='bbox 1478 1204 1597 1242; x_wconf 66' lang='lat' dir='ltr'>toties</span> <span class='ocrx_word' id='word_1_160' title='bbox 1623 1205 1664 1241; x_wconf 89' lang='lat' dir='ltr'>et</span> <span class='ocrx_word' id='word_1_161' title='bbox 1687 1205 1772 1241; x_wconf 87' lang='lat' dir='ltr'>tam</span> <span class='ocrx_word' id='word_1_162' title='bbox 1804 1216 1828 1242; x_wconf 88' lang='grc'>3</span> 
     </span>
     <span class='ocr_line' id='line_1_19' title="bbox 262 1258 1826 1311; baseline 0 -11"><span class='ocrx_word' id='word_1_163' title='bbox 262 1262 399 1301; x_wconf 85' lang='lat' dir='ltr'>multis</span> <span class='ocrx_word' id='word_1_164' title='bbox 431 1263 545 1300; x_wconf 87' lang='lat' dir='ltr'>citati</span> <span class='ocrx_word' id='word_1_165' title='bbox 577 1258 656 1300; x_wconf 75' lang='lat' dir='ltr'>‘aio</span> <span class='ocrx_word' id='word_1_166' title='bbox 681 1264 715 1300; x_wconf 75' lang='lat' dir='ltr'>te</span> <span class='ocrx_word' id='word_1_167' title='bbox 739 1258 931 1300; x_wconf 81' lang='lat' dir='ltr'>Aeaeida&#39;</span> <span class='ocrx_word' id='word_1_168' title='bbox 960 1274 1027 1311; x_wconf 88' lang='lat' dir='ltr'>eqs</span> <span class='ocrx_word' id='word_1_169' title='bbox 1059 1274 1107 1299; x_wconf 89' lang='grc'>110</span> <span class='ocrx_word' id='word_1_170' title='bbox 1138 1262 1259 1299; x_wconf 84' lang='lat' dir='ltr'>Ennii</span> <span class='ocrx_word' id='word_1_171' title='bbox 1291 1261 1451 1311; x_wconf 90' lang='lat' dir='ltr'>quidem</span> <span class='ocrx_word' id='word_1_172' title='bbox 1482 1263 1641 1300; x_wconf 89' lang='lat' dir='ltr'>nomine</span> <span class='ocrx_word' id='word_1_173' title='bbox 1673 1262 1826 1301; x_wconf 88' lang='lat' dir='ltr'>adiecto</span> 
     </span>
     <span class='ocr_line' id='line_1_20' title="bbox 261 1321 672 1359; baseline 0 -1"><span class='ocrx_word' id='word_1_174' title='bbox 261 1322 501 1359; x_wconf 87' lang='lat' dir='ltr'>mentionem</span> <span class='ocrx_word' id='word_1_175' title='bbox 525 1321 672 1359; x_wconf 81' lang='lat' dir='ltr'>fecerit.</span> 
     </span>
    </p>

    <p class='ocr_par' dir='ltr' id='par_1_5' title="bbox 262 1379 1829 2911">
     <span class='ocr_line' id='line_1_21' title="bbox 380 1379 1826 1429; baseline 0.001 -12"><span class='ocrx_word' id='word_1_176' title='bbox 380 1379 463 1418; x_wconf 91' lang='lat' dir='ltr'>Hos</span> <span class='ocrx_word' id='word_1_177' title='bbox 486 1380 632 1429; x_wconf 85' lang='lat' dir='ltr'>excipit</span> <span class='ocrx_word' id='word_1_178' title='bbox 651 1381 815 1429; x_wconf 88' lang='lat' dir='ltr'>suppari</span> <span class='ocrx_word' id='word_1_179' title='bbox 833 1392 958 1429; x_wconf 90' lang='lat' dir='ltr'>paene</span> <span class='ocrx_word' id='word_1_180' title='bbox 978 1381 1109 1418; x_wconf 87' lang='lat' dir='ltr'>aetate</span> <span class='ocrx_word' id='word_1_181' title='bbox 1128 1392 1229 1418; x_wconf 90' lang='lat' dir='ltr'>unus</span> <span class='ocrx_word' id='word_1_182' title='bbox 1250 1392 1270 1418; x_wconf 94' lang='lat' dir='ltr'>e</span> <span class='ocrx_word' id='word_1_183' title='bbox 1288 1380 1610 1429; x_wconf 81' lang='lat' dir='ltr'>locupletissimis</span> <span class='ocrx_word' id='word_1_184' title='bbox 1630 1380 1677 1419; x_wconf 91' lang='lat' dir='ltr'>de</span> <span class='ocrx_word' id='word_1_185' title='bbox 1697 1381 1826 1419; x_wconf 87' lang='lat' dir='ltr'>Ennio</span> 
     </span>
     <span class='ocr_line' id='line_1_22' title="bbox 264 1438 1827 1491; baseline 0.001 -14"><span class='ocrx_word' id='word_1_186' title='bbox 264 1438 503 1487; x_wconf 87' lang='lat' dir='ltr'>auctoribus,</span> <span class='ocrx_word' id='word_1_187' title='bbox 529 1438 658 1477; x_wconf 86' lang='lat' dir='ltr'>Servii</span> <span class='ocrx_word' id='word_1_188' title='bbox 676 1440 980 1478; x_wconf 88' lang='lat' dir='ltr'>commentarius</span> <span class='ocrx_word' id='word_1_189' title='bbox 999 1440 1043 1477; x_wconf 89' lang='lat' dir='ltr'>in</span> <span class='ocrx_word' id='word_1_190' title='bbox 1060 1439 1232 1490; x_wconf 82' lang='lat' dir='ltr'>Vergilii</span> <span class='ocrx_word' id='word_1_191' title='bbox 1250 1440 1436 1478; x_wconf 90' lang='lat' dir='ltr'>carmina.</span> <span class='ocrx_word' id='word_1_192' title='bbox 1463 1439 1539 1485; x_wconf 86' lang='lat' dir='ltr'>Qui</span> <span class='ocrx_word' id='word_1_193' title='bbox 1558 1442 1604 1478; x_wconf 92' lang='lat' dir='ltr'>ut</span> <span class='ocrx_word' id='word_1_194' title='bbox 1622 1441 1680 1479; x_wconf 92' lang='lat' dir='ltr'>est</span> <span class='ocrx_word' id='word_1_195' title='bbox 1699 1453 1827 1491; x_wconf 86' lang='lat' dir='ltr'>gram·</span> 
     </span>
     <span class='ocr_line' id='line_1_23' title="bbox 263 1498 1827 1549; baseline 0.002 -14"><span class='ocrx_word' id='word_1_196' title='bbox 263 1499 431 1537; x_wconf 88' lang='lat' dir='ltr'>maticus</span> <span class='ocrx_word' id='word_1_197' title='bbox 451 1498 741 1537; x_wconf 82' lang='lat' dir='ltr'>conservandae</span> <span class='ocrx_word' id='word_1_198' title='bbox 761 1500 801 1536; x_wconf 88' lang='lat' dir='ltr'>et</span> <span class='ocrx_word' id='word_1_199' title='bbox 818 1498 1100 1548; x_wconf 86' lang='lat' dir='ltr'>propagandae</span> <span class='ocrx_word' id='word_1_200' title='bbox 1118 1498 1241 1536; x_wconf 87' lang='lat' dir='ltr'>Ennii</span> <span class='ocrx_word' id='word_1_201' title='bbox 1258 1500 1470 1537; x_wconf 88' lang='lat' dir='ltr'>memoriae</span> <span class='ocrx_word' id='word_1_202' title='bbox 1490 1511 1579 1538; x_wconf 87' lang='lat' dir='ltr'>cum</span> <span class='ocrx_word' id='word_1_203' title='bbox 1600 1500 1736 1549; x_wconf 86' lang='lat' dir='ltr'>paucis</span> <span class='ocrx_word' id='word_1_204' title='bbox 1750 1500 1827 1538; x_wconf 88' lang='lat' dir='ltr'>uti-</span> 
     </span>
     <span class='ocr_line' id='line_1_24' title="bbox 262 1557 1827 1608; baseline 0.001 -13"><span class='ocrx_word' id='word_1_205' title='bbox 262 1558 449 1604; x_wconf 84' lang='lat' dir='ltr'>lissimus,</span> <span class='ocrx_word' id='word_1_206' title='bbox 474 1559 533 1596; x_wconf 83' lang='lat' dir='ltr'>ita</span> <span class='ocrx_word' id='word_1_207' title='bbox 556 1557 683 1596; x_wconf 88' lang='lat' dir='ltr'>multo</span> <span class='ocrx_word' id='word_1_208' title='bbox 709 1558 831 1596; x_wconf 90' lang='lat' dir='ltr'>etiam</span> <span class='ocrx_word' id='word_1_209' title='bbox 855 1557 994 1596; x_wconf 77' lang='lat' dir='ltr'>utssior</span> <span class='ocrx_word' id='word_1_210' title='bbox 1019 1569 1101 1596; x_wconf 89' lang='lat' dir='ltr'>esse</span> <span class='ocrx_word' id='word_1_211' title='bbox 1129 1559 1273 1608; x_wconf 88' lang='lat' dir='ltr'>potuit,</span> <span class='ocrx_word' id='word_1_212' title='bbox 1305 1559 1340 1597; x_wconf 92' lang='lat' dir='ltr'>si</span> <span class='ocrx_word' id='word_1_213' title='bbox 1366 1571 1466 1607; x_wconf 89' lang='lat' dir='ltr'>quae</span> <span class='ocrx_word' id='word_1_214' title='bbox 1495 1559 1706 1608; x_wconf 90' lang='lat' dir='ltr'>interpreti</span> <span class='ocrx_word' id='word_1_215' title='bbox 1729 1558 1827 1597; x_wconf 85' lang='lat' dir='ltr'>Ver-</span> 
     </span>
     <span class='ocr_line' id='line_1_25' title="bbox 266 1617 1826 1668; baseline -0.001 -13"><span class='ocrx_word' id='word_1_216' title='bbox 266 1617 416 1668; x_wconf 86' lang='lat' dir='ltr'>giliano</span> <span class='ocrx_word' id='word_1_217' title='bbox 442 1629 522 1655; x_wconf 93' lang='lat' dir='ltr'>non</span> <span class='ocrx_word' id='word_1_218' title='bbox 546 1618 733 1666; x_wconf 88' lang='lat' dir='ltr'>poterant</span> <span class='ocrx_word' id='word_1_219' title='bbox 757 1629 837 1654; x_wconf 90' lang='lat' dir='ltr'>non</span> <span class='ocrx_word' id='word_1_220' title='bbox 861 1618 905 1654; x_wconf 89' lang='lat' dir='ltr'>in</span> <span class='ocrx_word' id='word_1_221' title='bbox 928 1619 1116 1666; x_wconf 90' lang='lat' dir='ltr'>promptu</span> <span class='ocrx_word' id='word_1_222' title='bbox 1142 1629 1224 1656; x_wconf 87' lang='lat' dir='ltr'>esse</span> <span class='ocrx_word' id='word_1_223' title='bbox 1250 1630 1442 1666; x_wconf 85' lang='lat' dir='ltr'>exponere</span> <span class='ocrx_word' id='word_1_224' title='bbox 1467 1619 1601 1656; x_wconf 83' lang='lat' dir='ltr'>omnia</span> <span class='ocrx_word' id='word_1_225' title='bbox 1625 1618 1826 1657; x_wconf 88' lang='lat' dir='ltr'>voluisset.</span> 
     </span>
     <span class='ocr_line' id='line_1_26' title="bbox 267 1675 1826 1727; baseline 0.001 -13"><span class='ocrx_word' id='word_1_226' title='bbox 267 1675 345 1714; x_wconf 89' lang='lat' dir='ltr'>Sed</span> <span class='ocrx_word' id='word_1_227' title='bbox 367 1677 506 1714; x_wconf 89' lang='lat' dir='ltr'>notum</span> <span class='ocrx_word' id='word_1_228' title='bbox 531 1677 591 1714; x_wconf 89' lang='lat' dir='ltr'>est</span> <span class='ocrx_word' id='word_1_229' title='bbox 608 1676 679 1714; x_wconf 91' lang='lat' dir='ltr'>hos</span> <span class='ocrx_word' id='word_1_230' title='bbox 700 1677 979 1727; x_wconf 88' lang='lat' dir='ltr'>grammaticos</span> <span class='ocrx_word' id='word_1_231' title='bbox 999 1675 1163 1714; x_wconf 77' lang='lat' dir='ltr'>Latinos</span> <span class='ocrx_word' id='word_1_232' title='bbox 1182 1688 1273 1714; x_wconf 90' lang='lat' dir='ltr'>raro</span> <span class='ocrx_word' id='word_1_233' title='bbox 1292 1678 1501 1725; x_wconf 89' lang='lat' dir='ltr'>poetarum</span> <span class='ocrx_word' id='word_1_234' title='bbox 1520 1689 1688 1726; x_wconf 91' lang='lat' dir='ltr'>quorum</span> <span class='ocrx_word' id='word_1_235' title='bbox 1701 1690 1826 1715; x_wconf 85' lang='lat' dir='ltr'>exem-</span> 
     </span>
     <span class='ocr_line' id='line_1_27' title="bbox 263 1735 1828 1785; baseline 0.001 -12"><span class='ocrx_word' id='word_1_236' title='bbox 263 1735 340 1785; x_wconf 87' lang='lat' dir='ltr'>plis</span> <span class='ocrx_word' id='word_1_237' title='bbox 366 1736 534 1773; x_wconf 84' lang='lat' dir='ltr'>utuntur</span> <span class='ocrx_word' id='word_1_238' title='bbox 557 1735 767 1773; x_wconf 89' lang='lat' dir='ltr'>materiam</span> <span class='ocrx_word' id='word_1_239' title='bbox 792 1747 947 1772; x_wconf 89' lang='lat' dir='ltr'>omnem</span> <span class='ocrx_word' id='word_1_240' title='bbox 972 1735 1204 1773; x_wconf 81' lang='lat' dir='ltr'>exhaustam</span> <span class='ocrx_word' id='word_1_241' title='bbox 1228 1735 1382 1783; x_wconf 87' lang='lat' dir='ltr'>habere,</span> <span class='ocrx_word' id='word_1_242' title='bbox 1407 1748 1545 1774; x_wconf 89' lang='lat' dir='ltr'>verum</span> <span class='ocrx_word' id='word_1_243' title='bbox 1570 1749 1686 1785; x_wconf 87' lang='lat' dir='ltr'>saepe</span> <span class='ocrx_word' id='word_1_244' title='bbox 1704 1750 1828 1774; x_wconf 86' lang='lat' dir='ltr'>unum</span> 
     </span>
     <span class='ocr_line' id='line_1_28' title="bbox 267 1793 1829 1846; baseline 0.001 -14"><span class='ocrx_word' id='word_1_245' title='bbox 267 1794 373 1844; x_wconf 93' lang='lat' dir='ltr'>quod</span> <span class='ocrx_word' id='word_1_246' title='bbox 404 1806 498 1833; x_wconf 89' lang='lat' dir='ltr'>casu</span> <span class='ocrx_word' id='word_1_247' title='bbox 528 1793 691 1832; x_wconf 88' lang='lat' dir='ltr'>offertur</span> <span class='ocrx_word' id='word_1_248' title='bbox 722 1793 919 1842; x_wconf 88' lang='lat' dir='ltr'>adhibere,</span> <span class='ocrx_word' id='word_1_249' title='bbox 950 1794 1097 1832; x_wconf 83' lang='lat' dir='ltr'>similia</span> <span class='ocrx_word' id='word_1_250' title='bbox 1128 1796 1168 1832; x_wconf 94' lang='lat' dir='ltr'>et</span> <span class='ocrx_word' id='word_1_251' title='bbox 1199 1807 1299 1843; x_wconf 87' lang='lat' dir='ltr'>quae</span> <span class='ocrx_word' id='word_1_252' title='bbox 1323 1796 1367 1832; x_wconf 89' lang='lat' dir='ltr'>in</span> <span class='ocrx_word' id='word_1_253' title='bbox 1390 1796 1569 1844; x_wconf 85' lang='lat' dir='ltr'>proximo</span> <span class='ocrx_word' id='word_1_254' title='bbox 1595 1795 1829 1846; x_wconf 90' lang='lat' dir='ltr'>legebantur</span> 
     </span>
     <span class='ocr_line' id='line_1_29' title="bbox 263 1852 1827 1903; baseline 0.001 -12"><span class='ocrx_word' id='word_1_255' title='bbox 263 1854 590 1903; x_wconf 85' lang='lat' dir='ltr'>praetermittere,</span> <span class='ocrx_word' id='word_1_256' title='bbox 621 1853 731 1891; x_wconf 88' lang='lat' dir='ltr'>velut</span> <span class='ocrx_word' id='word_1_257' title='bbox 755 1854 801 1890; x_wconf 92' lang='lat' dir='ltr'>ut</span> <span class='ocrx_word' id='word_1_258' title='bbox 823 1864 951 1902; x_wconf 86' lang='lat' dir='ltr'>pauca</span> <span class='ocrx_word' id='word_1_259' title='bbox 977 1852 1150 1901; x_wconf 87' lang='lat' dir='ltr'>afferam,</span> <span class='ocrx_word' id='word_1_260' title='bbox 1182 1853 1229 1891; x_wconf 90' lang='lat' dir='ltr'>de</span> <span class='ocrx_word' id='word_1_261' title='bbox 1259 1856 1447 1901; x_wconf 77' lang='lat' dir='ltr'>quianam</span> <span class='ocrx_word' id='word_1_262' title='bbox 1477 1855 1675 1903; x_wconf 87' lang='lat' dir='ltr'>particula</span> <span class='ocrx_word' id='word_1_263' title='bbox 1705 1855 1827 1893; x_wconf 85' lang='lat' dir='ltr'>Enni·</span> 
     </span>
     <span class='ocr_line' id='line_1_30' title="bbox 265 1906 1827 1966; baseline 0.001 -16"><span class='ocrx_word' id='word_1_264' title='bbox 265 1924 342 1950; x_wconf 89' lang='lat' dir='ltr'>ana</span> <span class='ocrx_word' id='word_1_265' title='bbox 362 1911 521 1951; x_wconf 85' lang='lat' dir='ltr'>Servius</span> <span class='ocrx_word' id='word_1_266' title='bbox 548 1912 627 1950; x_wconf 89' lang='lat' dir='ltr'>alio</span> <span class='ocrx_word' id='word_1_267' title='bbox 652 1923 769 1950; x_wconf 88' lang='lat' dir='ltr'>versu</span> <span class='ocrx_word' id='word_1_268' title='bbox 794 1906 903 1964; x_wconf 89' lang='lat' dir='ltr'>(ann.</span> <span class='ocrx_word' id='word_1_269' title='bbox 927 1907 1043 1965; x_wconf 85' lang='lat'>127),</span> <span class='ocrx_word' id='word_1_270' title='bbox 1069 1913 1149 1950; x_wconf 85' lang='lat' dir='ltr'>alio</span> <span class='ocrx_word' id='word_1_271' title='bbox 1169 1912 1307 1951; x_wconf 88' lang='lat' dir='ltr'>Festus</span> <span class='ocrx_word' id='word_1_272' title='bbox 1333 1914 1461 1951; x_wconf 89' lang='lat' dir='ltr'>utitur</span> <span class='ocrx_word' id='word_1_273' title='bbox 1480 1907 1589 1965; x_wconf 87' lang='lat' dir='ltr'>(ann.</span> <span class='ocrx_word' id='word_1_274' title='bbox 1611 1908 1729 1966; x_wconf 83' lang='lat'>259),</span> <span class='ocrx_word' id='word_1_275' title='bbox 1748 1914 1827 1952; x_wconf 87' lang='lat' dir='ltr'>for-</span> 
     </span>
     <span class='ocr_line' id='line_1_31' title="bbox 265 1965 1826 2025; baseline 0.001 -16"><span class='ocrx_word' id='word_1_276' title='bbox 265 1983 371 2010; x_wconf 87' lang='lat' dir='ltr'>mam</span> <span class='ocrx_word' id='word_1_277' title='bbox 396 1972 631 2021; x_wconf 82' lang='lat' dir='ltr'>superlativi</span> <span class='ocrx_word' id='word_1_278' title='bbox 654 1971 908 2010; x_wconf 77' lang='lat' dir='ltr'>celerissimus</span> <span class='ocrx_word' id='word_1_279' title='bbox 933 1983 1011 2009; x_wconf 91' lang='lat' dir='ltr'>uno</span> <span class='ocrx_word' id='word_1_280' title='bbox 1036 1983 1152 2009; x_wconf 90' lang='lat' dir='ltr'>versu</span> <span class='ocrx_word' id='word_1_281' title='bbox 1178 1965 1287 2023; x_wconf 85' lang='lat' dir='ltr'>(ann.</span> <span class='ocrx_word' id='word_1_282' title='bbox 1307 1966 1413 2025; x_wconf 88' lang='grc'><strong>460)</strong></span> <span class='ocrx_word' id='word_1_283' title='bbox 1439 1971 1663 2010; x_wconf 84' lang='lat' dir='ltr'>Priscianus</span> <span class='ocrx_word' id='word_1_284' title='bbox 1689 1972 1826 2012; x_wconf 87' lang='lat' dir='ltr'>confir-</span> 
     </span>
     <span class='ocr_line' id='line_1_32' title="bbox 265 2024 1827 2083; baseline 0.001 -15"><span class='ocrx_word' id='word_1_285' title='bbox 265 2032 365 2079; x_wconf 87' lang='lat' dir='ltr'>mat,</span> <span class='ocrx_word' id='word_1_286' title='bbox 392 2031 517 2069; x_wconf 86' lang='lat' dir='ltr'>altero</span> <span class='ocrx_word' id='word_1_287' title='bbox 544 2024 652 2083; x_wconf 89' lang='grc'><strong>(31111</strong></span> <span class='ocrx_word' id='word_1_288' title='bbox 675 2025 780 2082; x_wconf 88' lang='grc'><strong>591)</strong></span> <span class='ocrx_word' id='word_1_289' title='bbox 807 2029 1026 2078; x_wconf 83' lang='lat' dir='ltr'>Charisius,</span> <span class='ocrx_word' id='word_1_290' title='bbox 1058 2032 1098 2068; x_wconf 90' lang='lat' dir='ltr'>et</span> <span class='ocrx_word' id='word_1_291' title='bbox 1126 2034 1248 2069; x_wconf 79' lang='lat' dir='ltr'>metus</span> <span class='ocrx_word' id='word_1_292' title='bbox 1274 2031 1447 2069; x_wconf 86' lang='lat' dir='ltr'>Ennium</span> <span class='ocrx_word' id='word_1_293' title='bbox 1471 2031 1661 2070; x_wconf 85' lang='lat' dir='ltr'>feminino</span> <span class='ocrx_word' id='word_1_294' title='bbox 1687 2044 1827 2083; x_wconf 89' lang='lat' dir='ltr'>genere</span> 
     </span>
     <span class='ocr_line' id='line_1_33' title="bbox 264 2083 1826 2143; baseline 0.001 -15"><span class='ocrx_word' id='word_1_295' title='bbox 264 2102 409 2140; x_wconf 90' lang='lat' dir='ltr'>ponere</span> <span class='ocrx_word' id='word_1_296' title='bbox 431 2089 585 2128; x_wconf 88' lang='lat' dir='ltr'>Nonius</span> <span class='ocrx_word' id='word_1_297' title='bbox 611 2083 719 2142; x_wconf 88' lang='lat' dir='ltr'>(ann.</span> <span class='ocrx_word' id='word_1_298' title='bbox 742 2084 846 2142; x_wconf 87' lang='lat'>549)</span> <span class='ocrx_word' id='word_1_299' title='bbox 872 2102 952 2127; x_wconf 93' lang='lat' dir='ltr'>non</span> <span class='ocrx_word' id='word_1_300' title='bbox 971 2089 1108 2128; x_wconf 92' lang='lat' dir='ltr'>eodem</span> <span class='ocrx_word' id='word_1_301' title='bbox 1127 2102 1204 2139; x_wconf 92' lang='lat' dir='ltr'>quo</span> <span class='ocrx_word' id='word_1_302' title='bbox 1223 2090 1363 2129; x_wconf 87' lang='lat' dir='ltr'>Festus</span> <span class='ocrx_word' id='word_1_303' title='bbox 1383 2084 1628 2143; x_wconf 74' lang='grc'><strong>(80011407)</strong></span> <span class='ocrx_word' id='word_1_304' title='bbox 1650 2091 1826 2140; x_wconf 82' lang='lat' dir='ltr'>exemplo</span> 
     </span>
     <span class='ocr_line' id='line_1_34' title="bbox 266 2148 1826 2201; baseline 0.001 -14"><span class='ocrx_word' id='word_1_305' title='bbox 266 2148 389 2187; x_wconf 87' lang='lat' dir='ltr'>docet.</span> <span class='ocrx_word' id='word_1_306' title='bbox 418 2148 495 2187; x_wconf 87' lang='lat' dir='ltr'>Sed</span> <span class='ocrx_word' id='word_1_307' title='bbox 512 2150 707 2198; x_wconf 86' lang='lat' dir='ltr'>interpres</span> <span class='ocrx_word' id='word_1_308' title='bbox 725 2148 907 2200; x_wconf 64' lang='lat' dir='ltr'>Vergilii,</span> <span class='ocrx_word' id='word_1_309' title='bbox 934 2161 1051 2198; x_wconf 90' lang='lat' dir='ltr'>quem</span> <span class='ocrx_word' id='word_1_310' title='bbox 1069 2161 1351 2199; x_wconf 86' lang='lat' dir='ltr'>usquequaque</span> <span class='ocrx_word' id='word_1_311' title='bbox 1370 2149 1492 2188; x_wconf 85' lang='grc' dir='ltr'><strong>Ε111111</strong></span> <span class='ocrx_word' id='word_1_312' title='bbox 1509 2150 1679 2201; x_wconf 86' lang='lat' dir='ltr'>vestigia</span> <span class='ocrx_word' id='word_1_313' title='bbox 1697 2150 1826 2201; x_wconf 89' lang='lat' dir='ltr'>legere</span> 
     </span>
     <span class='ocr_line' id='line_1_35' title="bbox 266 2207 1825 2275; baseline 0 -28"><span class='ocrx_word' id='word_1_314' title='bbox 266 2209 431 2256; x_wconf 88' lang='lat' dir='ltr'>constat,</span> <span class='ocrx_word' id='word_1_315' title='bbox 458 2207 537 2246; x_wconf 82' lang='lat' dir='ltr'>dici</span> <span class='ocrx_word' id='word_1_316' title='bbox 560 2209 627 2246; x_wconf 85' lang='lat' dir='ltr'>vix</span> <span class='ocrx_word' id='word_1_317' title='bbox 651 2209 783 2275; x_wconf 88' lang='lat' dir='ltr'>potest</span> <span class='ocrx_word' id='word_1_318' title='bbox 806 2220 925 2257; x_wconf 89' lang='lat' dir='ltr'>quam</span> <span class='ocrx_word' id='word_1_319' title='bbox 943 2208 1071 2247; x_wconf 90' lang='lat' dir='ltr'>multa</span> <span class='ocrx_word' id='word_1_320' title='bbox 1090 2220 1190 2275; x_wconf 87' lang='lat' dir='ltr'>quae</span> <span class='ocrx_word' id='word_1_321' title='bbox 1210 2208 1417 2247; x_wconf 86' lang='lat' dir='ltr'>observare</span> <span class='ocrx_word' id='word_1_322' title='bbox 1435 2210 1611 2258; x_wconf 91' lang='lat' dir='ltr'>potuerit</span> <span class='ocrx_word' id='word_1_323' title='bbox 1630 2209 1676 2247; x_wconf 91' lang='lat' dir='ltr'>de</span> <span class='ocrx_word' id='word_1_324' title='bbox 1696 2209 1825 2247; x_wconf 83' lang='lat' dir='ltr'>Ennio</span> 
     </span>
     <span class='ocr_line' id='line_1_36' title="bbox 266 2267 1826 2319; baseline 0.001 -14"><span class='ocrx_word' id='word_1_325' title='bbox 266 2267 498 2319; x_wconf 71' lang='lat' dir='ltr'>neglexerit,</span> <span class='ocrx_word' id='word_1_326' title='bbox 519 2279 619 2316; x_wconf 88' lang='lat' dir='ltr'>quae</span> <span class='ocrx_word' id='word_1_327' title='bbox 639 2267 674 2305; x_wconf 87' lang='lat' dir='ltr'>si</span> <span class='ocrx_word' id='word_1_328' title='bbox 693 2268 780 2316; x_wconf 89' lang='lat' dir='ltr'>quis</span> <span class='ocrx_word' id='word_1_329' title='bbox 800 2267 984 2318; x_wconf 87' lang='lat' dir='ltr'>colligere</span> <span class='ocrx_word' id='word_1_330' title='bbox 1001 2268 1134 2306; x_wconf 90' lang='lat' dir='ltr'>omnia</span> <span class='ocrx_word' id='word_1_331' title='bbox 1152 2268 1283 2316; x_wconf 87' lang='lat' dir='ltr'>vellet,</span> <span class='ocrx_word' id='word_1_332' title='bbox 1302 2268 1516 2306; x_wconf 89' lang='lat' dir='ltr'>verendum</span> <span class='ocrx_word' id='word_1_333' title='bbox 1535 2270 1637 2307; x_wconf 88' lang='lat' dir='ltr'>esset</span> <span class='ocrx_word' id='word_1_334' title='bbox 1654 2281 1702 2306; x_wconf 91' lang='lat' dir='ltr'>ne</span> <span class='ocrx_word' id='word_1_335' title='bbox 1714 2281 1826 2318; x_wconf 83' lang='lat' dir='ltr'>prae-</span> 
     </span>
     <span class='ocr_line' id='line_1_37' title="bbox 266 2326 1827 2377; baseline 0.001 -13"><span class='ocrx_word' id='word_1_336' title='bbox 266 2327 537 2366; x_wconf 87' lang='lat' dir='ltr'>termissorum</span> <span class='ocrx_word' id='word_1_337' title='bbox 568 2327 683 2375; x_wconf 86' lang='lat' dir='ltr'>copia</span> <span class='ocrx_word' id='word_1_338' title='bbox 713 2326 841 2364; x_wconf 89' lang='lat' dir='ltr'>maior</span> <span class='ocrx_word' id='word_1_339' title='bbox 872 2328 996 2364; x_wconf 87' lang='lat' dir='ltr'>exiret</span> <span class='ocrx_word' id='word_1_340' title='bbox 1032 2339 1152 2376; x_wconf 88' lang='lat' dir='ltr'>quam</span> <span class='ocrx_word' id='word_1_341' title='bbox 1189 2339 1324 2365; x_wconf 89' lang='lat' dir='ltr'>eorum</span> <span class='ocrx_word' id='word_1_342' title='bbox 1362 2340 1462 2376; x_wconf 85' lang='lat' dir='ltr'>quae</span> <span class='ocrx_word' id='word_1_343' title='bbox 1491 2327 1628 2366; x_wconf 85' lang='lat' dir='ltr'>Servio</span> <span class='ocrx_word' id='word_1_344' title='bbox 1666 2330 1827 2377; x_wconf 86' lang='lat' dir='ltr'>accepta</span> 
     </span>
     <span class='ocr_line' id='line_1_38' title="bbox 267 2385 1826 2437; baseline 0.001 -15"><span class='ocrx_word' id='word_1_345' title='bbox 267 2386 447 2434; x_wconf 72' lang='lat' dir='ltr'>ferimus,</span> <span class='ocrx_word' id='word_1_346' title='bbox 468 2386 536 2435; x_wconf 92' lang='lat' dir='ltr'>qui</span> <span class='ocrx_word' id='word_1_347' title='bbox 554 2385 618 2423; x_wconf 92' lang='lat' dir='ltr'>vel</span> <span class='ocrx_word' id='word_1_348' title='bbox 637 2397 772 2424; x_wconf 85' lang='lat' dir='ltr'>versus</span> <span class='ocrx_word' id='word_1_349' title='bbox 786 2386 988 2424; x_wconf 87' lang='lat' dir='ltr'>Ennianos</span> <span class='ocrx_word' id='word_1_350' title='bbox 1008 2398 1153 2434; x_wconf 88' lang='lat' dir='ltr'>omnes,</span> <span class='ocrx_word' id='word_1_351' title='bbox 1172 2397 1270 2435; x_wconf 90' lang='lat' dir='ltr'>quos</span> <span class='ocrx_word' id='word_1_352' title='bbox 1282 2385 1506 2424; x_wconf 87' lang='lat' dir='ltr'>Macrobius</span> <span class='ocrx_word' id='word_1_353' title='bbox 1525 2386 1826 2437; x_wconf 88' lang='lat' dir='ltr'>diligentissime</span> 
     </span>
     <span class='ocr_line' id='line_1_39' title="bbox 267 2444 1826 2496; baseline 0.001 -14"><span class='ocrx_word' id='word_1_354' title='bbox 267 2456 357 2482; x_wconf 90' lang='lat' dir='ltr'>cum</span> <span class='ocrx_word' id='word_1_355' title='bbox 380 2444 623 2496; x_wconf 84' lang='lat' dir='ltr'>Vergilianis</span> <span class='ocrx_word' id='word_1_356' title='bbox 649 2445 882 2494; x_wconf 87' lang='lat' dir='ltr'>composuit,</span> <span class='ocrx_word' id='word_1_357' title='bbox 907 2457 1034 2494; x_wconf 87' lang='lat' dir='ltr'>neque</span> <span class='ocrx_word' id='word_1_358' title='bbox 1060 2446 1096 2483; x_wconf 92' lang='lat' dir='ltr'>ei</span> <span class='ocrx_word' id='word_1_359' title='bbox 1119 2446 1238 2495; x_wconf 89' lang='lat' dir='ltr'>pauci</span> <span class='ocrx_word' id='word_1_360' title='bbox 1262 2446 1355 2483; x_wconf 93' lang='lat' dir='ltr'>sunt</span> <span class='ocrx_word' id='word_1_361' title='bbox 1375 2457 1501 2494; x_wconf 90' lang='lat' dir='ltr'>neque</span> <span class='ocrx_word' id='word_1_362' title='bbox 1521 2446 1631 2493; x_wconf 87' lang='lat' dir='ltr'>viles,</span> <span class='ocrx_word' id='word_1_363' title='bbox 1654 2446 1826 2493; x_wconf 90' lang='lat' dir='ltr'>reticuit,</span> 
     </span>
     <span class='ocr_line' id='line_1_40' title="bbox 269 2503 1826 2553; baseline 0.001 -12"><span class='ocrx_word' id='word_1_364' title='bbox 269 2505 309 2540; x_wconf 90' lang='lat' dir='ltr'>et</span> <span class='ocrx_word' id='word_1_365' title='bbox 336 2504 380 2541; x_wconf 92' lang='lat' dir='ltr'>in</span> <span class='ocrx_word' id='word_1_366' title='bbox 405 2505 544 2542; x_wconf 87' lang='lat' dir='ltr'>ceteris</span> <span class='ocrx_word' id='word_1_367' title='bbox 570 2503 754 2542; x_wconf 85' lang='lat' dir='ltr'>Enniana</span> <span class='ocrx_word' id='word_1_368' title='bbox 778 2504 916 2552; x_wconf 87' lang='lat' dir='ltr'>multa,</span> <span class='ocrx_word' id='word_1_369' title='bbox 943 2517 1111 2553; x_wconf 91' lang='lat' dir='ltr'>quorum</span> <span class='ocrx_word' id='word_1_370' title='bbox 1134 2505 1324 2542; x_wconf 89' lang='lat' dir='ltr'>memoria</span> <span class='ocrx_word' id='word_1_371' title='bbox 1352 2504 1443 2542; x_wconf 87' lang='lat' dir='ltr'>aliis</span> <span class='ocrx_word' id='word_1_372' title='bbox 1467 2503 1635 2542; x_wconf 90' lang='lat' dir='ltr'>testibus</span> <span class='ocrx_word' id='word_1_373' title='bbox 1660 2506 1826 2552; x_wconf 89' lang='lat' dir='ltr'>constat,</span> 
     </span>
     <span class='ocr_line' id='line_1_41' title="bbox 267 2562 1825 2614; baseline 0 -13"><span class='ocrx_word' id='word_1_374' title='bbox 267 2563 363 2601; x_wconf 89' lang='lat' dir='ltr'>licet</span> <span class='ocrx_word' id='word_1_375' title='bbox 391 2564 587 2601; x_wconf 87' lang='lat' dir='ltr'>invitante</span> <span class='ocrx_word' id='word_1_376' title='bbox 612 2562 784 2614; x_wconf 87' lang='lat' dir='ltr'>Vergilii</span> <span class='ocrx_word' id='word_1_377' title='bbox 814 2564 992 2601; x_wconf 83' lang='lat' dir='ltr'>oratione</span> <span class='ocrx_word' id='word_1_378' title='bbox 1023 2575 1103 2601; x_wconf 92' lang='lat' dir='ltr'>non</span> <span class='ocrx_word' id='word_1_379' title='bbox 1132 2564 1276 2614; x_wconf 87' lang='lat' dir='ltr'>tetigit.</span> <span class='ocrx_word' id='word_1_380' title='bbox 1308 2562 1367 2601; x_wconf 89' lang='lat' dir='ltr'>De</span> <span class='ocrx_word' id='word_1_381' title='bbox 1397 2563 1479 2601; x_wconf 90' lang='lat' dir='ltr'>illis</span> <span class='ocrx_word' id='word_1_382' title='bbox 1511 2563 1640 2601; x_wconf 86' lang='lat' dir='ltr'>dicam</span> <span class='ocrx_word' id='word_1_383' title='bbox 1665 2575 1754 2601; x_wconf 91' lang='lat' dir='ltr'>cum</span> <span class='ocrx_word' id='word_1_384' title='bbox 1778 2563 1825 2601; x_wconf 90' lang='lat' dir='ltr'>de</span> 
     </span>
     <span class='ocr_line' id='line_1_42' title="bbox 268 2621 1826 2673; baseline 0.001 -14"><span class='ocrx_word' id='word_1_385' title='bbox 268 2621 468 2660; x_wconf 83' lang='lat' dir='ltr'>Macrobio</span> <span class='ocrx_word' id='word_1_386' title='bbox 495 2623 646 2673; x_wconf 75' lang='lat' dir='ltr'>agetur,</span> <span class='ocrx_word' id='word_1_387' title='bbox 671 2634 717 2660; x_wconf 84' lang='lat' dir='ltr'>ex</span> <span class='ocrx_word' id='word_1_388' title='bbox 741 2623 880 2660; x_wconf 88' lang='lat' dir='ltr'>ceteris</span> <span class='ocrx_word' id='word_1_389' title='bbox 906 2634 1032 2672; x_wconf 86' lang='lat' dir='ltr'>pauca</span> <span class='ocrx_word' id='word_1_390' title='bbox 1057 2623 1227 2672; x_wconf 84' lang='lat' dir='ltr'>exempli</span> <span class='ocrx_word' id='word_1_391' title='bbox 1251 2634 1370 2661; x_wconf 78' lang='lat' dir='ltr'>causa</span> <span class='ocrx_word' id='word_1_392' title='bbox 1394 2622 1566 2661; x_wconf 89' lang='lat' dir='ltr'>afferam.</span> <span class='ocrx_word' id='word_1_393' title='bbox 1601 2621 1758 2661; x_wconf 84' lang='lat' dir='ltr'>Servius</span> <span class='ocrx_word' id='word_1_394' title='bbox 1783 2623 1826 2660; x_wconf 92' lang='lat' dir='ltr'>in</span> 
     </span>
     <span class='ocr_line' id='line_1_43' title="bbox 268 2676 1827 2734; baseline 0.001 -16"><span class='ocrx_word' id='word_1_395' title='bbox 268 2679 365 2719; x_wconf 90' lang='lat' dir='ltr'>Aen.</span> <span class='ocrx_word' id='word_1_396' title='bbox 385 2693 400 2718; x_wconf 92' lang='lat'>1</span> <span class='ocrx_word' id='word_1_397' title='bbox 421 2681 503 2718; x_wconf 88' lang='lat'>646</span> <span class='ocrx_word' id='word_1_398' title='bbox 532 2677 652 2719; x_wconf 74' lang='lat' dir='ltr'>‘stat’:</span> <span class='ocrx_word' id='word_1_399' title='bbox 671 2710 679 2719; x_wconf 86' lang='lat'><strong><em>.</em></strong></span> <span class='ocrx_word' id='word_1_400' title='bbox 700 2710 709 2718; x_wconf 87' lang='lat'><strong>.</strong></span> <span class='ocrx_word' id='word_1_401' title='bbox 721 2681 885 2729; x_wconf 76' lang='lat' dir='ltr'>plenwm</span> <span class='ocrx_word' id='word_1_402' title='bbox 909 2684 963 2720; x_wconf 79' lang='lat' dir='ltr'>est</span> <span class='ocrx_word' id='word_1_403' title='bbox 985 2684 1030 2719; x_wconf 80' lang='lat' dir='ltr'>ut</span> <span class='ocrx_word' id='word_1_404' title='bbox 1048 2676 1125 2734; x_wconf 82' lang='lat' dir='ltr'>(xn</span> <span class='ocrx_word' id='word_1_405' title='bbox 1143 2676 1249 2733; x_wconf 90' lang='grc'><strong>407)</strong></span> <span class='ocrx_word' id='word_1_406' title='bbox 1270 2677 1367 2719; x_wconf 74' lang='lat' dir='ltr'>‘iam</span> <span class='ocrx_word' id='word_1_407' title='bbox 1377 2681 1539 2729; x_wconf 74' lang='lat' dir='ltr'>pulvere</span> <span class='ocrx_word' id='word_1_408' title='bbox 1555 2682 1706 2720; x_wconf 79' lang='lat' dir='ltr'>caelwm</span> <span class='ocrx_word' id='word_1_409' title='bbox 1723 2684 1827 2720; x_wconf 78' lang='lat' dir='ltr'>stare</span> 
     </span>
     <span class='ocr_line' id='line_1_44' title="bbox 268 2735 1824 2793; baseline 0.001 -16"><span class='ocrx_word' id='word_1_410' title='bbox 268 2735 425 2784; x_wconf 74' lang='lat' dir='ltr'>vident&#39;,</span> <span class='ocrx_word' id='word_1_411' title='bbox 456 2739 504 2779; x_wconf 86' lang='lat' dir='ltr'>cf.</span> <span class='ocrx_word' id='word_1_412' title='bbox 524 2751 567 2778; x_wconf 75' lang='grc' dir='ltr'>1η</span> <span class='ocrx_word' id='word_1_413' title='bbox 587 2741 660 2789; x_wconf 84' lang='grc'>22;</span> <span class='ocrx_word' id='word_1_414' title='bbox 697 2740 765 2779; x_wconf 84' lang='grc' dir='ltr'>8οᾱ</span> <span class='ocrx_word' id='word_1_415' title='bbox 795 2740 905 2779; x_wconf 89' lang='grc' dir='ltr'><strong>1111Πο</strong></span> <span class='ocrx_word' id='word_1_416' title='bbox 937 2752 1071 2779; x_wconf 86' lang='grc'><strong>00111111</strong></span> <span class='ocrx_word' id='word_1_417' title='bbox 1101 2741 1187 2779; x_wconf 87' lang='grc'><strong>1000</strong></span> <span class='ocrx_word' id='word_1_418' title='bbox 1219 2740 1392 2778; x_wconf 85' lang='grc' dir='ltr'><strong>Ε111113111</strong></span> <span class='ocrx_word' id='word_1_419' title='bbox 1422 2752 1557 2778; x_wconf 90' lang='lat' dir='ltr'>versus</span> <span class='ocrx_word' id='word_1_420' title='bbox 1589 2735 1696 2792; x_wconf 86' lang='lat' dir='ltr'>(ann.</span> <span class='ocrx_word' id='word_1_421' title='bbox 1720 2735 1824 2793; x_wconf 87' lang='grc'><strong>608)</strong></span> 
     </span>
     <span class='ocr_line' id='line_1_45' title="bbox 271 2794 1824 2847; baseline 0 -11"><span class='ocrx_word' id='word_1_422' title='bbox 271 2794 390 2836; x_wconf 78' lang='lat' dir='ltr'>‘stant</span> <span class='ocrx_word' id='word_1_423' title='bbox 406 2799 569 2846; x_wconf 73' lang='lat' dir='ltr'>pulvere</span> <span class='ocrx_word' id='word_1_424' title='bbox 593 2795 734 2847; x_wconf 79' lang='lat' dir='ltr'>eampi’</span> <span class='ocrx_word' id='word_1_425' title='bbox 761 2799 909 2838; x_wconf 73' lang='grc'><strong>111011110</strong></span> <span class='ocrx_word' id='word_1_426' title='bbox 928 2798 983 2837; x_wconf 89' lang='lat' dir='ltr'>fit.</span> <span class='ocrx_word' id='word_1_427' title='bbox 1010 2799 1057 2837; x_wconf 92' lang='lat' dir='ltr'>In</span> <span class='ocrx_word' id='word_1_428' title='bbox 1075 2799 1172 2837; x_wconf 88' lang='lat' dir='ltr'>Aen.</span> <span class='ocrx_word' id='word_1_429' title='bbox 1192 2812 1222 2837; x_wconf 87' lang='lat'>11</span> <span class='ocrx_word' id='word_1_430' title='bbox 1244 2801 1295 2837; x_wconf 87' lang='grc'>77</span> <span class='ocrx_word' id='word_1_431' title='bbox 1319 2795 1453 2847; x_wconf 78' lang='lat' dir='ltr'>‘fuerit</span> <span class='ocrx_word' id='word_1_432' title='bbox 1475 2799 1755 2847; x_wconf 71' lang='lat' dir='ltr'>quodcumque:</span> <span class='ocrx_word' id='word_1_433' title='bbox 1769 2829 1777 2837; x_wconf 87' lang='lat'><strong>.</strong></span> <span class='ocrx_word' id='word_1_434' title='bbox 1792 2829 1824 2837; x_wconf 91' lang='lat'>..</span> 
     </span>
     <span class='ocr_line' id='line_1_46' title="bbox 271 2851 1825 2911; baseline 0.001 -17"><span class='ocrx_word' id='word_1_435' title='bbox 271 2851 508 2911; x_wconf 86' lang='lat' dir='ltr'>(Danielin.)</span> <span class='ocrx_word' id='word_1_436' title='bbox 532 2869 627 2897; x_wconf 74' lang='lat' dir='ltr'>sane</span> <span class='ocrx_word' id='word_1_437' title='bbox 653 2854 943 2907; x_wconf 74' lang='lat' dir='ltr'>‘quodcumque’</span> <span class='ocrx_word' id='word_1_438' title='bbox 974 2861 1123 2897; x_wconf 75' lang='lat' dir='ltr'>vetusta</span> <span class='ocrx_word' id='word_1_439' title='bbox 1152 2869 1239 2898; x_wconf 85' lang='lat' dir='ltr'>voce</span> <span class='ocrx_word' id='word_1_440' title='bbox 1269 2860 1427 2897; x_wconf 81' lang='lat' dir='ltr'>mortem</span> <span class='ocrx_word' id='word_1_441' title='bbox 1456 2858 1675 2907; x_wconf 71' lang='lat' dir='ltr'>siqnisicari</span> <span class='ocrx_word' id='word_1_442' title='bbox 1704 2857 1825 2897; x_wconf 78' lang='lat' dir='ltr'>Luci-</span> 
     </span>
    </p>
   </div>
  </div>
 </body>
</html>
