2020 3334
530 193 768 251 VALERIUS
779 195 1020 242 MAXIMUS.
1061 196 1243 232 SENECA
1524 199 1670 235 Lxxm

118 308 186 355 qui
210 307 427 355 litterarum
451 306 756 356 iucunditatibus
780 307 962 346 intinctas
986 309 1124 347 habent
1147 312 1287 347 mentes
1310 322 1388 348 non
1404 314 1570 358 possunt
1593 323 1671 350 non

115 367 158 404 in
194 367 277 404 suis
307 365 527 413 pectoribus
557 364 775 415 dedicatum
804 366 941 404 habere
970 368 1083 405 sicuti
1114 367 1270 406 deorum
1299 370 1356 406 sic
1386 370 1512 407 Ennii
1539 373 1670 417 poetae

119 424 384 463 simulacrum.

238 482 386 521 Tiberii
412 482 548 532 aetate,
571 481 640 532 qui
659 481 818 520 fuerunt
830 481 1014 521 Valerius
1032 484 1237 533 Maximus,
1255 485 1466 535 Phaedrus,
1485 487 1669 538 Velleius,

116 555 251 582 eorum
275 541 458 580 Valerius
485 541 676 590 quantum
701 540 820 578 Ennii
846 541 986 591 legerit
1010 541 1212 591 incertum,
1249 545 1318 592 qui
1343 557 1430 582 cum
1460 545 1554 584 haec
1585 560 1669 595 per-

122 600 269 640 scribat
294 595 384 653 (vm
407 600 472 648 14,
489 593 541 652 1)
558 600 735 647 superior
752 598 970 647 Africanus
989 601 1100 639 Enni
1117 605 1252 648 poetae
1278 604 1441 650 cfftyiem
1473 606 1513 642 in
1538 617 1670 643 monu-

117 662 252 699 mentis
288 659 488 698 Corneliae
515 659 639 707 yentis
670 659 861 708 conlocari
892 659 1021 708 voluit,
1052 660 1152 707 quod
1176 662 1327 708 inyenio
1353 663 1433 699 cius
1458 674 1573 710 opera
1597 676 1670 702 sua

115 720 326 758 inlustrata
349 718 549 765 iudicaret,
573 728 652 755 non
677 717 830 765 quidem
860 719 1034 766 ignarus,
1066 731 1181 766 quam
1212 720 1281 757 diu
1306 720 1526 758 Romanum
1555 724 1671 770 impe-

117 780 222 816 rium
246 779 398 825 floreret
422 779 456 814 et
472 775 616 827 Africa
635 776 778 815 Italiae
796 777 962 824 pedibus
982 779 1075 815 esset
1091 777 1259 816 subiecta
1278 780 1462 826 totiusque
1481 782 1672 818 terrarum

115 838 218 875 orbis
242 849 436 875 summum
461 836 633 874 columen
658 848 732 874 ara
759 835 980 884 Capitolina
992 837 1215 883 possideret,
1241 848 1371 875 eorum
1393 839 1581 886 eastinyui
1599 852 1672 877 mc-

117 898 283 935 moriam
307 907 385 934 non
403 906 530 943 posse,
559 896 595 933 si
621 897 748 933 tamen
773 895 989 933 litterarum
1014 906 1159 943 quoque
1182 896 1261 934 illis
1290 896 1418 934 lumen
1448 899 1672 942 accessisset,

115 957 249 1004 mayni
280 956 501 999 aestimans,
535 954 596 992 vir
627 954 832 992 Homerico
864 966 982 1002 quam
1011 954 1103 992 rudi
1134 957 1246 1002 atque
1279 956 1436 1002 inpolito
1465 959 1672 1003 praeconio

116 1015 281 1063 diynior,
306 1013 517 1064 magnifica
540 1012 718 1051 eratione
737 1014 850 1051 varia
869 1014 1039 1060 miscuit,
1066 1014 1135 1062 qui
1155 1013 1312 1062 quidem
1331 1014 1476 1051 famam
1496 1015 1606 1052 illam
1626 1015 1672 1053 de

117 1075 250 1113 statua
270 1073 391 1111 Ennii
409 1073 452 1110 in
472 1072 703 1121 Scipionum
721 1074 974 1110 monumento
995 1073 1126 1121 posita
1146 1067 1211 1124 (de
1232 1085 1309 1121 qua
1329 1085 1446 1121 supra
1464 1086 1500 1122 p.
1517 1086 1583 1110 XIx
1593 1069 1672 1125 egi)

117 1146 162 1170 ex
190 1131 376 1170 Cicerone
402 1133 442 1169 et
459 1130 575 1169 Livio
600 1132 730 1180 petiit,
756 1131 823 1169 sed
850 1132 970 1169 etiam
995 1131 1155 1169 Horatii
1181 1127 1229 1183 (c.
1250 1144 1291 1169 1v
1313 1126 1356 1183 8)
1383 1144 1530 1170 memor
1555 1133 1674 1170 fuisse

119 1194 158 1230 et
183 1192 421 1230 sententiam
447 1202 566 1239 quam
594 1189 716 1229 Suida
740 1191 803 1228 vel
828 1189 996 1228 Aeliano
1022 1191 1120 1228 teste
1147 1190 1297 1228 Ennius
1323 1191 1406 1239 ipse
1432 1190 1478 1228 de
1504 1203 1574 1229 sua
1595 1191 1675 1229 Sci-

117 1251 247 1300 pionis
267 1250 383 1288 laude
402 1250 681 1299 pronuntiarat
703 1245 825 1302 (Scip.
841 1244 871 1302 1)
894 1249 1074 1287 alicunde
1094 1249 1251 1287 videtur
1270 1250 1469 1299 cognitam
1482 1249 1673 1288 habuisse.

234 1309 434 1347 Phaedrus
468 1308 641 1359 Augusti
671 1308 836 1347 libertus
868 1309 1049 1346 meminit
1071 1303 1134 1360 (111
1161 1309 1249 1357 epil.
1276 1310 1378 1357 poet.
1407 1303 1480 1360 34)
1514 1320 1552 1346 se
1584 1322 1674 1357 poe-

118 1371 182 1406 tae
208 1369 445 1407 sententiam
476 1368 616 1419 legisse
643 1364 792 1415 ‘palam
816 1369 970 1405 muttire
988 1368 1136 1415 plebeio
1155 1367 1359 1415 piaculum
1385 1363 1451 1406 est'
1479 1380 1577 1416 quae
1604 1368 1674 1405 Te-

118 1428 226 1477 lephi
258 1430 317 1466 est
347 1428 389 1464 in
415 1427 536 1464 Ennii
567 1426 774 1478 tragoedia
799 1422 885 1478 [11]3
916 1427 1020 1464 idem
1053 1439 1151 1475 quae
1184 1426 1230 1463 de
1255 1425 1411 1463 Medeae
1445 1429 1673 1476 argumento

117 1486 298 1536 perhibet
319 1481 378 1539 (tv
402 1488 437 1534 7,
460 1480 610 1539 6sqq.),
637 1498 772 1524 eorum
796 1498 923 1535 pauca
948 1485 1131 1523 videntur
1158 1485 1206 1523 ad
1227 1485 1430 1522 Ennianae
1449 1485 1673 1535 tragoediae

118 1547 349 1584 memoriam
373 1546 511 1584 redire.

234 1605 409 1643 Velleius
442 1606 574 1643 autem
592 1604 823 1643 Paterculus
851 1617 938 1642 cum
964 1605 1022 1642 ita
1047 1603 1183 1642 scribit
1209 1598 1242 1655 (1
1265 1598 1337 1654 17)
1356 1604 1435 1640 nisi
1465 1614 1604 1650 aspera
1631 1615 1675 1641 ac

119 1665 238 1702 rudia
251 1667 400 1712 repetas
414 1667 448 1702 et
459 1665 605 1702 inventi
618 1664 822 1702 laudanda
834 1664 1043 1701 nominem
1061 1661 1178 1701 Accio
1199 1663 1373 1710 circaque
1393 1673 1478 1699 eum
1496 1662 1676 1699 Romana

118 1723 316 1772 tragoedia
347 1726 411 1768 est,
443 1723 643 1771 dulcesque
667 1722 808 1761 Latini
838 1723 978 1770 teporis
1009 1723 1170 1770 facetiae
1194 1733 1268 1769 per
1303 1720 1513 1759 Caecilium
1542 1721 1676 1758 Teren-

118 1783 286 1831 tiumque
312 1785 345 1820 et
365 1781 584 1830 Afranium
608 1783 774 1830 suppari
800 1783 920 1820 aetate
944 1782 1153 1825 nituerunt,
1180 1782 1219 1818 et
1237 1791 1266 1817 Π
1288 1781 1310 1817 9
1339 1780 1447 1818 clara
1473 1781 1586 1817 etiam
1603 1791 1677 1826 per

118 1841 219 1880 idem
244 1843 329 1880 aevi
353 1843 524 1889 spatium
548 1843 656 1890 fuere
686 1842 844 1889 inyenia
874 1841 917 1878 in
948 1841 1084 1889 toyatis
1108 1838 1270 1888 Afrani,
1301 1840 1344 1877 in
1373 1838 1577 1886 trayoediis
1602 1838 1677 1876 Pa-

118 1902 206 1939 cuvi
231 1903 342 1948 atque
360 1899 457 1939 Acci
480 1911 600 1948 usque
624 1901 668 1938 in
690 1899 927 1938 Graecorum
951 1900 1193 1947 inqeniorum
1219 1898 1541 1945 comparationem
1566 1898 1678 1935 evecti

118 1971 375 2008 maynumque
399 1961 499 1998 inter
523 1960 590 1998 hos
614 1960 719 2006 ipsos
743 1959 921 2007 facientis
946 1959 1052 2006 operi
1075 1969 1145 1995 suo
1170 1958 1294 1995 locum
1314 1969 1392 2005 eqs,
1423 1956 1556 2005 palam
1581 1956 1678 1993 facit

119 2019 240 2056 Ennii
271 2018 514 2069 tragoedias,
553 2030 650 2067 quas
682 2016 817 2056 Cicero
849 2018 891 2054 in
923 2017 1075 2055 caelum
1110 2015 1277 2054 tollebat
1314 2017 1353 2053 et
1390 2026 1486 2063 quas
1517 2014 1678 2052 Horatii

119 2079 299 2127 tempora
323 2079 366 2115 in
385 2090 500 2116 scena
520 2075 763 2126 spectabant,
789 2077 869 2114 iam
889 2077 1064 2114 mortuas
1085 2087 1165 2113 esse
1186 2076 1255 2112 aut
1274 2073 1323 2111 ad
1342 2074 1460 2111 rudia
1479 2074 1519 2110 et
1538 2084 1677 2119 aspera

122 2138 299 2175 reiectas.

237 2196 362 2233 Fama
386 2196 526 2244 poetae
553 2193 752 2242 quondam
778 2192 1021 2230 celeberrimi
1045 2192 1240 2241 paulatim
1265 2190 1508 2228 decrescente
1534 2190 1677 2226 mirum

120 2267 198 2292 non
231 2256 290 2292 est
320 2255 402 2291 iam
426 2252 595 2290 Neronis
628 2253 757 2290 aetate
784 2251 971 2289 Senecam
1004 2253 1249 2289 contemnere
1279 2250 1469 2296 Ennium,
1500 2248 1677 2286 Persium

123 2315 255 2351 autem
287 2312 461 2350 irridere.
498 2311 687 2349 Senecam
717 2312 763 2348 ut
793 2311 976 2348 omittam
1007 2309 1222 2348 sententias
1256 2308 1444 2357 quasdam
1477 2307 1677 2344 Ennianas

119 2374 238 2422 poeta
263 2385 341 2410 non
367 2372 570 2409 nominato
602 2370 776 2417 laudare,
807 2370 849 2406 in
880 2368 973 2407 ludo
995 2369 1033 2417 8,
1054 2362 1128 2420 3²¹²)
1158 2364 1270 2405 ‘caeli
1299 2369 1495 2405 scrutatur
1518 2362 1675 2414 playas'

122 2427 267 2483 (Iphig.
288 2425 383 2482 ΧΠ),
416 2430 462 2467 de
493 2429 619 2467 benef.
639 2442 680 2467 1v
701 2430 768 2476 27,
790 2430 813 2465 2
840 2428 1003 2472 Fabius,
1035 2423 1117 2475 ‘qai
1148 2426 1361 2465 cunctando
1392 2426 1554 2464 restituit
1582 2420 1676 2462 rem’

122 2484 230 2542 (ann.
250 2502 308 2527 ΧΗ
327 2490 373 2527 fr.
394 2501 424 2526 11
452 2503 461 2537 ς
488 2488 536 2526 ad
561 2488 699 2537 Polyb.
727 2487 773 2525 de
803 2499 905 2525 cons.
935 2489 1000 2534 11,
1022 2488 1045 2524 2
1074 2482 1154 2534 ‘eqo
1181 2497 1266 2523 cum
1288 2485 1422 2533 yenu'i,
1453 2486 1533 2521 tum
1563 2484 1678 2520 mori-

121 2552 252 2587 turum
275 2545 386 2587 scivi'
413 2484 579 2601 gTelam.
601 2541 666 2599 Π),
700 2548 940 2595 quantopere
968 2546 1142 2583 carmina
1174 2544 1311 2591 Ennii,
1345 2556 1420 2592 quo
1446 2555 1486 2581 se
1511 2555 1588 2579 non
1615 2541 1677 2579 de-

239 2672 270 2715 *)
290 2672 387 2707 Nam
407 2672 446 2706 in
464 2672 594 2706 eodem
613 2670 701 2705 ludo
723 2673 754 2714 9,
769 2674 790 2704 4
811 2680 906 2713 quae
929 2669 1104 2715 leguntur
1123 2679 1203 2703 cum
1221 2669 1269 2702 sit
1287 2678 1304 2702 e
1323 2666 1507 2710 republica
1526 2675 1596 2700 esse
1609 2664 1676 2698 ali-

124 2731 226 2763 quem
255 2720 319 2764 qui
343 2731 424 2754 cum
451 2720 608 2755 Romulo
629 2718 744 2762 possit
771 2717 962 2760 ‘ferventia
987 2727 1082 2760 rapa
1108 2715 1247 2751 vorare'
1276 2725 1298 2749 a
1323 2712 1494 2748 Martiale
1520 2713 1598 2756 (xm
1620 2711 1676 2754 16)

123 2766 304 2801 imitando
326 2777 510 2811 expressa,
530 2776 574 2800 ex
587 2765 633 2799 iis
647 2765 740 2799 haec
753 2766 952 2809 postrema,
973 2774 1068 2807 quae
1082 2762 1308 2806 dactylicum
1322 2770 1513 2794 numerum
1527 2757 1674 2809 habent,

124 2813 293 2848 dubitavi
311 2814 437 2848 tamen
458 2813 505 2847 ad
520 2813 680 2846 Ennium
700 2813 797 2853 (cum
811 2810 1050 2855 Buechelero)
1070 2809 1206 2844 referre
1225 2809 1421 2853 propterea
1441 2805 1539 2848 quod
1552 2813 1675 2857 nesclo

124 2860 214 2904 quid
238 2860 390 2895 ridiculi
415 2861 515 2905 quod.
541 2871 562 2894 a
588 2858 745 2894 Romulo
772 2858 940 2892 Enniano
968 2857 1166 2893 abhorreat
1195 2856 1233 2891 in
1264 2854 1382 2889 verbis
1411 2852 1676 2897 persentlscere

124 2907 260 2943 videor.
