2054 3282
359 189 415 230 80
891 181 1151 217 ANNALIUM
1175 180 1263 215 Lm.
1284 179 1386 214 xvn

1119 298 1154 333 V

361 365 448 407 443
480 364 748 406 Concurrunt
779 361 912 403 veluti
942 359 1059 401 venti
1090 374 1187 400 cum
1219 357 1395 413 spiritus
1427 359 1561 401 austri

478 434 723 476 Imbricitor
752 432 982 486 aquiloque
1014 444 1091 472 suo
1124 444 1220 470 cum
1252 429 1424 471 fiamine
1456 433 1604 472 contra

359 505 454 561 445¹
477 504 586 546 Indu
617 503 723 546 mari
754 517 909 558 magno
942 502 1097 542 fluetus
1128 501 1331 542 extollere
1363 504 1528 543 certant

1110 617 1160 652 VI

354 683 440 724 446
475 681 647 724 «Noenu
679 680 798 722 decet
828 693 1017 721 mussare
1048 678 1184 720 bonos
1217 678 1290 733 qui
1322 679 1438 720 facta
1468 679 1613 721 labore

474 752 580 795 Nixi
613 752 791 792 militiae
821 765 1018 805 peperere

1100 854 1167 889 VH

356 917 442 958 448
1165 915 1383 970 «viresque
1414 917 1602 958 valentes

476 987 683 1029 Contudit
714 987 896 1028 crudelis
928 986 1096 1041 hiemps

471 1152 503 1186 V
524 1153 617 1196 (443)
656 1149 868 1185 Macrobius
883 1150 958 1185 Sat.
974 1163 1010 1185 vr
1030 1154 1062 1192 2,
1078 1153 1123 1184 28
1145 1151 1301 1186 ‘diversi
1321 1162 1458 1196 magno
1479 1162 1546 1186 ceu
1566 1152 1755 1196 quondam
1768 1152 1917 1187 turbine

353 1205 452 1240 venti
478 1204 682 1250 confligunt
708 1204 964 1249 Zephyrusque
989 1205 1175 1249 notusque
1201 1206 1238 1239 et
1261 1204 1383 1239 laetus
1402 1204 1489 1239 Eois
1510 1215 1619 1239 eurus
1640 1205 1744 1250 equis
1765 1206 1868 1251 (Aen.
1889 1219 1916 1240 11

353 1260 445 1303 416).
467 1258 607 1292 Ennius
634 1257 673 1291 in
692 1270 768 1292 xv11
788 1259 1035 1293 «concurrunt
1050 1286 1056 1291 .
1074 1286 1081 1291 .
1098 1286 1104 1291 .
1121 1259 1249 1292 contra
1269 1258 1355 1293 iude
1373 1270 1420 1292 m.
1434 1269 1572 1303 magno
1587 1287 1594 1292 .
1611 1287 1617 1292 .
1633 1259 1828 1294 certant».’

470 1311 519 1345 VI
540 1313 635 1356 (446)
675 1310 821 1345 Servius
836 1310 957 1345 Vatic.
972 1311 1012 1345 in
1032 1322 1157 1357 georg.
1179 1324 1215 1346 η*
1237 1314 1304 1346 188
1324 1323 1359 1356 p.
1376 1315 1455 1354 334,
1470 1315 1514 1346 22
1529 1311 1624 1346 Thil.
1649 1313 1838 1347 ‘mussant
1856 1312 1917 1346 hic

352 1366 599 1399 murmurant:
620 1375 716 1408 quae
736 1376 806 1399 vox
824 1364 977 1409 pom'tur
997 1366 1035 1399 et
1053 1364 1093 1398 in
1112 1364 1263 1399 tacendi
1281 1364 1565 1410 significatione,
1586 1366 1629 1399 ut
1643 1366 1744 1410 apud
1756 1365 1917 1399 Ennium

352 1418 391 1451 in
410 1431 485 1452 xvn
505 1429 602 1453 «ozon.
618 1421 773 1462 possunt
791 1428 958 1452 mussare
978 1418 1075 1461 boui,
1099 1418 1163 1462 qui
1182 1419 1319 1462 factam
1338 1418 1362 1452 l.
1377 1419 1479 1454 enixi
1498 1420 1668 1454 *malitiam
1687 1419 1915 1464 peperere».’

447 1471 584 1505 Paulus
599 1471 701 1506 Festi
714 1483 749 1516 p.
764 1474 842 1514 127,
855 1474 873 1505 7
885 1471 951 1505 Th.
967 1471 978 1488 ‘
987 1483 1153 1506 mussare
1166 1482 1406 1506 murmurare.
1424 1471 1565 1506 Ennius
1580 1472 1693 1519 [182]
1707 1472 1819 1517 vulgo
1832 1482 1917 1506 vero

352 1536 419 1569 pro
439 1526 562 1559 tacere
583 1524 732 1567 dicitur,
753 1526 796 1558 ut
814 1524 915 1559 idem
934 1524 1076 1559 Ennius
1091 1536 1188 1561 «nou
1207 1525 1304 1560 decet
1322 1536 1488 1560 mussare
1507 1526 1667 1561 ὄφιος»)
1683 1525 1791 1560 Hunc
1806 1525 1917 1560 versi-

353 1578 476 1612 culum
495 1589 570 1612 non
590 1577 776 1612 diversum
792 1588 871 1612 esse
886 1578 934 1612 ab
948 1588 991 1612 eo
1005 1589 1116 1622 quem
1131 1578 1255 1613 Servio
1269 1578 1446 1613 debemus
1462 1578 1502 1613 Ο.
1517 1578 1718 1613 Muellerus
1732 1578 1918 1613 intellexit

354 1631 402 1665 ad
421 1631 571 1666 Festum
591 1643 627 1676 p.
643 1635 722 1666 384.
828 1631 974 1665 Servius
995 1631 1034 1665 in
1053 1632 1143 1666 Aen.
1158 1645 1211 1666 ΧΠ
1231 1635 1298 1666 657
1322 1632 1484 1666 ‘Ennius
1509 1643 1675 1667 mussare
1701 1644 1768 1677 pro
1794 1634 1917 1667 tacere

353 1685 505 1729 posuit.’

471 1737 537 1772 VH
557 1740 653 1783 (448)
686 1737 899 1772 Priscianus
918 1751 941 1772 x
961 1750 996 1783 p.
1012 1742 1091 1780 518,
1109 1742 1151 1772 19
1166 1738 1210 1772 Η.
1228 1738 1493 1773 ‘vetustissimi
1507 1740 1633 1773 tamen
1646 1740 1725 1773 tam
1738 1739 1918 1783 produce-

352 1791 444 1826 bant
458 1803 570 1835 quam
585 1791 838 1836 corripiebant
851 1791 1059 1836 supradicti
1072 1791 1185 1835 verbi,
1197 1792 1236 1826 id
1251 1793 1308 1826 est
1322 1791 1466 1837 (tundo)
1480 1792 1616 1835 tutudi,
1635 1792 1915 1837 paenultimam.

478 1964 563 2002 444
594 1965 732 2001 contra
755 1964 790 2001 Ιι.
810 1975 836 2001 e.
856 1964 957 2001 alter
981 1965 1118 2002 contra
1144 1964 1331 2009 alterum,
1351 1967 1395 2002 ut
1414 1964 1641 2012 Propertius
1660 1976 1690 2001 11
1717 1974 1749 2012 1,
1765 1973 1818 2011 45
1847 1976 1917 2002 nos

354 2024 489 2060 contra
509 2025 678 2073 angusto
700 2025 901 2061 versantes
928 2024 1080 2072 proelia
1104 2024 1218 2068 lecto,
1238 2025 1304 2062 ubi
1323 2023 1630 2069 Laelmzannus;
1649 2023 1858 2061 Lucretius
1875 2036 1919 2062 1v

356 2079 438 2128 843
455 2084 497 2119 at
516 2085 652 2120 contra
673 2083 847 2121 conferre
866 2095 987 2120 manu
1008 2084 1224 2121 certamina
1243 2095 1411 2133 pugnae,
1426 2083 1593 2120 Plautus
1605 2081 1745 2130 Amph.
1759 2091 1838 2130 227
1855 2084 1916 2120 tu-

354 2141 426 2178 bae
453 2144 589 2179 contra
614 2143 814 2191 utrimque
841 2144 1058 2189 occanunt;
1077 2143 1123 2190 cf.
1138 2154 1307 2190 prooem.
1330 2138 1513 2193 1881s82
1530 2154 1572 2189 p,
1595 2149 1656 2189 17.
1675 2142 1732 2179 Il.
1754 2154 1811 2179 ΧΗ
1833 2149 1913 2189 377

355 2199 429 2238 σὺν
455 2196 492 2238 δ’
515 2199 700 2252 ἐβάλοντο
721 2201 915 2253 μάχεσθαι
941 2200 1134 2246 ἐναντίον,
1154 2196 1251 2254 ὦρτο
1279 2200 1319 2239 δ’
1339 2199 1449 2251 ἀυτή.
1473 2201 1665 2249 Vergil-ius
1685 2203 1812 2239 autem
1832 2212 1918 2239 cwm

355 2260 486 2297 scribit
498 2259 594 2298 Aere..
614 2273 638 2297 x
656 2270 679 2307 3
687 2269 738 2308 55
751 2273 829 2309 sqq.
845 2273 988 2311 magno
1006 2260 1203 2299 discordes
1221 2260 1376 2298 aethere
1393 2261 1502 2298 venti
1518 2260 1668 2310 proelia
1685 2272 1755 2297 ceu
1771 2260 1920 2298 tollunt

357 2320 497 2356 animis
519 2321 558 2356 et
576 2320 727 2358 viribus
749 2321 902 2369 aequis:
923 2332 1000 2357 non
1021 2321 1098 2369 ipsi
1117 2321 1220 2358 inter
1239 2332 1291 2368 se,
1310 2332 1388 2358 non
1409 2319 1556 2367 nubila,
1570 2332 1649 2357 non
1668 2332 1777 2357 mare
1797 2319 1918 2367 cedjt3

357 2389 497 2426 anceps
522 2391 657 2428 pugna
683 2379 768 2427 diu3
795 2381 903 2417 stant
929 2378 1073 2416 obnixa
1092 2379 1225 2417 omnia
1251 2381 1437 2417 contra:
1463 2378 1569 2416 haud
1589 2379 1706 2416 aliter
1724 2378 1918 2416 Troianae

357 2437 458 2473 acies
479 2438 658 2486 aciesque
668 2437 835 2476 Latinae
855 2440 1163 2487 concurrunt,
1177 2438 1341 2476 haeret
1359 2437 1476 2487 pede
1494 2449 1574 2487 pes
1600 2437 1820 2487 densusque
1833 2438 1918 2475 viro

356 2496 429 2539 vir,
451 2498 485 2532 et
508 2496 619 2534 illum
643 2509 758 2535 usum
782 2500 933 2536 secutus
960 2500 1015 2535 est
1040 2500 1074 2535 et
1098 2500 1214 2535 totam
1232 2498 1312 2545 fere
1330 2498 1540 2545 imaqinem
1560 2498 1755 2544 eoepwssst,
1773 2499 1818 2534 ut
1834 2496 1918 2534 En-

356 2555 489 2593 nianis
502 2566 648 2603 quoque
660 2556 728 2594 hoe
742 2557 908 2604 eoeemplo
921 2569 956 2594 v.
967 2565 1017 2603 57
1027 2565 1047 2592 2
1063 2569 1131 2606 pes
1145 2557 1339 2606 premitur
1350 2555 1448 2606 pede
1468 2557 1508 2593 et
1525 2555 1643 2593 armis
1661 2567 1771 2593 arma
1785 2557 1917 2593 terun-

357 2615 424 2651 tur
449 2614 720 2653 adhaerescere
738 2617 928 2663 potuerih·
947 2616 1015 2654 sed
1040 2617 1088 2663 cf.
1109 2617 1162 2654 ad
1188 2624 1267 2663 154
1394 2615 1478 2652 445
1506 2614 1607 2651 Indu
1625 2614 1679 2651 H.
1699 2614 1919 2662 Stephanus

358 2672 457 2710 endo
473 2672 678 2720 Gifam'us:
698 2674 787 2712 inde
795 2688 810 2721 ;
826 2675 875 2721 cf.
886 2674 1167 2713 Laehmannus
1185 2676 1238 2713 ad
1249 2675 1368 2713 Lucr.
1384 2686 1425 2712 v1
1441 2671 1526 2721 890
1620 2673 1829 2712 Lucretius
1846 2685 1878 2710 Π
1897 2682 1912 2708 1

357 2732 458 2769 mari
482 2744 626 2782 magno
651 2733 901 2772 turbantibus
928 2746 1100 2782 aequora
1117 2734 1246 2773 ventis
1386 2733 1471 2770 446
1492 2732 1632 2770 Noenu
1650 2731 1762 2770 decet
1780 2733 1919 2780 scripsi

358 2803 436 2829 non
456 2791 566 2829 decet
584 2791 648 2829 hic
661 2792 821 2830 Merula
928 2793 1035 2830 facta
1054 2792 1187 2831 labore
1201 2793 1296 2830 Nixi
1315 2793 1483 2830 militiae
1502 2791 1631 2829 Ianus
1643 2791 1792 2829 Dousa.
1812 2791 1920 2829 facta

358 2851 451 2888 clio-it
467 2854 512 2888 ut
528 2863 610 2888 var.
630 2860 694 2889 20.
707 2860 756 2886 22
768 2865 782 2896 ‚·
801 2852 846 2898 ef.
861 2852 963 2889 Ptin.
979 2853 1084 2899 epist.
1099 2864 1130 2889 11
1150 2860 1218 2901 7‚2
1242 2853 1310 2900 qui
1329 2851 1444 2889 decus
1465 2850 1571 2888 istud
1597 2850 1737 2888 sudore
1763 2852 1803 2888 et
1829 2862 1917 2887 san-

362 2910 479 2957 guine
499 2911 539 2947 et
558 2910 673 2948 factis
694 2910 1011 2959 adsequebantur
