2004 3278
321 213 427 249 CCVI
813 210 856 244 H.
882 209 946 244 DE
972 208 1127 244 LIBRIS
1152 207 1385 243 ENNIANIS

320 337 431 362 cessu
462 322 738 372 prodeuntem3
773 322 883 359 cuius
915 333 1058 359 nomen
1089 321 1160 370 qui
1189 320 1310 359 habet
1340 333 1475 359 versus
1507 315 1588 374 (111)
1623 322 1690 369 qui
1723 321 1884 369 cupiant

317 384 412 421 dare
431 394 545 420 arma
563 381 721 426 Achilli,
745 383 789 418 ut
812 382 890 428 ipsi
915 382 1090 419 cunctent
1114 374 1375 433 (quamquam
1398 379 1635 419 Ribbeckius
1664 379 1880 429 depravare

316 442 459 480 maluit
484 453 604 490 quam
629 434 870 493 intelligere)
896 439 1061 478 videbar
1084 439 1185 477 mihi
1209 439 1306 478 satis
1332 440 1438 477 certo
1459 438 1680 478 Homericis
1704 438 1880 478 versibus

317 503 357 538 et
388 500 518 538 verbis
542 499 731 549 Aeschyli
761 511 856 537 usus
887 499 1072 548 probasse
1103 499 1229 549 ipsius
1254 498 1421 537 Achillis
1453 510 1535 538 esse
1565 499 1633 548 qui
1665 498 1775 537 clade
1805 497 1880 536 Pa·

315 560 434 598 trocli
457 560 617 598 inermis
643 559 772 597 factus
799 571 929 597 secum
955 558 1148 597 deliberat
1172 558 1275 596 unde
1302 557 1376 595 sibi
1402 571 1511 596 arma
1535 560 1739 607 parentur,
1764 570 1882 607 quem

316 619 372 657 sic
397 619 508 668 loqui
534 618 704 656 arbitror
728 620 773 655 ut
798 618 1080 669 interrogando
1108 618 1193 665 (ubi
1216 617 1326 665 sunt)
1355 619 1422 665 qui
1453 619 1614 665 cupiant
1643 618 1738 656 dare
1768 628 1883 655 arma

317 678 465 716 Achilli
490 676 582 726 (quo
607 678 696 726 fiat)
722 680 765 715 iit
788 679 867 726 ipsi
891 680 1065 716 cunctent
1089 677 1218 715 nqus
1251 689 1334 715 esse
1365 676 1523 715 indicet.
1555 676 1615 714 Ex
1645 676 1719 715 1100
1750 677 1883 714 autem

317 750 431 776 versu
463 737 569 775 ultro
594 737 835 787 intelligitur
866 738 906 775 et
938 749 1039 786 quae
1069 736 1355 786 praecesserint
1386 737 1424 774 et
1451 748 1552 786 quae
1584 736 1664 774 sint
1693 736 1883 783 insecuta,

318 809 363 835 ac
389 809 431 833 1x
464 796 568 845 quod
600 796 746 834 dicitur
776 797 980 835 consilium
1013 796 1119 845 quod
1150 797 1400 845 exspectatur
1431 795 1592 834 Achivis
1624 795 1771 834 auoeilio
1798 795 1882 833 fore

317 858 484 906 apparet
515 868 594 894 non
626 868 708 894 esse
740 857 817 894 nisi
842 855 1009 894 Achillis
1034 855 1195 894 tandem
1220 856 1391 904 permoti
1423 857 1472 893 ut
1496 855 1623 893 instar
1655 855 1716 894 sui
1746 854 1882 892 Patro-

318 915 425 953 clum
451 916 531 954 suis
557 915 677 953 armis
703 915 888 953 indutum
914 927 1002 953 cum
1020 914 1335 964 Myrmidonibus
1360 915 1402 952 in
1428 914 1624 964 proelium
1650 914 1885 962 dimitteret3

318 976 386 1023 qui
417 975 450 1012 si
480 976 586 1012 recte
617 974 799 1025 intelligo
832 974 952 1012 verba
984 974 1261 1013 venustissima
1287 968 1351 1027 (x)
1386 973 1528 1023 quibus
1560 986 1631 1012 sua
1662 974 1746 1022 ipse
1772 985 1883 1011 arma

317 1033 535 1082 alloquitur
564 1033 749 1072 fiduciam
782 1046 980 1072 successus
1010 1033 1227 1083 profitetur.
1261 1032 1371 1078 Quae
1402 1033 1664 1082 insequuntur
1695 1045 1718 1070 a
1743 1044 1801 1070 ΧΠ
1834 1031 1884 1070 ad

316 1105 397 1142 XVI,
429 1093 610 1142 quamvis
635 1106 707 1142 per
731 1093 889 1144 singula
917 1093 1170 1143 interpretari
1194 1105 1273 1131 non
1298 1093 1430 1140 liceat,
1455 1094 1641 1131 universa
1665 1092 1771 1130 haud
1796 1091 1883 1130 obs-

317 1165 407 1190 cure
432 1152 600 1190 Achillis
632 1153 849 1190 certamina
873 1152 1063 1201 indicant,
1093 1165 1191 1202 quae
1224 1153 1257 1190 si
1289 1152 1388 1190 nihil
1420 1151 1529 1190 aliud
1561 1151 1883 1190 commemoratio

314 1211 549 1250 Scamandri
575 1206 682 1264 (xvi)
708 1212 851 1261 prodit.

435 1270 616 1319 Denique
641 1271 760 1308 tertia
785 1273 899 1320 parte
918 1270 1100 1309 Priamus
1127 1271 1354 1322 agnoscitur
1380 1272 1449 1320 qui
1468 1270 1518 1309 ad
1537 1270 1735 1309 Achillem
1754 1270 1886 1320 pergit

317 1329 435 1368 occisi
460 1329 641 1368 Hectoris
668 1332 713 1368 ut
738 1342 878 1380 corpus
897 1330 1077 1368 redimat.
1105 1330 1285 1369 Priamus
1312 1331 1416 1368 enim
1442 1332 1502 1368 est
1528 1331 1596 1379 qui
1616 1324 1740 1383 (xvn)
1767 1330 1884 1378 Myr-

315 1389 515 1428 midonum
540 1390 673 1438 vigiles
700 1390 887 1439 appellat,
921 1391 1034 1439 eique
1059 1390 1227 1428 forsitan
1254 1390 1428 1428 Achilles
1462 1390 1515 1428 sit
1547 1390 1617 1438 qui
1648 1389 1886 1438 respondeat

319 1443 468 1501 (xvm),
494 1449 528 1486 si
555 1448 713 1498 quidem
738 1449 811 1487 hoc
836 1449 1062 1487 Ennianum
1082 1448 1133 1487 ad
1157 1449 1259 1487 hanc
1278 1449 1526 1500 tragoediam
1544 1448 1808 1498 probabiliter
1826 1461 1884 1486 re-

316 1508 445 1546 latum
471 1509 540 1546 est.
568 1507 675 1552 Quae
700 1510 853 1546 restant
878 1508 1019 1547 incerti
1045 1509 1122 1546 loci
1148 1511 1251 1547 sunt.

436 1567 545 1605 Haec
576 1567 793 1617 tripertitio
815 1580 934 1617 quam
952 1569 1093 1617 putavi
1113 1568 1217 1606 ultro
1239 1581 1285 1606 ex
1303 1569 1400 1618 ipsis
1420 1567 1599 1617 reliquiis
1619 1567 1786 1606 emicare
1805 1579 1884 1605 non

315 1627 448 1675 potest
479 1639 558 1664 non
588 1627 630 1663 in
662 1627 893 1665 memoriam
918 1639 1102 1665 revocare
1128 1628 1208 1664 tria
1234 1627 1422 1676 Aeschyli
1452 1627 1645 1675 dramata,
1678 1626 1819 1675 quibus
1850 1627 1884 1663 is

317 1685 391 1724 hoc
415 1686 521 1723 idem
548 1688 823 1736 argumentum
848 1687 937 1735 pari
961 1699 1086 1736 paene
1107 1686 1259 1724 ambitu
1281 1687 1484 1724 exsecutus
1505 1687 1576 1734 est,
1602 1684 1884 1737 Μυρμιδόνας,

316 1744 545 1796 Νηρηίδας,
581 1745 742 1797 Φρύγας
767 1742 1003 1797 ἢἽῧκτορος
1028 1745 1158 1796 λύτρα.
1192 1745 1301 1790 Quae
1331 1745 1442 1783 nullo
1468 1747 1569 1783 teste
1595 1744 1662 1783 sed
1686 1744 1886 1794 probabili

317 1805 541 1842 coniectura
567 1805 795 1842 statuerunt
819 1806 952 1854 partes
979 1816 1061 1842 0550
1091 1805 1209 1842 11111115
1241 1805 1439 1855 trilogiae,
1472 1817 1552 1854 qua
1584 1816 1624 1842 se
1656 1817 1717 1843 res
1749 1806 1884 1854 gestae

316 1863 389 1901 hoc
414 1863 495 1901 fere
514 1863 630 1901 modo
657 1863 917 1913 excipiebant,
943 1865 990 1901 ut
1008 1863 1274 1912 Myrmidones
1294 1863 1524 1902 Patroclum
1550 1863 1599 1901 ab
1618 1863 1775 1902 Achille
1796 1875 1884 1901 cum

317 1922 402 1960 eius
429 1923 548 1960 armis
575 1924 614 1960 et
639 1923 762 1973 copiis
787 1923 829 1961 in
854 1935 1031 1973 pugnam
1055 1923 1218 1960 missum
1245 1924 1284 1960 et
1309 1924 1495 1971 occisum,
1523 1923 1712 1961 Nereides
1739 1922 1884 1960 Thetin

319 1993 406 2019 cum
431 1981 668 2020 Nereidibus
693 1995 797 2020 nova
823 1995 933 2020 arma
958 1982 1128 2020 Vulcani
1154 1984 1238 2020 arte
1264 1982 1461 2020 fabricata
1490 1981 1541 2019 ad
1566 1982 1763 2020 Achillem
1794 1995 1882 2031 por-

317 2042 482 2089 tantem,
508 2041 678 2090 denique
698 2041 876 2092 Phryges
903 2042 966 2079 vel
985 2041 1166 2080 Hectoris
1192 2041 1299 2091 lytra
1317 2041 1522 2079 Priamum
1541 2053 1681 2090 corpus
1700 2041 1883 2079 Hectoris

316 2100 575 2138 redimentem
601 2100 837 2138 exhiberent.
872 2099 1002 2145 Quare
1035 2102 1200 2150 apparet
1225 2100 1416 2149 Ennium,
1450 2102 1518 2150 qui
1549 2100 1656 2138 haud
1687 2099 1804 2138 dubie
1837 2113 1884 2138 ex

316 2159 435 2198 tertio
461 2172 597 2198 eorum
622 2160 800 2197 dramate
825 2160 1123 2209 inscriptionem
1148 2160 1208 2199 sui
1227 2162 1433 2198 mutuatus
1454 2162 1524 2209 est,
1550 2172 1652 2209 quae
1673 2159 1740 2198 ille
1758 2160 1883 2197 trium

316 2219 611 2270 tragoediarum
630 2220 730 2257 serie
752 2219 949 2268 explicata
970 2218 1141 2267 dederat,
1160 2219 1276 2257 unius
1296 2219 1525 2270 tragoediae
1543 2218 1700 2268 finibus,
1720 2231 1881 2256 normae

316 2278 579 2317 Aristoteleae
598 2279 854 2327 incuriosum,
875 2279 1121 2328 complexum
1141 2291 1233 2317 esse.
1256 2277 1379 2317 Cuius
1396 2278 1624 2329 tragoediae
1640 2279 1717 2316 iter
1730 2277 1882 2328 Hygini

315 2337 453 2376 fabula
481 2338 562 2376 106
596 2338 659 2376 cui
691 2351 737 2376 ex
762 2338 892 2376 Ennio
924 2338 1159 2387 inscriptum
1190 2339 1249 2376 est
1284 2338 1462 2376 Hectoris
1494 2338 1595 2386 lytra
1626 2338 1686 2375 ita
1715 2337 1881 2375 rettulit.

316 2396 585 2446 Ayamemnon
604 2397 823 2436 Briseidem
839 2428 845 2434 .
862 2428 869 2434 .
891 2409 935 2435 ex
949 2398 1086 2446 Mysia
1105 2398 1299 2445 captivam
1310 2400 1471 2444 propter
1489 2398 1639 2445 formae
1658 2397 1882 2445 dfiynitatem

317 2468 435 2504 quam
459 2455 629 2494 Achilles
662 2459 813 2504 ceperat
843 2457 891 2495 ab
917 2455 1067 2495 Achille
1099 2456 1261 2494 abdaoeit
1280 2486 1288 2493 .
1310 2485 1318 2493 .
1345 2455 1471 2504 Quam
1501 2456 1546 2493 ob
1577 2457 1681 2494 iram
1710 2454 1881 2493 Achilles

316 2516 359 2553 in
376 2516 573 2563 proelium
591 2526 669 2553 non
681 2516 878 2564 prodibat,
902 2516 969 2554 sed
988 2517 1138 2554 cithara
1156 2516 1199 2553 in
1218 2515 1465 2553 tabernaculo
1483 2526 1523 2552 se
1542 2515 1744 2552 exercebat.
1772 2513 1881 2562 Quod

318 2586 404 2612 cum
434 2574 576 2623 Arqivi
612 2575 661 2612 ab
698 2575 860 2613 Hectore
896 2576 1146 2623 fugarentur,
1182 2573 1352 2613 Achilles
1389 2574 1613 2621 obiurqatus
1648 2585 1673 2611 a
1703 2573 1881 2611 Patroclo

319 2645 433 2672 arma
462 2646 537 2671 saa
563 2635 596 2672 ei
621 2634 795 2678 tradidit,
826 2635 965 2682 quibus
989 2635 1054 2672 ille
1083 2634 1271 2672 Troianos
1301 2634 1453 2682 fuqavit
1481 2633 1725 2670 aestimantes
1749 2631 1881 2670 Achil-

320 2692 394 2731 lem
420 2704 508 2737 esse‚
539 2692 873 2741 Sarpedonemque
898 2693 1006 2731 Iovis
1032 2696 1065 2732 et
1089 2693 1275 2740 Europae
1298 2692 1426 2739 filium
1451 2691 1597 2730 occidit.
1630 2691 1768 2729 Postea
1797 2692 1880 2739 ipse

318 2752 520 2790 Patroclus
552 2752 601 2790 ab
632 2752 794 2790 Hectore
824 2753 1055 2799 interficitur
1086 2763 1274 2800 armaque
1305 2752 1339 2790 ei
1368 2753 1459 2788 sunt
1489 2750 1669 2789 detracta.
1701 2750 1879 2788 Patroclo

319 2812 439 2849 occiso
470 2809 640 2849 Achilles
671 2822 758 2849 cum
788 2810 1077 2859 Agamemnone
1107 2811 1207 2849 redit
1236 2812 1279 2848 in
1312 2810 1485 2859 qratiam
1516 2809 1807 2857 Briseidemque
1845 2809 1880 2847 ei

318 2870 496 2908 reddidit.
532 2870 631 2908 Tum
655 2872 789 2908 contra
807 2871 1009 2908 Hectorem
1034 2882 1121 2908 cum
1145 2871 1305 2908 inermis
1322 2869 1528 2917 prodisset,
1557 2868 1689 2906 Thetis
1712 2870 1836 2906 mater
1854 2879 1879 2905 a

326 2929 498 2967 Vulcano
517 2940 631 2967 arma
651 2930 685 2968 ei
702 2930 933 2977 impetravit,
952 2941 1050 2978 qaae
1067 2929 1252 2968 Nereides
1264 2939 1340 2976 per
1357 2939 1465 2967 mare
1484 2927 1704 2966 attulerunt.
1732 2926 1879 2976 Quibus
