2004 3278
279 176 423 212 CLXIV
796 174 840 210 H.
868 173 931 208 DE
950 172 1105 207 LIBRIS
1123 171 1354 207 ENNIANIS

276 289 453 326 Feretrio
478 286 670 336 templum
690 298 714 323 a
732 285 901 323 Romulo
920 284 1068 323 victore
1091 283 1333 332 aedificatur,
1357 285 1670 323 vetustissimum
1688 285 1837 324 Romae

277 342 433 399 (Livius
453 358 468 383 1
490 347 556 393 10,
578 339 642 397 7):
668 357 748 393 qua
773 345 976 383 occasione
1003 355 1101 393 quos
1126 343 1239 382 ludos
1264 344 1455 382 Romulus
1480 344 1656 383 instituit
1685 345 1836 383 Ennius

274 408 316 443 in
341 404 549 443 annalibus
567 405 794 454 persecutus
814 405 901 441 erat
922 404 1024 441 teste
1043 402 1256 441 scholiasta
1274 402 1403 452 Bern.,
1425 405 1493 452 qui
1511 416 1634 454 genus
1653 403 1836 442 ludorum

275 464 462 502 describit
488 457 577 516 (m).
603 462 668 500 Ad
694 474 791 512 quos
817 475 918 512 quae
942 464 1147 512 praeterea
1173 462 1462 511 adscribuntur,
1485 476 1629 513 parum
1653 462 1744 500 fidei
1768 463 1837 501 ha-

274 523 363 561 bere
388 523 474 561 visa
500 524 602 561 sunt.

394 582 455 620 De
479 582 583 620 bello
610 593 699 620 cum
723 581 821 630 ipsis
849 581 1004 619 Sabinis
1031 582 1142 631 gesto
1168 593 1247 618 non
1271 581 1441 618 multum
1465 581 1560 619 licet
1588 594 1608 618 e
1639 581 1837 632 fragmen-

275 643 405 679 torum
430 642 626 679 tenuitate
652 640 861 690 dispicere:
893 640 935 677 in
959 640 1120 678 initium
1144 639 1239 678 belli
1263 640 1395 691 relego
1425 642 1521 678 satis
1553 640 1762 691 ambiguae
1792 643 1838 678 ut

274 702 400 739 sentio
421 701 523 739 sedis
541 700 807 751 fragmentum
826 712 915 737 Lm:
936 700 1127 738 adiuvant
1146 700 1371 748 opinionem
1385 698 1548 738 Ovidius
1562 702 1653 738 met.
1668 712 1737 739 xtv
1753 701 1835 737 775

279 761 487 808 Tatiusque
513 762 722 807 patresque
758 759 898 797 Sabini
935 759 1033 797 bella
1064 761 1221 807 gerunt,
1259 760 1434 807 arcisque
1470 761 1537 798 via
1571 760 1741 807 Tarpeia
1779 771 1837 797 re-

275 819 384 858 clusa
409 819 569 867 diynam
595 820 770 856 animam
787 829 918 866 poena
943 819 1126 866 conyestz's
1153 819 1257 856 exuit
1286 820 1420 857 armis.
1451 819 1541 857 inde
1564 820 1642 857 sati
1669 818 1838 857 Curibus

275 880 478 916 tacitorum
508 889 612 916 more
643 878 824 925 luporum
855 889 919 915 ore
942 880 1129 924 premunt
1158 888 1264 915 voees
1299 880 1333 915 et
1370 888 1568 925 corpora
1605 879 1731 916 vieta
1766 889 1839 916 so-

268 948 383 985 pore
414 937 663 981 invadunt,
700 938 740 975 et
770 936 985 985 Dionysius
1016 936 1144 974 Halic.
1165 949 1195 974 11
1216 937 1283 984 38,
1306 938 1327 974 1
1362 934 1506 987 μαθὼν
1538 934 1579 975 δὲ
1612 935 1683 986 τὴν
1717 950 1838 988 παρα-

279 994 424 1046 σκευὴν
457 994 587 1034 αὐτῶν
615 995 754 1042 Τάτιος
786 993 806 1033 ὁ
838 1001 915 1033 τῶν
940 995 1130 1047 Σαβίνων
1160 994 1341 1046 βασιλεὺς
1374 995 1542 1042 νυκτὸς
1567 994 1838 1045 ἀναστήσας

274 1054 358 1094 τὸν
390 1054 593 1107 στρατὸν
624 1049 705 1106 ἦγε
737 1053 813 1092 διὰ
844 1059 924 1105 τῆς
955 1054 1126 1106 χώρας,
1159 1054 1236 1092 nisi
1268 1055 1356 1103 quis
1382 1055 1484 1093 forte
1508 1055 1611 1092 hunc
1639 1068 1684 1092 ex
1710 1056 1838 1104 primo

277 1115 442 1152 citatum
466 1127 623 1152 versum
649 1126 736 1152 cam
759 1125 945 1162 superum
969 1115 1099 1152 lamen
1122 1125 1199 1151 noae
1222 1115 1448 1161 intempesta
1473 1117 1613 1152 teneret
1642 1114 1757 1152 malit
1789 1114 1839 1151 ad

276 1175 425 1212 exitum
450 1173 608 1211 Romuli
642 1174 681 1211 et
712 1172 763 1210 ad
795 1185 882 1211 eam
914 1185 1014 1222 quae
1046 1175 1131 1210 tum
1163 1174 1249 1211 erat
1273 1173 1533 1211 defectionem
1559 1173 1652 1211 solis
1676 1173 1839 1211 referre:

276 1234 324 1271 cf.
350 1233 587 1271 Plutarchus
612 1232 769 1271 Romul.
792 1233 859 1279 27,
882 1233 918 1269 6.
945 1233 1007 1270 Fr.
1029 1245 1097 1271 mv
1118 1231 1285 1270 Sabinas
1309 1233 1351 1269 in
1376 1232 1525 1270 medios
1550 1232 1682 1270 hostes
1708 1245 1748 1271 se
1779 1234 1839 1270 in-

276 1292 444 1330 ferentes
463 1292 637 1341 proclive
659 1293 719 1329 est
738 1303 965 1341 agnoscere3
986 1303 1239 1340 quamquam,
1260 1304 1360 1340 quae
1381 1293 1441 1328 est
1458 1291 1598 1329 harum
1612 1304 1744 1329 rerum
1758 1304 1837 1329 am-

275 1351 462 1401 biguitas,
483 1351 604 1388 etiam
622 1352 827 1399 raptarum
846 1352 1029 1400 parentes
1050 1350 1127 1388 dici
1146 1352 1331 1399 poterant
1348 1354 1559 1389 maerentes
1578 1352 1709 1398 flentes
1725 1351 1841 1389 lacri-

275 1413 423 1449 mantes
447 1411 755 1449 commiserantes
781 1410 863 1447 scil.
889 1410 1090 1447 fortunam
1114 1411 1322 1459 raptarum
1348 1411 1552 1448 circumire
1580 1412 1619 1448 et
1644 1411 1840 1448 concitare

276 1470 471 1519 civitates,
502 1470 548 1507 ut
578 1468 659 1507 fere
690 1468 828 1507 Livius
848 1481 863 1506 1
884 1470 951 1517 10,
974 1471 995 1507 1
1030 1471 1178 1516 narrat,
1210 1469 1277 1507 sed
1308 1482 1386 1507 non
1418 1482 1517 1520 nego
1550 1470 1666 1507 huius
1697 1470 1840 1507 incerti

275 1541 431 1577 versus,
462 1529 531 1578 qui
563 1528 668 1578 quod
699 1529 820 1566 moris
853 1530 913 1566 est
944 1528 1166 1566 cumulatas
1197 1528 1317 1566 habet
1347 1528 1651 1578 participiorum
1682 1529 1840 1576 formas,

275 1600 390 1638 posse
415 1588 537 1626 etiam
562 1588 662 1625 alias
688 1588 911 1625 occasiones
936 1588 1111 1637 reperiri.
1138 1587 1184 1624 In
1210 1588 1271 1626 his
1294 1587 1645 1637 disceptationibus
1665 1589 1710 1637 si,
1737 1587 1840 1637 quod

275 1647 361 1686 fieri
385 1647 561 1697 potuisse
587 1648 771 1694 concessi,
796 1647 956 1684 incertis
981 1646 1160 1685 versibus
1185 1659 1243 1686 vn
1262 1648 1302 1684 et
1320 1660 1393 1686 Vm

561 1705 656 1754 Quis
673 1709 790 1753 pater
816 1708 885 1744 aut
908 1709 1091 1754 cognatus
1116 1706 1214 1744 volet
1237 1717 1303 1744 vos
1328 1709 1461 1744 eontra
1486 1708 1587 1745 tueri

559 1764 858 1803 Aversabantur
881 1776 1030 1813 semper
1053 1776 1119 1803 vos
1144 1768 1345 1813 vestraque
1369 1766 1472 1803 volta

255 1870 259 1875 .
279 1826 387 1863 locus
414 1826 511 1873 erat,
535 1823 777 1874 intelligitur
801 1824 898 1862 haec
922 1824 1090 1862 Romani
1116 1836 1209 1872 esse,
1235 1825 1403 1862 fortasse
1428 1825 1554 1874 ipsius
1574 1824 1744 1872 Romuli,
1770 1825 1841 1873 qui

277 1896 367 1922 cum
390 1885 527 1933 raptas
554 1883 604 1921 ad
624 1883 905 1922 consolandum
923 1885 1102 1922 vocasset
1122 1878 1311 1936 (Macrob.
1333 1883 1413 1921 Sat.
1434 1897 1449 1921 1
1470 1885 1506 1932 6,
1530 1878 1602 1935 16)
1624 1896 1689 1921 eas
1708 1896 1839 1921 mone—

278 1943 360 1991 bat,
385 1944 430 1980 ut
455 1956 543 1981 cum
568 1943 760 1980 Romanis
788 1943 885 1981 viris
911 1943 991 1981 suis
1017 1944 1120 1980 stare
1146 1943 1322 1981 mallent.
1349 1942 1425 1980 Sed
1452 1945 1494 1980 ut
1520 1943 1600 1980 dixi
1619 1943 1715 1980 haec
1734 1955 1842 1980 mera

280 2002 520 2052 opinatione,
552 2002 663 2040 nullo
694 2002 922 2040 testimonio
952 2002 1166 2040 adiuvante
1192 2004 1434 2040 statuuntur.
1467 2002 1636 2050 Reliqua
1661 2002 1698 2039 h.
1726 2015 1757 2039 e.
1777 2014 1839 2040 Lv.

277 2074 460 2101 LV1.LV11
485 2061 680 2099 Hersiliae
705 2060 826 2100 verba
852 2073 933 2099 esse
958 2061 1162 2111 probabile
1188 2063 1227 2099 et
1253 2074 1299 2099 ex
1323 2063 1436 2110 parte
1468 2061 1563 2098 olim
1594 2061 1840 2098 intellectum

279 2122 348 2159 est.
373 2121 438 2159 Ad
463 2134 547 2159 rem
565 2121 664 2158 facit
682 2120 779 2158 haec
799 2121 848 2158 ab
867 2120 914 2158 A.
937 2119 1064 2158 Gellio
1084 2134 1119 2157 n.
1140 2120 1187 2158 A.
1209 2133 1282 2158 xm
1304 2122 1370 2169 23,
1388 2122 1439 2158 13
1461 2119 1611 2158 tradita
1631 2119 1698 2157 Cn.
1721 2119 1840 2158 Gellii

280 2193 300 2218 e
319 2180 438 2218 tertio
459 2180 595 2218 annali
614 2180 808 2218 narratio:
834 2181 1063 2224 Hersiliam,
1089 2192 1175 2218 cam
1195 2180 1302 2227 apud
1325 2180 1365 2217 T.
1390 2180 1546 2218 Tatium
1566 2180 1682 2217 verba
1699 2181 1842 2227 faceret

272 2251 483 2287 pacemque
507 2241 647 2284 oraret,
672 2241 729 2277 ita
749 2241 949 2287 precatam
974 2251 1053 2278 esse
1080 2235 1244 2277 ‘Neria
1262 2240 1440 2277 Martis
1466 2242 1505 2277 te
1530 2239 1732 2283 obsecro,
1750 2250 1840 2286 pa-

279 2310 371 2337 cem
402 2299 478 2343 da,
510 2301 555 2343 te,
585 2300 644 2336 uti
674 2299 788 2337 liceat
815 2300 964 2346 nuptiis
988 2299 1167 2346 propriis
1199 2301 1233 2336 et
1254 2300 1457 2346 prosperis
1482 2300 1550 2342 uti,
1581 2298 1683 2346 quod
1713 2297 1759 2335 de
1783 2299 1841 2335 tui

278 2359 452 2406 coniuyis
477 2358 635 2396 consilio
661 2358 826 2406 contiyit,
851 2359 909 2396 uti
932 2369 1002 2396 nos
1027 2358 1159 2396 itidem
1177 2358 1347 2405 inteqras
1366 2359 1556 2404 raperent,
1584 2357 1683 2395 ande
1702 2357 1840 2395 liberos

278 2417 355 2455 sibi
386 2419 420 2455 et
448 2418 544 2465 sais,
568 2419 743 2464 posteros
767 2418 926 2465 patriae
950 2412 1170 2465 pararent?
1212 2415 1393 2454 Ceterum
1425 2415 1472 2453 de
1502 2415 1677 2453 Hersilia
1708 2416 1841 2453 confer

279 2475 484 2514 Plutarchi
503 2476 656 2514 Romul.
677 2488 707 2514 c.
725 2477 777 2513 18
800 2478 839 2514 et
862 2478 914 2514 19
935 2477 1172 2525 Dionysium
1190 2475 1317 2513 Halic.
1331 2487 1363 2512 11
1376 2475 1445 2523 45,
1461 2476 1498 2512 2.
1517 2474 1580 2512 Fr.
1594 2487 1674 2523 Lvr,
1694 2474 1741 2512 de
1762 2487 1839 2523 quo

278 2535 434 2573 Merula
464 2534 663 2572 mirabilia
695 2536 946 2585 excogitavit,
980 2535 1153 2573 Hersilia
1185 2546 1339 2572 sumens
1372 2534 1419 2572 de
1451 2533 1586 2572 suibus
1619 2534 1839 2583 exemplum

279 2595 477 2632 Romanos
499 2593 741 2643 Sabinosque
768 2607 791 2632 a
815 2595 1028 2644 pugnando
1054 2593 1186 2632 studet
1211 2606 1354 2641 arcere,
1379 2594 1488 2631 cuius
1515 2594 1597 2630 vim
1622 2593 1839 2631 sententiae

278 2655 322 2691 in
341 2653 429 2691 adn.
450 2653 620 2702 explicui
638 2653 801 2691 Hesiodi
821 2653 1014 2703 exemp103
1040 2655 1220 2702 poteram
1240 2653 1381 2691 addere
1401 2652 1491 2701 alia,
1511 2653 1623 2690 velut
1641 2652 1784 2701 Lysiae
1805 2653 1839 2689 si

281 2714 376 2751 sunt
401 2708 459 2766 (2,
482 2706 555 2763 19)
582 2711 737 2763 θηρίων
762 2709 833 2762 μὲν
859 2710 973 2763 ἔργον
999 2707 1097 2751 εἶναι
1125 2709 1187 2750 ὑπ’
1211 2710 1386 2761 ἀλλήλων
1405 2710 1485 2764 βίᾳ
1504 2714 1745 2762 κρατεῖσθαι,
1770 2708 1840 2748 ἀν-

280 2770 458 2823 θρώποις
479 2768 520 2810 δὲ
539 2769 751 2822 προσήκειν
771 2769 879 2825 νόμῳ
900 2768 1027 2822 ὁρίσαι
1046 2770 1087 2810 τὸ
1108 2770 1274 2821 δίκαιον,
1295 2772 1334 2808 et
1353 2769 1488 2808 Cicero
1509 2764 1575 2821 (de
1596 2770 1657 2807 off.
1671 2782 1686 2806 1
1703 2771 1768 2817 11,
1784 2770 1839 2806 34

282 2831 369 2869 coll.
389 2843 405 2868 1
426 2831 494 2879 23,
515 2824 589 2882 81)
616 2829 691 2867 duo
713 2841 856 2878 yenera
881 2830 1102 2868 decertandi
1127 2842 1206 2868 esse
1230 2829 1378 2877 scribit,
1408 2841 1531 2866 unum
1554 2840 1629 2876 per
1654 2829 1840 2875 discepta-

282 2891 434 2935 tionem,
459 2890 625 2928 alterum
641 2900 716 2937 per
740 2890 848 2933 vim,
873 2889 973 2927 illud
984 2891 1194 2937 proprium
1211 2890 1388 2932 hominis,
1413 2889 1480 2926 hoc
1500 2888 1712 2931 beluarum,
1737 2887 1841 2924 unde
