2054 3282
709 185 944 222 HECTORIS
972 185 1134 221 LYTRA
1620 183 1701 226 147

908 304 941 339 V

144 367 228 410 173
261 367 365 418 Quis
391 367 453 409 ibi
477 381 564 409 non
590 369 654 408 est
680 366 928 408 vulneratus
954 366 1066 408 ferro
1091 366 1259 422 Brugio

900 471 950 506 VI

145 533 229 575 174
1012 533 1123 574 ferro
1150 532 1309 574 foedati
1337 532 1475 573 iacent

513 687 515 691 ι
887 636 954 671 Vn

145 698 228 740 175
260 698 422 740 Hector
447 698 520 753 qui
546 698 659 740 haud
686 701 824 740 cessat
850 698 1116 740 obsidionem
1144 697 1352 740 obducere

876 802 959 837 VIII

145 865 227 907 176
564 909 566 912 .
1011 864 1053 905 vi
1078 863 1370 918 patefecerunt
1394 864 1563 920 Bruges

140 1006 216 1036 vm,
230 993 426 1039 probatur;
441 993 488 1028 de
501 992 642 1036 fabula,
657 992 747 1028 olim
759 991 943 1038 Bergkius
955 995 1052 1038 (opp.
1066 1006 1079 1026 1
1092 1004 1127 1037 p.
1141 994 1222 1038 223)
1235 1003 1279 1027 ea
1293 992 1431 1027 Achilli
1447 992 1609 1027 adscribi
1623 1003 1706 1027 sua—

141 1047 200 1091 sit,
215 1058 325 1093 quem
339 1058 423 1082 cum
435 1046 643 1081 Ribbeckio
658 1047 805 1081 secutus
816 1057 934 1090 eram3
948 1047 1079 1091 postea
1090 1045 1318 1081 Ribbeckius
1329 1046 1409 1091 ipse
1420 1045 1606 1080 intellexit
1615 1046 1707 1080 haec

140 1100 277 1134 rectius
299 1099 470 1134 Hectoris
488 1099 597 1145 lytris
621 1100 788 1143 attribui,
810 1100 841 1134 si
864 1100 1017 1145 quidem
1039 1100 1135 1134 hanc
1158 1099 1392 1145 tragoediam
1414 1099 1648 1134 Patrocleam
1671 1102 1708 1134 et

141 1164 396 1198 quaecumque
409 1153 642 1188 Patrocleam
663 1153 937 1189 antecedebant
956 1153 1044 1188 inde
1065 1153 1112 1188 ab
1123 1151 1393 1199 Ἀγαμέμνονος
1407 1151 1574 1201 ἀριστείᾳ
1589 1152 1641 1198 (Il.
1657 1155 1706 1198 xi)

140 1217 257 1252 usque
272 1207 319 1242 ad
333 1207 495 1242 solutum
508 1207 679 1242 Hectoris
694 1218 826 1253 corpus
841 1207 1072 1252 complexam
1092 1217 1171 1241 esse
1192 1217 1236 1241 ex
1253 1206 1362 1241 certis
1382 1205 1533 1241 indiciis
1554 1217 1708 1252 cognos-

142 1260 247 1295 citur.

259 1314 292 1349 V
312 1316 408 1360 (173)
448 1314 573 1349 Cicero
598 1325 665 1359 pro
684 1314 791 1349 Rosc.
806 1314 887 1349 Am.
903 1318 958 1357 32,
974 1317 1017 1348 89
1040 1313 1197 1349 ‘multos
1218 1325 1344 1349 caesos
1364 1326 1438 1349 non
1458 1314 1507 1349 ad
1525 1313 1707 1348 Trasime-

141 1379 229 1401 num
248 1367 371 1402 lacum
388 1368 453 1402 sed
473 1368 521 1402 ad
536 1367 730 1402 Servilium
743 1367 913 1402 vidimus.
926 1367 958 1387 ⁹⁰
971 1367 1077 1412 «quis
1097 1367 1150 1402 ibi
1168 1379 1242 1404 non
1261 1372 1312 1403 est
1328 1380 1358 1402 v.
1373 1367 1398 1402 f.
1407 1368 1619 1415 phryyio‘?»
1634 1378 1708 1402 non

141 1432 290 1456 necesse
305 1422 361 1455 est
374 1432 499 1456 omnes
515 1421 826 1456 commemorare.'
838 1421 958 1455 Schol.
969 1420 1123 1455 Gronov.
1136 1420 1176 1455 in
1188 1421 1223 1455 h.
1232 1421 1255 1455 l.
1266 1433 1300 1466 p.
1310 1425 1391 1464 434,
1402 1425 1419 1455 1
1432 1421 1490 1456 Or.
1503 1420 1613 1455 ‘ferro
1627 1421 1708 1464 fru-

139 1475 214 1520 yio:
242 1474 281 1508 in
301 1474 420 1509 Ennio
440 1475 534 1509 haec
554 1474 683 1509 fabula
702 1474 903 1518 inducitur,
923 1473 1087 1509 Achilles
1108 1486 1181 1519 quo
1201 1476 1367 1520 tempore
1388 1475 1456 1520 (sic
1475 1474 1597 1517 Ribb„
1618 1474 1706 1509 ind.

142 1527 357 1570 Achillis,
386 1538 469 1572 quo
495 1529 520 1562 t.
542 1527 656 1573 vulg.)
681 1529 833 1573 propter
857 1528 1066 1562 Briseidam
1092 1539 1175 1562 cum
1201 1528 1351 1563 Graecis
1377 1539 1545 1574 pugnare
1570 1527 1708 1571 noluit3

142 1592 215 1625 quo
232 1581 346 1616 etiam
359 1583 525 1626 tempore
539 1581 676 1616 Hector
689 1581 846 1616 classem
865 1592 991 1616 eorum
1010 1581 1186 1616 incendit.
1209 1582 1247 1616 in
1264 1582 1335 1616 hac
1348 1593 1476 1627 pugna
1490 1581 1616 1616 Ulixes
1630 1581 1708 1615 vul-

141 1635 291 1669 neratus
312 1635 501 1669 inducitur
515 1636 552 1669 et
568 1634 715 1680 fugiens
730 1635 806 1680 (ad)
820 1635 992 1670 Achillen
1006 1635 1115 1670 venit.
1131 1646 1215 1669 cum
1228 1635 1520 1681 interrogaretur
1534 1635 1579 1670 ab
1594 1635 1708 1670 Aiace

142 1688 343 1733 (Achille
363 1687 546 1733 Bergkius
562 1690 689 1734 prave)
705 1700 769 1723 cur
788 1688 957 1734 fugisset,
972 1688 1036 1723 ille
1055 1690 1098 1723 ut
1118 1688 1256 1723 celaret
1276 1689 1436 1724 dedecus
1456 1689 1588 1723 vitium
1602 1689 1708 1733 «quis

141 1742 236 1777 enim
249 1742 463 1776 vulneratus
477 1741 573 1776 ferro
587 1742 746 1788 fruyio».
760 1743 797 1777 et
810 1753 882 1786 quo
897 1742 1020 1776 tendit
1032 1742 1125 1777 haec
1138 1741 1293 1777 fabula?
1306 1771 1312 1777 .
1324 1771 1330 1776 .
1342 1743 1365 1777 .'
1440 1743 1602 1777 Rectene
1616 1742 1708 1777 haec

142 1795 253 1830 schol.
266 1795 472 1830 narraverit
484 1795 620 1838 omnia,
633 1795 819 1830 dubitatio
835 1796 907 1839 est;
922 1795 987 1830 sed
1001 1806 1045 1830 ea
1058 1795 1258 1830 maluimus
1274 1796 1322 1830 ad
1332 1796 1502 1830 Hectoris
1516 1796 1614 1840 lytra
1626 1807 1709 1830 cum

140 1848 346 1883 Ribbeckio
361 1859 474 1893 quam
493 1860 577 1883 cum
589 1848 751 1894 Bergkio
773 1849 821 1883 ad
840 1848 1025 1883 Achillem
1043 1848 1190 1884 referre.
1207 1848 1259 1883 Cf.
1275 1862 1316 1884 111
1337 1851 1374 1884 et
1387 1849 1524 1895 Hygin.
1539 1849 1614 1884 fab.
1629 1853 1706 1883 106.

260 1902 311 1936 VI
324 1903 422 1948 (174)
449 1902 596 1937 Servius
608 1902 792 1937 Danielin.
806 1902 845 1936 in
856 1902 945 1937 Aen.
959 1916 1000 1936 111
1015 1906 1081 1936 241
1097 1915 1132 1947 p.
1143 1905 1222 1945 384,
1233 1906 1276 1936 22
1289 1903 1385 1937 Thil.
1401 1902 1566 1938 ‘foedare
1581 1914 1708 1937 cruen-

141 1957 231 1990 tare.
246 1955 387 1989 Ennius
402 1955 521 1992 «ferro
535 1955 678 1990 foedati
691 1956 865 1991 iacent».’
966 1955 1072 1998 Quod
1093 1967 1176 1990 cum
1190 1969 1211 1990 v
1225 1957 1264 1990 in
1285 1956 1443 1991 eundem
1463 1956 1586 1990 nuntii
1606 1958 1708 1991 teno-

141 2020 219 2043 rem
245 2009 420 2054 coniungi
445 2020 553 2053 posse
579 2009 708 2053 putavi
735 2009 817 2043 coll.
838 2009 878 2042 Il.
900 2022 936 2042 XI
958 2012 1024 2042 657
1053 2008 1142 2044 οὐδέ
1160 2022 1195 2043 τι
1215 2006 1318 2044 οἶδεν
1339 2007 1527 2056 (Ἀχιλεύς)
1546 2009 1709 2050 πένθεος

143 2060 252 2098 ὅσσον
273 2061 388 2106 ὄρωρε
407 2061 503 2097 κατὰ
523 2061 694 2106 στρατόν·
712 2061 747 2096 οἱ
761 2061 830 2106 γὰρ
853 2061 996 2105 ἄριστοι
1011 2061 1051 2096 ἐν
1066 2063 1198 2107 νηυσὶν
1212 2061 1340 2097 κέαται
1357 2061 1575 2108 βεβλημένοι
1598 2062 1708 2097 οὐτά-

142 2113 247 2160 μενοί
264 2128 313 2150 τε.
335 2114 507 2161 βέβληται
520 2115 586 2159 μὲν
601 2114 619 2149 ὁ
636 2113 818 2160 Τυδείδης
834 2144 839 2149 .
854 2143 860 2149 .
875 2114 1070 2149 ,οὔτασται
1084 2112 1121 2149 δ’
1135 2112 1308 2156 Ὀδυσεύς
1321 2117 1393 2150 κτλ.
1410 2114 1461 2149 Cf.
1471 2115 1560 2150 ibid.
1571 2119 1639 2150 825
1654 2128 1706 2160 sq.

143 2170 180 2203 et
198 2182 259 2204 xv1
280 2172 334 2202 23.
357 2167 463 2210 Quod
484 2168 532 2202 ad
552 2167 760 2213 exemplum
779 2168 899 2212 possis
919 2167 1139 2202 hariolando
1159 2168 1257 2203 hunc
1279 2168 1431 2213 plenum
1450 2170 1708 2204 tetrametrum

144 2221 289 2256 efficere
312 2221 465 2266 ‘optimi
486 2221 550 2266 qui
569 2220 719 2256 fuerant
738 2232 864 2256 omnes
884 2220 981 2256 ferro
1001 2221 1144 2255 foedati
1164 2221 1315 2256 iacent'

261 2275 328 2310 VII
348 2277 445 2321 (175)
477 2275 608 2309 Festus
629 2285 672 2310 ex
692 2285 818 2320 apogr.
834 2274 856 2308 l.
872 2287 934 2309 xxv
946 2286 981 2319 p.
998 2278 1077 2317 234,
1093 2278 1137 2308 22
1152 2275 1217 2309 Th.
1236 2275 1489 2310 ‘obsidionem
1508 2276 1632 2321 potius
1653 2277 1708 2310 di-

144 2329 301 2364 cendum
321 2339 399 2364 esse
420 2339 532 2373 quam
546 2328 732 2363 obsidium
746 2329 899 2363 adiuvat
912 2339 978 2363 nos
992 2328 1205 2364 testimonio
1221 2339 1285 2363 suo
1300 2329 1440 2363 Ennius
1455 2330 1494 2364 in
1508 2329 1707 2364 Telamone

144 2394 255 2427 quom
270 2383 324 2417 ait
337 2383 402 2429 [v].
417 2382 507 2417 item
522 2382 595 2417 alio
610 2382 690 2417 loco
706 2382 867 2418 «Hector
882 2410 887 2416 .
903 2411 908 2416 .
923 2410 929 2416 .
945 2382 1179 2418 obducere».’
1254 2383 1313 2416 Ad
1327 2383 1423 2417 hanc
1437 2382 1605 2418 fabulam
1619 2383 1708 2418 olim

143 2436 312 2478 relatum,
334 2437 372 2470 et
396 2435 555 2470 conferri
579 2436 736 2480 possunt
761 2446 805 2470 ex
824 2435 864 2469 Π.
882 2449 934 2469 xn
955 2447 1038 2470 cum
1058 2435 1134 2470 alia
1153 2437 1233 2470 tum
1252 2438 1296 2470 88
1318 2435 1353 2471 οἳ
1381 2437 1446 2481 μὲν
1473 2434 1537 2481 ἅμ’
1553 2434 1704 2481 “Euon’

144 2488 228 2525 ἴσαν
254 2489 317 2523 καὶ
343 2489 505 2533 ἀμύμονι
527 2488 829 2533 Πουλυδάμαντι,
850 2488 886 2523 οἳ
911 2490 1072 2524 πλεῖστοι
1097 2490 1161 2524 καὶ
1180 2488 1323 2533 ἄριστοι
1344 2490 1443 2533 ἔσαν,
1472 2488 1640 2534 μέμασαν
1666 2489 1708 2525 δὲ

144 2542 298 2587 μάλιστα
316 2547 436 2589 τεῖχος
455 2539 654 2587 ῥηξάμενοι
673 2540 798 2589 κοίλῃς
818 2542 878 2577 ἐπὶ
898 2542 1007 2587 νηυσὶ
1029 2542 1225 2589 μάχεσθαι.

261 2595 346 2629 VIII
366 2596 462 2641 (176)
501 2595 626 2630 Cicero
648 2597 738 2630 orat.
754 2598 811 2639 48,
827 2598 894 2629 160
911 2595 1088 2630 ‘Burrum
1108 2597 1310 2642 (purrum
1329 2596 1386 2631 vel
1411 2596 1626 2641 purrhum
1651 2596 1707 2630 in-

143 2649 254 2694 tegri)
266 2648 571 2697 semper2Ennius‚
585 2659 789 2694 numquam
802 2648 1000 2693 Pyrrhum3
1016 2649 1074 2686 «vi
1087 2649 1346 2694 patefecerunt
1357 2650 1482 2695 fruyes
1495 2651 1532 2694 (p
1541 2649 1564 2683 h
1573 2661 1621 2683 ru
1630 2660 1681 2694 ge
1690 2661 1706 2683 s

145 2701 268 2737 Ottob.
289 2702 371 2747 phi·
379 2715 403 2747 y
423 2702 621 2748 Abrinc.)»,
638 2713 712 2737 non
729 2702 910 2747 Phryges:
938 2702 1055 2747 ipsius
1076 2703 1222 2747 antiqui
1243 2703 1435 2738 declarant
1456 2702 1570 2736 libri.’
1594 2702 1706 2744 Quin-

266 2863 287 2899 1
298 2863 348 2901 73
370 2862 518 2913 Brugio
531 2863 710 2902 Ennium
721 2873 790 2901 nec
802 2862 976 2913 Phrygio
991 2866 1058 2901 aut
1071 2863 1218 2914 Frugio
1238 2863 1438 2910 scripsisse
1452 2863 1706 2899 testimonium

146 2923 201 2959 cst
215 2920 408 2961 Ciceronis
422 2923 474 2960 ad
490 2934 563 2961 v111
577 2923 814 2970 adscriptum
926 2924 945 2959 1
956 2923 1007 2960 76
1029 2922 1180 2972 Bruges
1197 2923 1387 2961 Victorius
1406 2933 1487 2959 ναν.
1502 2921 1580 2959 lect.
1597 2934 1665 2959 x1v
1681 2931 1703 2968 3

1355 2991 1370 3020 1
1378 2990 1397 3020 0
1405 2987 1424 3008 *

1774 2968 1777 2994 1
