2020 3334
812 196 948 232 ENNH
972 197 1085 232 VITA
1700 200 1733 235 V

169 310 245 348 fide
282 310 467 349 constant
502 309 574 347 illa
610 321 766 359 quoque
803 322 904 359 quae
941 322 1062 359 supra
1099 309 1239 361 collegi
1275 310 1318 348 in
1354 310 1462 349 illius
1499 311 1591 349 libri
1623 310 1732 350 exitu

170 370 299 408 locum
335 368 535 418 habuisse,
571 368 696 407 nihilo
732 369 862 407 minus
899 368 995 407 11660
1032 370 1072 407 et
1108 369 1179 407 illa
1215 369 1381 408 totidem
1411 372 1503 409 sunt
1533 371 1653 409 Ennii
1684 371 1732 410 de

170 441 210 467 se
235 427 473 467 testimonia.
524 427 633 473 Quae
658 428 848 467 curiosius
874 428 1127 477 expendenda
1152 430 1255 468 sunt.
1305 429 1364 468 Ac
1382 429 1554 479 primum
1574 430 1732 479 quidem

170 487 276 538 quod
306 487 433 526 Varro
471 500 550 526 non
587 488 714 526 solum
751 487 889 525 scribit
918 487 1092 525 Ennium
1123 500 1214 525 cum
1245 487 1519 527 duodecimum
1551 490 1733 528 annalem

171 548 350 586 exararet
379 546 466 597 ipso
497 548 599 585 teste
630 546 842 596 septimum
874 547 913 584 et
943 548 1231 597 sexagesimum
1263 560 1410 585 annum
1440 548 1634 598 habuisse,
1666 549 1733 587 sed

171 606 350 645 consules
401 619 557 656 quoque
606 606 800 644 memorat
848 605 989 654 quibus
1039 605 1264 645 consulibus
1314 608 1430 644 natus
1473 607 1526 646 sit
1568 608 1732 656 Ennius,

171 665 356 716 colligere
399 665 493 704 licet
535 665 754 703 Varronem
796 664 871 703 hoc
914 677 992 702 non
1035 664 1118 702 sine
1161 664 1230 702 illo
1275 665 1463 715 effecisse,
1507 679 1645 704 verum
1688 679 1733 704 ex

171 724 409 773 consulibus,
441 725 474 764 si
506 724 608 763 forte
639 723 832 762 nominati
870 725 983 761 erant
1013 723 1171 762 Horatii
1209 724 1403 773 exemplo,
1444 725 1587 774 quibus
1625 737 1733 764 sexa-

171 784 364 834 gesimum
395 783 607 833 septimum
639 795 789 820 annum
822 782 966 833 agebat
991 782 1155 831 Ennius,
1188 783 1453 833 computando
1485 785 1630 823 eruisse
1656 798 1732 834 quo

172 842 370 881 consulari
401 855 503 881 anno
535 842 641 880 idem
671 843 788 881 natus
820 841 950 880 fuerit.
1000 842 1105 880 Raro
1138 842 1243 880 enim
1275 843 1452 892 exemplo
1484 843 1526 880 in
1556 844 1630 881 hoc
1655 857 1732 882 uno

172 915 218 940 ex
250 901 526 940 vetustissimis
559 902 827 939 Romanorum
858 901 986 950 poetis
1013 913 1137 939 annus
1163 901 1308 940 natalis
1335 902 1554 951 antiquitus
1581 905 1733 941 consta-

170 961 250 1010 bat,
283 973 371 999 011111
402 961 580 1010 plerique
607 960 767 1010 quando
793 960 897 998 diem
923 960 1112 999 obiissent
1138 974 1183 998 ex
1209 957 1428 999 ‘annalium
1452 959 1732 1001 monumentis’

170 1021 255 1070 peti
285 1022 431 1070 posset,
463 1020 509 1058 de
535 1020 738 1058 natalibus
763 1020 863 1057 nihil
890 1021 1133 1070 compertum
1159 1021 1271 1058 esset.
1305 1020 1357 1057 Et
1381 1021 1599 1059 Varronem
1625 1022 1731 1060 vide-

170 1092 258 1118 mus
297 1080 417 1118 etiam
455 1080 535 1117 alia
566 1081 608 1117 in
640 1079 760 1116 Ennii
792 1079 1000 1117 annalibus
1032 1092 1132 1128 quae
1166 1079 1215 1116 ad
1247 1080 1582 1129 computationem
1613 1093 1732 1119 anno-

172 1153 260 1177 rum
291 1139 536 1189 pertinerent
567 1140 761 1177 sectatum
794 1151 876 1177 esse
908 1140 948 1176 et
979 1138 1198 1188 indagasse,
1231 1138 1300 1188 qui
1329 1152 1431 1187 quae
1457 1139 1608 1178 Ennius
1635 1140 1734 1178 dixit

172 1194 280 1251 (ann.
308 1199 389 1237 501
402 1192 477 1251 sq.)
516 1199 743 1246 sepiinyenti
778 1200 869 1236 sunt
894 1199 1020 1246 paulo
1044 1198 1139 1246 plus
1172 1200 1241 1236 aut
1269 1199 1400 1236 minus
1431 1200 1528 1237 anni
1557 1198 1733 1247 Augusto

171 1259 337 1306 auqurio
361 1261 570 1306 postquam
600 1257 735 1296 inclita
766 1257 920 1296 condita
947 1257 1075 1295 Roma
1106 1260 1170 1302 est,
1202 1269 1280 1295 11011
1311 1258 1394 1295 tam
1431 1257 1472 1294 in
1510 1271 1595 1296 eam
1628 1260 1733 1295 aeta-

171 1319 253 1355 tem
284 1328 363 1366 qua
391 1317 486 1355 haec
511 1316 663 1354 Ennius
690 1316 890 1366 scripserit
916 1328 1036 1365 quam
1061 1316 1103 1353 in
1129 1328 1200 1354 sua
1232 1316 1355 1365 ipsius
1387 1318 1566 1366 tempora
1597 1317 1733 1364 cath-e

171 1375 355 1414 affirmat.

289 1435 336 1472 In
362 1435 483 1473 Ennii
514 1436 649 1473 autem
680 1446 782 1472 anno
807 1434 934 1472 natali
959 1446 1047 1472 cum
1066 1434 1242 1472 Varrone
1269 1434 1468 1483 conspirat
1495 1433 1641 1483 Cicero,
1666 1435 1734 1484 qui

172 1508 260 1533 cum
285 1494 343 1532 ita
368 1494 505 1532 scribit
523 1494 565 1531 in
584 1494 708 1531 Bruto
732 1494 853 1542 18,72
882 1494 942 1532 hio
960 1493 1102 1531 Livius
1114 1494 1290 1541 primam
1308 1494 1485 1542 fabulam
1507 1493 1547 1532 Ο.
1571 1494 1733 1532 Claudio

174 1553 287 1593 Caeci
323 1554 405 1600 filio
443 1557 477 1592 et
506 1554 566 1591 M.
596 1554 789 1591 Tuditano
821 1553 1040 1591 consulibus
1072 1553 1216 1597 docuit,
1253 1564 1356 1590 anno
1387 1553 1471 1600 ipso
1503 1556 1590 1591 ante
1618 1566 1734 1601 quam

170 1616 288 1651 natus
331 1615 385 1651 est
420 1613 596 1657 Ennius,
626 1615 717 1660 post
752 1612 919 1650 Romam
956 1612 1149 1650 conditam
1187 1614 1313 1650 autem
1350 1615 1485 1660 quarto
1523 1612 1665 1650 decimo
1702 1615 1736 1650 et

172 1673 488 1721 quinqentesi'mo,
528 1674 571 1710 ut
606 1673 667 1710 hic
698 1672 771 1716 ait,
808 1683 918 1719 quem
953 1682 1023 1709 nos
1059 1672 1273 1719 sequimur,
1314 1683 1353 1709 se
1391 1670 1516 1709 Attici
1554 1671 1734 1709 annalem

173 1731 283 1781 sequi
321 1732 487 1779 fatetur,
531 1730 640 1769 cuius
677 1730 770 1768 libri
808 1731 1049 1780 singularem
1086 1730 1335 1780 diligentiam
1367 1743 1455 1767 cum
1488 1730 1584 1768 alibi
1624 1731 1735 1768 velut

172 1792 214 1829 in
246 1791 400 1829 oratore
434 1785 528 1843 (34,
557 1784 659 1843 120)
692 1791 779 1827 tum
816 1802 937 1839 supra
967 1789 1009 1827 in
1041 1789 1165 1828 Bruto
1200 1784 1264 1842 (3,
1294 1790 1364 1838 143
1397 1790 1440 1837 4,
1470 1784 1542 1842 15)
1581 1790 1735 1839 magnis

173 1853 212 1889 et
243 1850 394 1888 meritis
431 1849 616 1887 laudibus
655 1849 910 1898 praedicavit.
957 1848 1034 1886 Sed
1065 1850 1135 1897 qui
1167 1848 1382 1886 attenderit
1419 1848 1525 1898 apud
1564 1847 1734 1886 Gellium

171 1910 197 1947 1.
224 1922 253 1948 0.
285 1909 359 1947 1100
389 1908 494 1946 idem
526 1909 574 1947 de
604 1908 823 1946 Andronici
853 1909 982 1957 prima
1013 1907 1149 1946 fabula
1180 1920 1268 1945 cum
1298 1907 1488 1945 Varronis
1528 1907 1574 1944 de
1606 1907 1734 1946 Ennio

173 1969 362 2007 memoria
394 1968 591 2019 coniungi,
623 1967 733 2005 dabit
763 1968 930 2006 fortasse
961 1979 1076 2016 posse
1107 1967 1192 2005 fieri
1223 1967 1269 2004 ut
1299 1966 1457 2005 Atticus
1488 1966 1530 2004 in
1562 1979 1608 2005 ea
1638 1980 1680 2004 re
1712 1979 1735 2004 a

172 2028 362 2067 Varronis
404 2027 641 2066 auctoritate
680 2027 881 2076 profectus
922 2026 984 2066 sit.
1052 2026 1182 2064 Minus
1223 2027 1453 2064 accuratum
1494 2027 1553 2064 est
1590 2025 1657 2063 sed
1694 2027 1735 2062 in

174 2100 327 2125 summa
363 2087 420 2124 161
451 2099 530 2125 non
561 2086 728 2125 discedit
758 2085 1030 2124 testimonium
1064 2084 1260 2123 Ciceronis
1292 2085 1396 2134 quod
1427 2085 1467 2121 in
1498 2086 1624 2133 primo
1657 2084 1733 2121 dis-

171 2147 426 2196 putationum
457 2146 771 2184 Tusculanarum
800 2140 865 2197 (1,
890 2140 934 2196 3)
966 2144 1115 2193 posuit:
1147 2146 1192 2181 ut
1217 2156 1302 2183 sero
1335 2157 1358 2182 a
1390 2143 1576 2181 Romanis
1610 2143 1734 2193 poeti-

175 2218 261 2244 06111
293 2206 496 2254 acceptam
533 2205 690 2242 doceret
721 2205 837 2242 annis
873 2205 953 2251 fere
986 2203 1117 2252 inquit
1148 2216 1204 2240 DX
1225 2205 1315 2250 post
1344 2203 1511 2240 Romam
1541 2203 1735 2240 conditam

173 2265 316 2303 Livius
346 2265 526 2312 fabulam
557 2263 661 2302 dedit
687 2262 728 2301 Ο.
757 2262 922 2302 Claudio
956 2261 1069 2301 Caeci
1099 2262 1181 2309 filio
1206 2261 1266 2299 M.
1296 2262 1488 2300 Tuditano
1514 2262 1734 2299 consulibus

174 2335 278 2362 anno
319 2326 407 2362 ante
445 2325 583 2361 natum
621 2323 816 2366 Ennium,
856 2322 923 2370 qui
956 2322 1034 2369 fuit
1071 2322 1198 2359 maior
1227 2323 1325 2358 natu
1356 2333 1473 2368 quam
1506 2321 1670 2358 Plautus
1702 2323 1734 2358 et

174 2382 405 2431 Naevius&
467 2381 627 2420 Annum
669 2381 833 2419 eundem
871 2382 910 2418 et
948 2380 1103 2419 eosdem
1141 2380 1320 2419 consules
1359 2379 1557 2430 designat,
1597 2379 1665 2417 sed
1702 2378 1734 2416 is

292 2543 325 2588 *)
351 2543 468 2577 Pravo
494 2542 633 2577 iudicio
659 2542 820 2587 pergunt
844 2541 1066 2585 interpretes
1092 2539 1256 2574 Tulliani
1282 2538 1516 2574 enuntiatum
1538 2538 1733 2573 relativum

176 2590 314 2625 delere:
335 2591 435 2635 quod
456 2590 504 2625 ad
515 2590 659 2624 Livium
678 2589 852 2623 nimirum
871 2588 1061 2632 pertinens
1073 2588 1202 2632 aptum
1214 2588 1347 2621 cratae
1358 2585 1733 2631 paenenecessarium

175 2639 372 2683 propterea
397 2637 486 2681 quia
511 2637 692 2671 intererat
716 2647 841 2670 verum
866 2635 1015 2670 initium
1040 2635 1162 2680 poesis
1182 2634 1371 2669 Romanae
1396 2633 1564 2676 indicari,
1590 2634 1627 2666 et
1646 2632 1734 2676 quia

175 2685 249 2719 fuit
274 2685 338 2729 qui
363 2685 507 2719 Livium
532 2684 714 2718 iuniorem
739 2683 872 2717 Plauto
899 2684 936 2717 et
954 2682 1094 2717 Naevio
1119 2681 1276 2716 haberet
1301 2681 1414 2726 (Brut.
1444 2684 1497 2722 18,
1521 2681 1587 2724 73).
1628 2678 1731 2720 Quod

176 2743 261 2766 vero
276 2732 562 2777 ambiguitatem
575 2730 803 2776 pronominis
818 2729 1023 2772 offendunt,
1038 2740 1133 2773 quae
1146 2728 1250 2763 nulla
1264 2729 1330 2770 est,
1342 2727 1373 2762 si
1384 2727 1466 2772 quis
1477 2728 1575 2761 recte
1587 2736 1732 2760 sensum

177 2779 367 2824 scriptoris
394 2779 550 2824 accepit,
575 2778 694 2813 multa
720 2778 805 2812 sunt
830 2788 926 2821 quae
950 2777 1112 2822 probant
1131 2787 1213 2811 eam
1232 2775 1517 2819 ambiguitatem
1536 2773 1731 2816 scriptores

178 2838 251 2861 non
276 2826 470 2872 refugisse,
496 2826 598 2861 velut
623 2826 669 2860 de
694 2835 796 2870 prOV.
818 2835 915 2859 cons.
937 2828 1028 2867 6,14
1050 2825 1170 2868 itaque
1195 2824 1255 2858 ille
1278 2823 1368 2857 alter
1387 2826 1452 2856 aut
1470 2822 1545 2864 ipse
1563 2823 1613 2854 est
1630 2819 1732 2853 homo

177 2874 301 2909 doctus
317 2903 322 2909 .
340 2902 346 2908 .
364 2903 370 2909 .
391 2878 457 2909 aut
477 2874 611 2908 amicos
629 2873 733 2908 habet
741 2872 997 2917 prudentiores
1009 2882 1118 2915 quam
1134 2870 1328 2911 Gabinius,
1342 2869 1447 2904 cuius
1459 2867 1580 2901 nullae
1595 2867 1732 2900 litterae.

173 2922 425 2966 proferuntur.
453 2920 551 2963 Quid
577 2920 608 2955 si
633 2920 737 2955 cuius
769 2919 817 2953 ad
845 2919 1046 2954 Gabinium
1070 2917 1199 2952 referri
1223 2916 1338 2951 velis?
1364 2916 1429 2949 aut
1453 2924 1519 2959 pro
1544 2912 1636 2947 Mur.
1664 2916 1696 2955 3,
1713 2914 1730 2946 7

1724 3069 1729 3097 l
