2004 3278
271 194 419 230 XCV'HI
830 193 857 230 Ι.
883 192 1112 229 HISTORIA
1129 193 1266 230 ENNI]

272 308 448 356 quuntur
467 299 534 357 (cf.
548 318 585 354 p.
602 305 670 353 53,
686 299 771 358 12).
791 304 933 354 Itaque
951 317 1034 354 nos,
1054 305 1242 355 quoniam
1253 305 1431 345 Romano
1450 307 1521 345 aut
1533 306 1663 345 Plinio
1682 319 1754 345 sua
1771 319 1831 345 re-

270 365 434 404 stituere
459 377 538 402 non
562 376 782 413 possumus,
812 376 950 403 versus
974 363 1177 403 Ennianos
1202 376 1358 404 necesse
1385 366 1445 404 cst
1473 378 1743 405 recenseamus
1775 365 1832 405 sic

270 426 317 461 ut
347 423 454 473 apud
481 422 703 462 Charisium
733 423 850 462 hodie
880 424 1078 474 leguntur.
1110 423 1163 461 Et
1193 424 1235 461 in
1265 425 1394 473 primo
1420 425 1578 474 quidem
1601 424 1703 463 libro
1731 437 1831 474 quae

268 482 466 521 habentur
494 481 617 520 verba
648 484 718 520 aut
747 495 882 521 versus
914 482 1035 520 Ennii
1064 483 1201 532 paucis
1240 484 1411 532 exceptis
1449 483 1500 522 ad
1534 484 1694 522 annales
1731 484 1831 522 refe-

268 541 391 580 renda
421 542 530 589 sunt,
565 541 666 579 nihil
697 541 748 579 ad
779 542 942 580 scenica.
979 541 1122 591 Itaque
1152 555 1189 591 p.
1220 543 1321 590 130,
1348 543 1402 580 29
1434 543 1594 581 Ermius
1625 543 1831 581 annalium

268 601 333 639 lib.
359 596 570 652 VH[XX111]
592 597 829 639 ‘russeseunt
851 597 1043 649 frwndes'3
1061 614 1099 650 p.
1122 602 1218 650 132,
1235 602 1258 638 6
1278 602 1418 639 hebem.
1444 601 1604 640 Ennius
1616 614 1692 639 XVI
1708 599 1832 651 [XV1];

269 662 309 698 et
338 659 435 698 haec
467 660 628 709 quidem
659 659 736 699 duo
768 673 846 698 uno
872 659 1053 699 Charisio
1083 661 1205 709 teste3
1235 673 1273 709 p.
1297 661 1363 708 19,
1386 662 1406 698 1
1438 657 1574 699 ‘terrai
1603 658 1829 709 fruqiferai’

269 719 319 757 E.
362 721 406 757 in
449 719 661 757 annalibus
698 715 834 770 [489]
884 719 1055 768 Reliqua
1102 720 1243 768 poetae
1285 720 1444 758 nomine
1487 720 1598 758 nulla
1647 720 1831 758 carminis

267 779 466 816 mentione
498 778 634 817 addita
666 778 899 816 afferuntur:
930 791 967 827 p.
997 780 1063 826 72,
1092 779 1144 816 13
1176 779 1336 817 Ennius
1368 775 1494 827 ‘quem
1521 778 1662 817 Caelus
1682 776 1829 827 yenuit'

271 834 377 886 [ann.
400 833 493 888 27];
517 838 582 885 72,
605 838 657 875 15
678 839 767 876 item
788 834 895 889 [31111.
918 833 1022 888 546]
1045 834 1295 885 ‘quamquam
1314 838 1443 876 caelus
1454 835 1710 886 profundus’,
1731 850 1831 887 quae

267 896 345 934 duo
374 897 532 945 plenius
564 897 706 934 citavit
736 896 906 945 Nonius3
937 910 974 946 p.
996 897 1064 944 83,
1086 898 1139 934 22
1169 897 1220 934 Ε.
1253 893 1459 944 ‘equitatus
1488 899 1533 935 ut
1556 894 1825 936 celerissimus’

270 951 377 1005 [ann.
407 951 530 1006 591]3
566 969 604 1004 p.
634 956 706 1003 90,
734 956 787 993 26
820 956 871 993 E.
898 952 1001 993 ‘Ilia
1032 956 1101 993 dia
1130 967 1247 1003 nepos
1278 968 1375 1004 quas
1410 967 1620 994 aerumnas
1656 953 1829 994 tetulisti’

270 1012 377 1063 [ann.
400 1012 491 1063 55];
517 1028 554 1064 p.
577 1015 644 1062 98,
665 1015 690 1051 4
717 1015 767 1052 Ε.
789 1011 962 1053 ‘memini
985 1026 1045 1053 me
1069 1015 1157 1061 fieri
1167 1012 1334 1063 pavum'
1358 1013 1463 1064 [ann.
1488 1013 1578 1064 15]3
1602 1028 1640 1064 p.
1663 1015 1759 1063 105,
1776 1016 1829 1053 18

267 1074 317 1111 E.
339 1070 472 1122 ‘saqus
497 1069 692 1112 eaerulus-⁹
715 1071 822 1122 [ann.
845 1069 966 1124 509];
992 1087 1030 1123 p.
1054 1074 1150 1122 128,
1171 1075 1222 1112 31
1246 1074 1296 1111 Ε.
1318 1070 1398 1121 ‘fici
1416 1074 1629 1122 dulciferae
1647 1074 1831 1112 laetantes

266 1133 380 1171 ubere
405 1129 493 1171 toto'
523 1131 631 1182 [ann.
654 1131 777 1182 264]3
802 1146 839 1182 p.
864 1134 959 1180 141,
982 1134 1034 1171 25
1062 1133 1112 1171 Ε.
1140 1129 1309 1181 ‘iamque
1338 1134 1419 1181 fere
1449 1136 1631 1181 quattuor
1650 1130 1828 1181 partum'

269 1189 374 1240 [ann.
403 1187 526 1243 593];
560 1206 598 1242 p.
628 1193 729 1240 147,
753 1192 805 1229 15
839 1192 889 1230 Ε.
916 1189 1105 1230 ‘volturus
1134 1194 1178 1230 in
1206 1189 1348 1240 spinis'
1381 1205 1448 1241 eqs
1481 1188 1589 1243 [ann.
1619 1190 1733 1242 138].
1771 1192 1831 1230 Ex

268 1251 408 1300 quibus
436 1264 536 1300 quae
562 1254 654 1290 sunt
678 1264 715 1300 p.
738 1252 805 1298 83,
829 1252 924 1299 105,
947 1252 1042 1299 128,
1065 1252 1145 1289 141
1175 1251 1281 1300 apud
1303 1252 1500 1289 neminem
1518 1253 1676 1301 praeter
1695 1250 1831 1289 Chari-

266 1311 368 1348 sium
387 1311 584 1361 leguntur,
605 1312 646 1348 et
664 1311 734 1360 qui
747 1323 847 1359 quae
860 1323 898 1360 p.
922 1311 1018 1358 128,
1040 1311 1137 1359 129,
1152 1311 1255 1360 6sq.,
1278 1312 1374 1359 130,
1397 1311 1493 1359 131,
1508 1311 1640 1360 8sqq.,
1662 1311 1759 1359 141,
1775 1312 1828 1348 27

265 1370 437 1408 testatur
464 1368 664 1408 Charisius
690 1371 853 1419 propius
879 1369 1199 1418 consideraverit,
1224 1371 1424 1421 intelliget
1447 1370 1545 1408 11333
1569 1370 1621 1408 311
1644 1370 1830 1407 ultimum

266 1430 468 1467 auctorem
487 1428 663 1466 Plinium
686 1428 826 1467 redire.
852 1428 962 1467 Haec
981 1428 1028 1467 de
1048 1429 1268 1467 annalibus.
1294 1429 1505 1467 Praeterea
1523 1442 1560 1478 p.
1583 1429 1650 1477 54,
1673 1430 1725 1467 19
1747 1429 1830 1467 En-

264 1490 356 1526 nius
375 1490 419 1526 in
429 1490 664 1536 protreptieo
686 1484 926 1536 ‘pannibus’,
952 1490 1021 1537 qui
1039 1489 1181 1527 titulus
1201 1488 1294 1526 libri
1313 1489 1387 1527 hoc
1411 1501 1492 1526 uno
1517 1489 1604 1526 loco
1631 1489 1828 1537 apparuit.

266 1546 379 1592 Quod
396 1560 435 1596 p.
459 1548 555 1595 124,
578 1548 629 1584 12
657 1547 795 1585 scribit
816 1547 971 1586 Oretum
999 1547 1129 1586 Cicero
1150 1577 1159 1585 .
1180 1577 1188 1586 .
1210 1578 1218 1585 .
1241 1547 1435 1587 Cretenses
1454 1548 1613 1586 Ennius
1634 1550 1678 1585 ut
1704 1547 1829 1586 Varro

265 1607 363 1645 libro
383 1619 403 1644 I
423 1606 469 1644 de
492 1617 665 1645 sermone
690 1606 837 1645 Latino
858 1608 992 1645 scribit
1015 1607 1183 1645 fortasse
1207 1619 1286 1645 non
1310 1609 1415 1645 recte
1442 1607 1646 1644 annalium
1667 1607 1829 1644 incertis

266 1659 443 1718 (cxxvii)
483 1665 692 1715 adscripsi;
732 1678 826 1703 nam
863 1678 952 1704 cum
991 1665 1231 1705 Cretensium
1266 1667 1309 1703 in
1346 1666 1557 1704 Euhemeri
1594 1666 1828 1717 fragmentis

266 1719 330 1777 (v)
354 1724 550 1763 habeatur
574 1726 614 1762 et
638 1724 859 1763 Varronem
883 1726 970 1774 ipso
995 1726 1096 1764 teste
1122 1719 1354 1778 (Euh.x111)
1381 1727 1534 1764 constet
1558 1725 1662 1763 hunc
1681 1725 1828 1763 librum

264 1785 402 1833 paucis
439 1785 579 1822 notum
617 1784 777 1835 legisse,
814 1784 920 1822 haud
957 1785 1037 1823 scio
1076 1797 1127 1822 an
1164 1797 1209 1822 eo
1246 1784 1385 1822 referri
1421 1785 1606 1834 praestet.
1647 1784 1828 1834 Denique

265 1855 354 1881 cum
378 1856 415 1893 p.
439 1844 492 1881 98
518 1843 615 1881 haec
641 1856 681 1881 sc
707 1844 906 1893 excipiant
930 1856 966 1881 v.
988 1844 1013 1881 4
1038 1855 1170 1891 pavus
1196 1844 1355 1882 Ennius
1382 1840 1555 1882 ‘memini
1579 1856 1629 1881 m.
1654 1845 1683 1892 f.
1702 1840 1761 1891 μ’
1789 1844 1829 1881 31,

264 1903 401 1952 paucis
426 1903 642 1941 interiectis
662 1915 699 1941 v.
717 1904 769 1940 12
791 1914 994 1941 erumnam
1018 1903 1177 1940 Ennius
1203 1904 1259 1940 ait
1275 1915 1351 1950 per
1375 1915 1394 1941 e
1417 1904 1543 1941 solum
1566 1903 1685 1941 scribi
1701 1914 1828 1950 posse,

264 1962 365 2009 quod
383 1964 545 2000 mentem
564 1964 686 2006 eruat,
712 1965 746 2000 et
757 1974 832 2009 per
851 1974 876 1999 a
896 1965 929 2000 et
948 1974 978 2006 e,
997 1963 1098 2009 quod
1115 1973 1329 2000 maerorem
1346 1963 1507 2006 nutriat,
1526 1974 1668 2012 parum
1686 1961 1827 2011 proba-

264 2020 344 2058 bile
368 2020 467 2058 mihi
491 2021 660 2069 videtur,
690 2021 814 2059 alium
839 2021 1012 2059 Ennium
1038 2021 1116 2059 dici
1142 2033 1261 2070 quam
1285 2022 1456 2070 poetam,
1488 2022 1557 2070 qui
1582 2021 1665 2059 sive
1689 2022 1731 2058 in
1756 2021 1827 2058 1110

265 2092 380 2118 versu
412 2081 481 2129 qui
512 2080 618 2130 apud
649 2080 815 2118 eundem
841 2079 1064 2119 Charisium
1091 2080 1254 2118 affertur
1277 2094 1314 2130 p.
1338 2081 1404 2128 90,
1426 2080 1478 2118 26
1505 2080 1537 2117 I
1538 2081 1594 2118 lia
1618 2080 1687 2118 dia
1710 2091 1827 2127 nepos

264 2150 362 2187 quas
387 2151 598 2178 aerumnas
623 2140 780 2178 tetulisti
805 2140 888 2178 sive
913 2141 1044 2178 nescio
1071 2151 1149 2189 qua
1175 2140 1256 2177 alia
1281 2140 1483 2178 occasione
1501 2151 1593 2177 usus
1614 2134 1725 2192 (nam
1744 2151 1826 2177 sae-

264 2199 353 2247 pius
385 2211 528 2237 nomen
561 2198 667 2248 apud
699 2211 788 2236 eum
814 2193 1000 2252 recurrit)
1025 2211 1104 2237 non
1128 2199 1175 2236 ut
1199 2199 1502 2250 grammaticum
1527 2198 1639 2236 decet
1663 2197 1732 2236 sed
1756 2210 1827 2236 sua

265 2258 444 2296 oratione
474 2259 558 2296 vim
588 2259 760 2296 nominis
791 2258 996 2307 indicarit,
1027 2258 1074 2296 de
1106 2270 1184 2307 quo
1210 2270 1351 2309 genere
1382 2270 1502 2308 supra
1526 2271 1564 2307 p.
1583 2269 1709 2295 Lxm
1733 2257 1825 2295 dixi.

265 2316 468 2355 Postremo
499 2319 546 2355 ut
575 2318 681 2355 recte
711 2317 909 2356 iudicetur
934 2330 1011 2366 quo
1036 2329 1111 2355 usu
1136 2317 1289 2355 Ennius
1315 2317 1422 2366 apud
1447 2316 1669 2355 Charisium
1694 2316 1826 2364 fuerit,

264 2387 312 2412 ne
332 2376 406 2414 hoc
426 2376 586 2426 quidem
604 2376 885 2427 negligendum
905 2378 975 2426 est,
995 2388 1293 2425 nonnumquam
1312 2388 1438 2424 voces,
1458 2388 1559 2425 quae
1579 2376 1700 2413 etiam
1720 2375 1825 2424 apud

265 2434 439 2473 Ennium
452 2435 649 2486 leguntur,
670 2436 859 2485 explicari
874 2436 985 2473 nulla
998 2436 1120 2473 Ennii
1130 2436 1330 2473 mentione
1343 2435 1462 2482 facta,
1481 2435 1591 2472 velut
1603 2447 1639 2483 p.
1658 2435 1754 2481 122,
1770 2435 1822 2471 13

264 2494 447 2541 aplustre,
463 2496 559 2543 109,
570 2496 591 2532 1
600 2496 622 2532 7
636 2496 767 2543 stirps,
783 2496 849 2543 90,
859 2496 1087 2543 2Osan9uis
1099 2495 1140 2532 et
1150 2506 1336 2543 sanquen,
1350 2495 1420 2531 aut
1432 2492 1570 2531 habita
1580 2492 1738 2542 quidem
1746 2493 1824 2530 En-

267 2553 325 2590 nii
342 2554 497 2591 ratione
516 2553 585 2592 sed.
603 2566 682 2592 non
701 2567 746 2592 30
765 2554 851 2593 1030
864 2554 933 2591 ubi
945 2555 1118 2604 primum
1130 2554 1414 2601 memorantur3
1434 2552 1524 2590 vide
1537 2552 1686 2590 duriter
1703 2565 1740 2601 p.
1758 2553 1824 2600 79,

270 2613 322 2649 13
344 2614 385 2650 et
406 2613 502 2661 197,
518 2613 589 2661 253
614 2614 681 2659 fici
703 2627 741 2662 p.
765 2613 831 2661 95,
847 2614 900 2651 22
928 2615 969 2651 et
992 2613 1088 2661 128,
1103 2614 1177 2661 313
1201 2613 1380 2650 vulturus
1398 2625 1435 2661 p.
1458 2611 1525 2659 98,
1541 2611 1564 2648 3
1584 2612 1623 2649 31,
1645 2612 1741 2658 147,
1758 2611 1822 2648 15.

382 2670 534 2709 Paucos
559 2683 694 2710 versus
720 2672 921 2711 Ennianos
945 2671 1066 2710 habet
1091 2672 1212 2710 etiam
1237 2670 1426 2710 secundus
1447 2669 1618 2708 Charisii
1642 2669 1753 2718 liber,
1778 2682 1824 2707 ex

265 2729 473 2768 annalibus
497 2731 585 2769 hos:
610 2744 647 2780 p.
672 2732 768 2778 196,
791 2732 843 2769 16
865 2732 1023 2769 Ennius
1049 2731 1255 2769 annalium
1280 2731 1378 2768 libro
1397 2725 1571 2780 I[LV11];
1595 2742 1632 2777 p.
1656 2730 1752 2775 200,
1767 2729 1821 2766 22

264 2789 313 2826 Ε.
340 2790 547 2828 annalium
577 2790 675 2827 libro
706 2786 799 2841 [inc.
822 2786 986 2841 mah
1016 2803 1053 2839 p.
1076 2791 1173 2838 240,
1195 2790 1218 2827 6
1252 2790 1411 2827 Ennius
1441 2799 1587 2836 quoque
1617 2787 1823 2825 annalium

264 2848 361 2885 libro
394 2844 439 2899 [v
463 2849 510 2886 fr.
535 2846 598 2898 111]
635 2845 796 2897 ‘[euax]
825 2852 966 2897 aquast
996 2860 1156 2896 aspersa
1187 2844 1374 2895 Latinis',
1406 2860 1572 2896 quorum
1603 2847 1754 2895 primus
1784 2848 1824 2883 31.

263 2908 405 2944 tertius
430 2920 508 2945 non
533 2908 652 2946 habet
677 2909 799 2945 alium
824 2909 966 2946 testem
994 2921 1113 2957 quam
1140 2907 1372 2955 charisium,
1402 2906 1555 2944 medius
1587 2906 1745 2955 poterat
1777 2917 1822 2943 ex
