2054 3282
923 678 1284 736 SOENIOA

958 802 1244 846 AGHILLES

764 898 1050 942 ACHILLES
1082 898 1436 942 ARISTARCHI

1097 1004 1113 1038 1

328 1075 350 1116 1
388 1073 593 1129 Exsurge,
617 1086 781 1128 praeco,
806 1072 874 1114 fao
898 1071 1058 1126 populo
1085 1071 1356 1114 audientiam.

1024 1153 1182 1180 PRAECO

384 1203 598 1257 Sileteque
624 1205 666 1243 et
690 1204 828 1244 tacete
853 1204 981 1256 atque
1008 1203 1198 1244 animum
1225 1202 1448 1244 advertite:

385 1272 545 1315 Audire
571 1273 689 1315 iubet
715 1287 790 1315 vos
817 1273 1050 1328 imperator

1086 1377 1119 1412 ΙΙ

325 1446 352 1486 4
383 1445 494 1488 Nam
527 1444 718 1488 consiliis
745 1445 951 1488 obvarant
978 1445 1132 1500 quibus
1158 1448 1247 1488 tam
1273 1446 1467 1488 concedit
1492 1446 1563 1489 hic
1589 1446 1691 1489 ordo

1079 1550 1130 1584 111

325 1611 352 1653 5
384 1611 545 1655 Interea
569 1611 772 1654 mortales
798 1612 910 1654 mter
935 1626 1026 1654 sese
1051 1614 1246 1667 pugnant
1269 1611 1483 1667 proeliant

443 1751 675 1787 ACHILLES
723 1751 741 1786 1
760 1753 810 1798 (1)
841 1751 997 1787 Plautus
1016 1752 1167 1787 Poenul.
1188 1751 1280 1797 prol.
1304 1756 1321 1786 1
1345 1752 1549 1788 ‘Achillem
1568 1753 1775 1789 Aristarchi
1792 1753 1885 1789 mihi

326 1805 566 1840 commentari
584 1804 705 1840 lubet:
729 1804 818 1840 inde
842 1805 935 1839 mihi
960 1805 1187 1851 principium
1213 1805 1360 1850 capiam
1387 1816 1431 1840 ex
1457 1817 1501 1841 ea
1529 1807 1734 1852 tragoedia.
1751 1807 1884 1843 ³«sile-

324 1860 434 1904 teque
456 1887 462 1893 .
483 1887 489 1893 .
510 1887 517 1893 .
537 1859 763 1904 imperator»
782 1858 958 1894 histricus
975 1887 980 1893 .
998 1887 1004 1893 .
1022 1887 1028 1893 .
1049 1859 1077 1879 ¹¹
1092 1869 1292 1905 «exsurge.
1313 1887 1319 1893 .
1340 1887 1345 1894 .
1363 1859 1644 1896 audientiam?
1664 1860 1884 1895 histricus

326 1913 481 1957 apparet
505 1912 652 1958 prologi
678 1923 767 1955 esse,
795 1923 870 1947 non
894 1912 1123 1958 tragoediae.
1270 1911 1321 1947 Cf.
1343 1912 1474 1947 Aesch.
1496 1912 1600 1947 Eum.
1623 1917 1691 1949 556
1716 1913 1886 1949 Minerva

325 1964 491 2009 κήρυσσε,
508 1966 634 2010 κῆρυξ,
653 1966 717 2000 καὶ
737 1966 894 2010 στρατὸν
910 1968 1161 2011 κατειργαθοῦ
1179 1976 1253 2010 eqS.
1271 1965 1397 2011 Eurip.
1415 1966 1554 2001 Hecub.
1574 1970 1640 2001 529
1662 1966 1885 2011 Talthybius

326 2017 494 2064 σημαίνει
514 2018 556 2055 δέ
575 2032 636 2064 μοι
657 2018 763 2065 σιγὴν
773 2017 928 2065 Ἀχαιῶν
941 2020 1054 2054 παντὶ
1067 2020 1224 2064 κηρῦξαι
1241 2022 1393 2067 στρατῷ.
1409 2019 1510 2065 κάγὼ
1524 2019 1709 2060 καταστὰς
1722 2016 1828 2056 εἷπον
1846 2020 1885 2055 ἐν

327 2072 448 2117 μέσοις
472 2072 576 2108 τάδε·
599 2070 719 2118 σιγᾶτ’
738 2070 889 2120 Ἀχαιοί,
909 2078 995 2119 σῖγα
1016 2079 1091 2114 πᾶς
1110 2073 1199 2109 ἔστω
1219 2073 1307 2113 λεώς
1326 2083 1399 2117 eqs.
1420 2072 1461 2107 11.
1482 2086 1510 2107 11
1530 2076 1574 2107 50
1594 2073 1712 2117 αὐτὰρ
1733 2073 1752 2108 ὁ
1773 2072 1885 2119 (Aga-

326 2128 484 2171 memno)
504 2125 700 2171 κηρύκεσσι
713 2124 1001 2172 λιγυφθόγγοισι
1019 2125 1187 2162 κέλευσεν
1206 2126 1402 2172 κηρύσσειν
1416 2124 1601 2172 ἀγορήνδε
1614 2125 1710 2171 κάρη
1723 2125 1886 2172 κομόων-
1918 2142 1925 2149 ¹

326 2191 392 2218 τας
403 2176 567 2225 Ἀχαιούς
580 2189 654 2223 eqs.
670 2179 760 2214 ibid.
778 2182 856 2214 280.
872 2193 910 2214 1x
925 2182 969 2214 10
984 2178 1097 2225 φοίτα
1111 2179 1369 2225 (Agamemno)
1383 2179 1580 2225 κηρύκεσσι
1599 2178 1887 2225 λιγυφθόγγοισι

328 2231 483 2266 κελεύων
503 2231 642 2277 κλήδην
662 2232 715 2274 εἰς
734 2232 875 2278 ἀγορὴν
894 2232 1104 2277 κικλήσκειν
1124 2232 1245 2277 ἄνδρα
1266 2232 1430 2268 ἕκαστον.

445 2285 478 2318 Π
497 2286 545 2331 (4)
586 2285 730 2321 Nonius
752 2298 787 2331 p.
809 2289 886 2328 147,
906 2290 949 2320 22
973 2286 1171 2321 ‘obvarare
1191 2286 1414 2331 (obvarrare)
1437 2286 1646 2331 pervertere
1672 2286 1884 2331 depravare,

329 2337 469 2372 dictum
487 2350 509 2373 a
525 2339 631 2374 varis.
651 2339 793 2374 Ennius
812 2339 959 2374 Achille
976 2339 1112 2386 (acille)
1131 2350 1241 2375 «nam
1263 2340 1438 2375 consilius
1460 2339 1641 2375 obvarant
1660 2339 1885 2385 (obvarrant)

332 2419 357 2426 ..
373 2420 378 2426 .
397 2391 535 2427 ordo».’
648 2392 700 2427 Of.
716 2392 847 2427 Festus
866 2405 901 2438 p.
919 2396 998 2437 226,
1015 2397 1032 2427 1
1049 2393 1114 2427 Th.
1142 2392 1396 2427 ‘obvaricator
1419 2392 1614 2428 dicebatur
1635 2392 1700 2437 qui
1723 2392 1886 2438 cuipiam

329 2445 546 2480 occurrebat
564 2445 761 2490 quominus
781 2447 923 2481 rectum
942 2446 1013 2481 iter
1033 2446 1253 2481 conficeret.’

446 2497 496 2531 ΠΙ
516 2499 564 2543 (5)
606 2498 750 2534 Nonius
769 2511 805 2544 p.
820 2502 900 2542 472,
916 2503 960 2534 30
977 2499 1183 2544 ‘proeliant
1201 2498 1343 2534 Ennius
1361 2498 1508 2533 Achille
1528 2499 1632 2535 «ima
1648 2499 1734 2544 (ita
1752 2499 1833 2534 Par.
1849 2500 1887 2533 et

330 2561 350 2585 e
370 2561 458 2586 corr.
474 2550 590 2595 Harl.)
607 2580 613 2585 .
631 2580 636 2585 .
654 2580 660 2586 .
675 2552 912 2597 proeliant».’
931 2551 983 2587 Cf.
997 2552 1209 2588 Priscianus
1228 2565 1294 2587 v111
1313 2564 1348 2597 p.
1364 2555 1442 2595 396,
1460 2555 1502 2587 16
1516 2551 1559 2586 Η.

450 2722 476 2759 4
503 2722 676 2761 consiliis
702 2723 792 2761 olim
819 2734 914 2762 corr.
1041 2724 1236 2762 Putabam
1261 2722 1508 2761 obvarabunt
1532 2723 1591 2760 vel
1616 2721 1834 2767 obvarabit,
1855 2725 1889 2761 et

329 2783 492 2820 metrum
519 2793 596 2820 esse
622 2784 914 2829 asnapaesticum
1045 2783 1108 2821 hic
1128 2782 1221 2821 ordo
1241 2784 1265 2820 ι’.
1282 2794 1310 2820 c.
1324 2782 1388 2820 hic
1408 2782 1620 2820 conventus
1640 2782 1719 2819 scil.
1739 2780 1886 2831 princi-

330 2854 426 2890 pum
566 2841 589 2878 5
616 2840 773 2879 Interea
791 2844 882 2889 post
899 2842 944 2879 K
947 2842 1217 2880 Zussmannum
1236 2842 1515 2880 Laehmamms
1541 2841 1593 2879 ad
1611 2840 1730 2878 Lucr.
1750 2852 1780 2878 11
1806 2850 1819 2876 1
1836 2837 1885 2876 18

330 2900 397 2939 ubi
416 2900 468 2938 ad
486 2899 639 2950 proelia
657 2912 810 2952 pugnas
832 2903 866 2939 et
882 2902 983 2939 hunc
1002 2912 1155 2940 verswm
1173 2901 1300 2940 Ennii
1321 2903 1355 2940 et
1371 2900 1517 2939 similia
1535 2900 1658 2938 multa
1677 2901 1811 2947 affert‚·
1832 2910 1886 2938 ce-
