2004 3278
243 164 357 200 cvm
800 164 825 199 1.
853 162 1083 199 ms'romA
1100 154 1238 198 ENNH

243 289 359 316 usum
383 289 429 315 ex
455 277 576 314 Ennii
602 275 842 314 carminibus
869 275 1008 313 afferre
1033 276 1156 313 variis
1186 274 1313 313 modis
1339 275 1458 326 solet3
1482 276 1593 314 velut
1617 288 1631 313 1
1653 276 1706 327 26
1735 272 1805 315 ‘re-

235 332 384 385 postos’
411 337 450 374 et
471 331 646 383 ‘porgite'
673 335 720 373 de
743 334 878 372 Ennio
903 334 1103 373 transtulit
1127 328 1221 387 (inc.
1243 328 1338 387 23)3
1371 347 1403 372 11
1422 334 1504 373 651
1534 331 1619 373 ‘nos
1643 332 1808 374 contra’:

235 395 543 443 praepositiones
568 396 603 432 et
629 393 815 432 adverbia
837 394 882 432 in
907 405 934 432 a
957 394 1135 432 exeuntia
1159 393 1272 431 modo
1289 393 1515 441 producunt
1536 394 1716 432 ultimam
1746 394 1807 433 lit—

242 457 365 492 teram
384 483 392 490 .
414 484 421 490 .
444 483 452 491 .
478 453 586 500 apud
609 453 790 491 Ennium
820 455 855 491 et
878 453 1095 491 Pacuvium
1126 453 1258 491 brevia
1286 455 1380 491 swnt
1402 447 1496 506 (inc.
1517 446 1605 506 30),
1636 453 1685 493 cf.
1703 466 1732 493 v
1752 454 1805 491 19

242 526 279 562 p.
296 513 393 561 591,
410 513 464 550 14
475 512 596 561 Thss.;
614 524 657 551 v1
673 513 755 550 779
772 508 932 550 ‘viden'.·
950 512 1024 551 den
1041 512 1275 550 naturaliter
1293 512 1409 561 lonqa
1427 515 1501 550 est:
1518 513 1668 551 brevem
1679 515 1808 551 tamen

242 583 328 611 eam
339 572 475 620 posuit
491 574 642 610 secutus
654 571 835 610 Ennium
855 566 947 624 (inc.
965 565 1058 622 28);
1082 583 1141 610 vn
1155 571 1238 609 568
1256 568 1332 609 ‘liic
1342 582 1478 618 specus
1490 569 1807 610 horrendmn’:...

242 631 402 670 Ennius
432 632 621 679 feminino
644 632 780 678 posuit
805 625 913 683 (ann.
935 625 1058 684 440);
1107 643 1166 670 v11
1187 631 1269 668 683
1299 626 1535 669 ‘Anienem'.·
1554 661 1563 668 .
1584 661 1592 668 .
1614 661 1623 668 .
1647 630 1807 669 Eomius

242 689 437 728 Anionem
461 690 560 729 dixit
583 692 694 728 iuxta
717 690 893 739 regulam
919 685 1027 743 (ann.
1050 684 1173 742 603)3
1222 702 1280 728 vn
1300 689 1385 728 804
1413 686 1604 737 ‘florentes
1629 701 1717 728 aere
1744 702 1808 729 ca-

243 746 399 788 tervas':
441 749 600 788 Ennius
635 752 669 787 et
700 749 908 788 Ifucretius
941 750 1077 796 florere
1110 749 1244 788 dieunt
1275 760 1385 787 omne
1418 749 1521 797 quod
1552 749 1722 788 nitidum
1755 752 1810 788 est

244 805 352 862 (ann.
369 803 491 861 323);
518 821 548 846 11
564 811 585 846 1
595 809 647 846 73
663 805 807 847 ‘salsus
819 805 970 847 sudor':
983 809 1074 847 bene
1087 809 1241 847 addidit
1251 808 1380 847 salsus
1396 838 1404 846 .
1419 838 1427 846 .
1443 838 1451 846 .
1466 807 1553 846 add.
1568 808 1669 847 Dan.
1682 809 1807 847 Probo

242 879 337 907 sane
356 868 531 916 displicet
548 868 677 907 salsus
695 868 817 906 sudor
835 871 870 906 et
885 879 1123 916 supervacue
1134 869 1308 916 positum
1320 868 1481 907 videtur.
1501 869 1570 906 hoe
1583 870 1711 906 autem
1723 867 1808 906 En-

242 929 333 966 nius
353 927 399 966 de
417 927 533 966 lamis
551 927 651 966 dixit
669 921 777 980 (ann.
801 921 923 980 606);
949 939 975 964 x
990 927 1073 965 532
1097 923 1240 976 ‘ynatis
1251 938 1374 975 parce
1389 924 1497 966 tuis’:
1516 957 1524 965 .
1546 957 1554 965 .
1575 957 1583 964 .
1595 938 1718 975 parce
1737 939 1807 965 au-

243 990 316 1025 tem
341 989 396 1025 est
417 987 630 1025 secundum
654 988 833 1035 antiquos
853 998 978 1031 serva,
1002 989 1047 1024 ut
1064 986 1172 1034 apud
1190 986 1391 1024 Isueiliwm
1410 989 1445 1024 et
1461 986 1641 1025 Ennium
1661 987 1807 1025 inveni-

242 1049 306 1084 tur
332 1040 441 1098 (ann
465 1047 559 1083 199.
583 1041 704 1098 200);
754 1058 813 1083 ΧΠ
834 1046 917 1084 298
946 1042 1131 1084 ‘torrem'.·
1155 1047 1228 1084 erit
1249 1046 1514 1084 nominativus
1538 1046 1599 1084 hic
1623 1047 1783 1084 torris..
1798 1076 1806 1084 .

242 1118 337 1144 nam
367 1105 468 1144 illud
498 1105 626 1143 Ennii
657 1108 692 1143 et
720 1105 885 1144 Pacuvii
908 1106 1068 1153 penitus
1099 1105 1145 1143 de
1175 1116 1251 1143 usu
1281 1106 1451 1149 recessit,
1481 1107 1525 1143 ut
1556 1101 1632 1143 ‘hic
1661 1102 1805 1143 torrus'

244 1161 375 1203 ‘huius
401 1161 511 1202 torri'
533 1165 709 1203 dicamus
732 1159 825 1218 (inc.
848 1159 941 1217 27);
968 1164 1125 1214 aliaque
1145 1164 1273 1214 plura,
1300 1176 1400 1213 quae
1419 1164 1657 1215 singillatim
1675 1175 1807 1202 recen-

243 1237 327 1263 sere
352 1224 454 1262 nihil
479 1235 577 1273 opus
604 1225 674 1262 est.
699 1223 854 1262 Horum
878 1235 1006 1273 pauca
1030 1224 1146 1261 licuit
1170 1223 1221 1261 ad
1246 1235 1337 1262 suos
1357 1235 1493 1262 versus
1514 1223 1612 1262 alibi
1630 1224 1806 1262 servatos

241 1284 405 1331 referre,
436 1284 477 1321 et
507 1282 558 1320 ad
590 1283 751 1321 annales
782 1283 984 1332 pertinent
1013 1284 1171 1321 tantum
1202 1295 1282 1321 non
1313 1283 1464 1332 omnia3
1494 1283 1683 1332 pleraque
1714 1295 1807 1321 vero

242 1355 321 1381 non
346 1343 532 1392 poterant
556 1343 636 1380 nisi
659 1343 703 1380 in
726 1343 888 1380 incertis
918 1343 1115 1380 collocari.

362 1402 535 1440 Tantum
561 1401 608 1439 de
634 1401 855 1440 annalibus.
883 1401 1046 1440 Scenica
1070 1414 1150 1440 non
1174 1402 1302 1440 multa
1321 1413 1404 1440 esse
1424 1401 1507 1440 dixi
1526 1413 1626 1451 quae
1647 1401 1807 1440 Servius

244 1461 466 1500 tradiderit.
499 1460 648 1498 Eorum
679 1461 871 1499 nonnulla
903 1461 954 1499 ad
981 1473 1072 1500 suas
1097 1461 1324 1513 tragoedias
1351 1462 1434 1500 sive
1459 1461 1699 1499 testimoniis
1725 1462 1808 1500 sive

243 1521 360 1559 certis
393 1519 616 1558 rationibus
648 1521 828 1559 revocari
858 1522 1042 1570 possunt:
1074 1520 1340 1572 Iphigeniam,
1379 1533 1499 1570 quam
1530 1520 1690 1559 Servius
1722 1521 1807 1570 ipse

243 1580 422 1630 appellat
450 1578 548 1617 Aen.
574 1592 589 1617 1
616 1579 670 1617 52
705 1573 761 1632 (p.
790 1580 863 1627 34,
891 1574 965 1632 14)
997 1583 1104 1618 vasto
1128 1591 1205 1628 pro
1237 1580 1404 1618 desolato
1434 1583 1575 1619 veteres
1598 1580 1807 1628 ponebant.

241 1639 402 1678 Ennius
422 1638 629 1687 Iphiyenia
649 1634 712 1690 [x]
740 1635 854 1687 ‘quae
874 1651 979 1677 nunc
998 1640 1067 1678 abs
1086 1642 1120 1677 te
1137 1639 1280 1677 viduae
1298 1642 1333 1677 et
1349 1642 1482 1677 vastae
1500 1640 1670 1687 viryines
1687 1636 1805 1677 sunt.’

243 1698 508 1736 Erechtheum
526 1710 558 1735 11
578 1698 632 1736 62
665 1698 882 1737 occwmbere
911 1699 1026 1736 morti
1056 1709 1178 1737 novae
1208 1698 1410 1736 locutionis
1439 1699 1571 1747 siyura
1599 1701 1633 1736 et
1648 1699 1807 1746 penitus

243 1760 389 1796 remota
397 1771 410 1795 .·
434 1757 594 1795 Ennius
620 1753 678 1795 ‘ut
700 1768 771 1795 nos
795 1758 919 1795 nostri
943 1757 1055 1796 liberi
1079 1757 1299 1805 defendant,
1322 1768 1400 1805 pro
1424 1760 1559 1795 nostra
1582 1759 1664 1796 vita
1693 1759 1808 1796 morti

243 1817 468 1856 occumbant
497 1813 664 1855 obviam’
688 1812 750 1867 [1].
781 1816 965 1855 Hectoris
990 1817 1098 1865 lytra
1122 1829 1168 1854 111
1189 1817 1269 1854 241
1299 1816 1455 1864 foedare
1480 1820 1691 1855 cruentare.
1723 1817 1806 1855 En-

242 1878 334 1915 nius
367 1872 486 1924 ‘ferro
516 1876 662 1924 foedati
691 1872 830 1914 iacent’
859 1871 950 1927 [v1].
989 1874 1121 1925 Atque
1152 1876 1250 1914 haec
1279 1875 1360 1913 tria
1392 1875 1442 1913 ad
1472 1890 1595 1914 unum
1626 1876 1807 1914 Servium

245 1937 447 1974 auctorem
465 1936 506 1972 et
524 1935 798 1984 supplementa
819 1934 977 1984 quidem
997 1935 1210 1973 Danielina
1228 1934 1403 1972 redeunt.
1427 1934 1631 1973 Hecubam
1650 1948 1708 1974 vn
1722 1936 1808 1973 320

246 1995 407 2034 Cisseis:
431 1995 568 2042 reqina
586 1994 749 2032 Hecuba
770 1994 858 2041 filia
875 1995 1085 2033 secundum
1103 1994 1339 2042 Euripidem
1361 1993 1494 2038 Cissei,
1519 2006 1629 2042 quem
1647 1994 1807 2033 Ermius

244 2057 277 2092 et
301 2054 498 2092 Pacuvius
522 2056 557 2092 et
582 2053 775 2102 Veryilius
799 2056 1012 2101 sequimtur
1033 2050 1095 2102 [1].
1121 2052 1440 2092 Andromacham
1458 2066 1472 2091 1
1494 2054 1578 2091 224
1604 2053 1808 2092 velivolum

244 2114 344 2152 duas
368 2124 430 2151 res
453 2113 660 2161 siqnificat,
685 2115 719 2151 et
746 2113 848 2160 quod
871 2113 965 2151 velis
989 2113 1143 2150 volatur
1165 2115 1210 2150 ut
1226 2113 1295 2151 hoc
1313 2112 1404 2157 loeo,
1423 2115 1458 2150 et
1474 2113 1576 2160 quod
1593 2113 1687 2152 velis
1705 2113 1809 2151 volat

244 2176 287 2210 ut
305 2172 464 2210 Emtius
491 2168 624 2210 ‘naves
649 2168 845 2211 velivolas’
873 2173 940 2220 qui
965 2174 999 2210 et
1015 2173 1178 2220 proprie
1202 2172 1311 2210 dixit.
1336 2171 1505 2209 Videtur
1523 2173 1628 2210 enim
1648 2171 1807 2210 Servius

244 2244 401 2270 versum
434 2243 550 2280 quem
573 2230 798 2269 Macrobius
826 2231 987 2280 plenum
1017 2243 1063 2268 ex
1089 2230 1367 2270 Andromacha
1392 2227 1442 2282 [1]
1470 2231 1609 2269 attulit
1632 2232 1740 2279 rapit
1763 2243 1808 2269 ex

245 2292 322 2329 alto
351 2301 470 2329 naves
500 2290 684 2329 velivolas
715 2290 843 2328 dicere
875 2303 1039 2340 eamque
1071 2290 1121 2328 ob
1153 2302 1313 2328 causam
1342 2301 1462 2328 naves
1486 2291 1669 2329 velivolas
1695 2302 1807 2329 accu-

245 2351 374 2389 sativo
393 2361 487 2388 casu
505 2350 701 2399 posuisse:
720 2362 813 2388 nam
832 2362 920 2388 ann.
944 2350 1027 2388 388
1046 2350 1213 2388 navibus
1232 2349 1402 2387 velivolis
1421 2349 1578 2400 legitur.
1599 2349 1658 2387 Ex
1671 2349 1807 2388 eadem

245 2409 453 2460 tragoedia
478 2403 574 2462 (95)
607 2410 767 2459 sumpta
797 2411 890 2447 sunt
922 2421 1022 2458 quae
1052 2409 1095 2446 in
1120 2408 1404 2458 supplementis
1430 2408 1653 2447 Danielinis
1678 2421 1693 2445 1
1722 2408 1804 2446 726

247 2463 302 2520 (p.
325 2469 422 2512 203,
444 2469 465 2505 1
483 2462 605 2521 Thil.)
633 2468 683 2507 ad
708 2468 957 2516 laquearibus
980 2467 1194 2506 adduntur:
1223 2468 1361 2516 leyitur
1386 2469 1421 2505 et
1446 2461 1721 2505 ‘lacuaribus’.'
1743 2465 1805 2505 Gi-

246 2538 330 2566 cero
362 2527 676 2566 Tusculanarum
708 2524 826 2565 ‘tectis
857 2527 1015 2566 caelatis
1046 2523 1240 2571 lacuatis',
1272 2525 1601 2575 quemadmodum
1631 2525 1806 2564 Nonium

248 2598 404 2636 quoque
428 2586 600 2625 vidimus
626 2598 923 2635 nonnumquam
950 2599 1049 2636 quae
1075 2586 1196 2624 Ennii
1222 2586 1315 2624 sunt
1334 2584 1532 2623 Ciceronis
1558 2585 1716 2623 nomine
1734 2585 1807 2623 issa

247 2645 447 2684 afferentis
473 2646 606 2684 citare.
632 2645 789 2683 Incerta
813 2646 979 2693 scenica,
1006 2657 1106 2694 quae
1131 2646 1171 2683 et
1194 2646 1283 2694 ipsa
1308 2644 1359 2683 ad
1383 2657 1505 2682 unum
1526 2643 1707 2682 Servium
1728 2645 1806 2682 tes-

246 2706 328 2743 tem
352 2704 527 2752 redeunt,
553 2705 646 2743 sunt
662 2704 777 2742 haec:
802 2717 818 2742 1
837 2705 863 2742 4
882 2716 1040 2743 saevam
1058 2705 1235 2743 dicebant
1251 2706 1390 2742 veteres
1414 2715 1618 2752 magnam:
1640 2704 1697 2741 sic
1720 2703 1806 2741 En-

246 2765 337 2802 nius
364 2760 518 2802 ‘induta
541 2765 619 2811 fuit
640 2775 758 2802 saeva
781 2760 895 2802 stola’
924 2758 1075 2816 [xxv1]3
1094 2776 1136 2801 1x
1154 2763 1238 2802 253
1266 2760 1424 2811 ‘inteyer
1443 2759 1542 2801 aevi'
1562 2763 1703 2810 integri
1721 2763 1807 2799 aevi

246 2823 431 2870 fiiyurate:
448 2822 492 2860 id
510 2825 564 2861 est
581 2822 804 2861 adulescens
822 2823 887 2861 eui
905 2825 1011 2861 aetas
1029 2824 1181 2871 inteyra
1198 2824 1389 2870 superest‚·
1407 2821 1510 2859 unde
1522 2820 1682 2859 Ennius
1702 2817 1805 2858 ‘deos

249 2883 334 2920 aevi
357 2877 538 2930 inteyros'
564 2882 667 2926 dicit,
697 2882 836 2930 quibus
860 2882 1025 2920 multum
1049 2883 1135 2921 aevi
1163 2883 1336 2930 superest
1359 2876 1512 2932 [XX1x];
1543 2880 1640 2929 puto
1673 2880 1806 2917 autem
