2004 3278
232 183 323 220 CCX
721 181 765 216 H.
791 179 856 216 DE
880 178 1035 215 LJBRIS
1060 178 1292 215 ENNIANIS

232 306 460 344 responsum
485 296 569 333 erat
590 293 675 332 sine
703 292 858 340 Telephi
881 292 999 331 ductu
1028 292 1186 330 Troiam
1210 292 1300 340 capi
1322 302 1403 330 non
1419 302 1546 340 posse,
1570 292 1687 340 facile
1710 303 1798 330 cwm

234 366 275 393 eo
299 356 343 392 in
363 354 535 402 ,qratiam
558 352 759 391 redierunt
782 354 817 390 et
840 351 889 390 ab
907 350 1059 390 Achille
1076 352 1274 399 petierunt
1290 353 1334 389 ut
1352 363 1438 390 eum
1455 354 1623 390 sanaret.
1650 350 1798 400 Qwibus

230 413 400 451 Achilles
424 412 622 460 respondit
644 422 684 450 se
709 413 831 449 artem
854 411 1044 450 medicam
1067 422 1146 449 non
1163 421 1285 449 nosse.
1314 411 1423 449 Tunc
1449 411 1602 460 Ulysses
1621 412 1697 449 ait:
1719 421 1798 449 non

233 475 267 510 te
303 472 398 510 dicit
425 470 566 519 Apollo
597 470 665 509 sed
702 473 895 509 auctorem
930 470 1104 509 vulneris
1139 470 1293 508 hastam
1323 471 1511 508 nominat.
1549 469 1675 518 Quam
1712 481 1799 508 cum

232 532 422 568 rasissent
450 530 685 568 remediatus
716 533 771 568 est
801 541 879 579 eqs.
911 529 1020 567 Haec
1051 530 1157 567 enim
1188 528 1285 567 satis
1318 530 1410 566 sunt
1438 529 1489 566 ad
1514 528 1798 578 expediendum

234 589 441 627 Ennianae
472 589 702 639 tragoediae
734 590 1024 640 argumentum.
1059 588 1179 627 Cuius
1211 588 1404 637 reliquiae
1435 588 1628 626 nonnulla
1651 588 1799 626 habent

232 644 342 701 (vide
363 647 413 687 ad
432 661 457 685 1.
477 661 518 686 11.
538 661 597 686 111.
616 642 676 701 1v)
705 660 805 698 quae
833 660 1015 697 expressa
1040 647 1147 686 dicas
1174 660 1220 686 ex
1245 646 1421 686 versibus
1448 647 1694 698 cognominis
1718 649 1799 685 tra-

232 707 397 757 goediae
423 707 675 756 Euripideae,
706 720 752 745 ex
779 720 857 756 qua
883 707 979 745 satis
1004 707 1132 745 multa
1157 706 1438 756 Aristophanis
1463 706 1620 744 malitia
1646 708 1686 744 et
1714 706 1798 744 eius

231 768 495 816 interpretum
524 767 715 805 sedulitas
743 767 1011 805 servaverunt.
1043 765 1192 811 Quibus
1221 778 1311 804 cum
1341 768 1533 815 appareat
1562 778 1679 815 quem
1707 777 1798 803 3110-

231 828 359 864 torem
379 826 531 864 Ennius
558 827 716 864 secutus
743 826 806 874 sit,
832 827 924 864 sunt
948 828 1082 864 tamen
1109 824 1189 864 alia
1209 837 1310 874 quae
1330 825 1535 863 fatendum
1555 826 1615 863 est
1634 824 1800 864 obscura

232 897 315 923 esse
342 897 412 923 nec
438 885 633 923 illustrari
657 898 704 923 ex
730 884 900 923 Graecis.

350 944 398 982 In
428 944 611 993 reliquiis
638 944 894 994 Thyestae,
924 956 1024 993 quae
1050 945 1225 982 extrema
1251 943 1330 981 fuit
1353 943 1475 981 Ennii
1499 943 1706 994 tragoedia
1732 938 1799 996 (cf.

229 1016 268 1052 p.
287 998 405 1056 xvn),
426 1003 539 1053 quasi
558 1015 620 1041 res
641 1016 794 1042 summa
815 1003 980 1041 actionis
1002 1003 1232 1054 agnoscitur
1251 1014 1345 1041 cena
1368 1003 1558 1051 Thyestae
1578 1015 1699 1052 quam
1717 1002 1797 1041 Ho-

231 1062 359 1101 ratius
384 1062 482 1100 dicit
507 1058 595 1115 (vn.
616 1057 722 1116 vm),
755 1075 856 1112 quae
883 1062 1076 1112 excipitur
1101 1075 1125 1100 a
1150 1063 1335 1100 lamentis
1361 1062 1545 1112 Thyestis
1577 1074 1689 1100 suam
1720 1061 1799 1100 for-

231 1123 373 1160 tunam
399 1121 642 1171 deplorantis
669 1124 709 1160 et
733 1134 794 1160 res
828 1134 919 1160 suas
952 1122 1083 1160 nescio
1117 1121 1257 1171 quibus
1289 1122 1503 1169 hospitibus
1529 1115 1656 1174 (349)
1689 1133 1800 1158 01131-

232 1182 359 1219 rantis
380 1175 607 1234 (IX—xm),
627 1181 797 1247 denique
818 1193 842 1220 a
861 1181 1084 1231 ponderosa
1103 1180 1370 1220 exsecratione
1390 1180 1505 1218 Atrei
1523 1180 1659 1219 fratris
1680 1175 1800 1234 (XIV)

231 1240 291 1278 Ex
317 1241 444 1278 altera
469 1242 583 1290 parte
609 1240 642 1278 si
667 1253 802 1279 versus

352 1300 438 1337 Eho
463 1302 516 1344 tu,
541 1299 584 1338 di
608 1300 748 1347 quibus
774 1303 828 1338 est
844 1302 1016 1347 potestas
1040 1302 1165 1338 motus
1189 1310 1374 1348 superum
1399 1301 1513 1347 atque
1537 1300 1723 1348 inferum,

348 1358 489 1397 Pacem
513 1360 614 1397 inter
637 1370 719 1397 sese
744 1360 962 1404 conciliant,
987 1360 1191 1407 conferunt
1214 1359 1461 1397 concordiam

233 1412 330 1470 (m),
363 1430 462 1467 quos
490 1417 560 1467 qui
585 1418 701 1455 affert
726 1418 936 1467 Thesproti
962 1430 1044 1457 esse
1069 1419 1253 1466 testatur,
1279 1417 1431 1468 Hygini
1463 1417 1692 1456 testimonio
1725 1417 1802 1456 fre-

230 1478 295 1515 tus
315 1479 421 1515 recte
442 1477 492 1515 ad
510 1477 613 1515 hanc
632 1477 881 1528 tragoediam
900 1477 1017 1526 traxi,
1039 1477 1179 1526 quibus
1199 1476 1376 1516 versibus
1396 1490 1438 1516 1v
1458 1476 1616 1515 adnecti
1633 1478 1803 1527 poterat,

232 1536 451 1585 Thesproto
477 1536 744 1574 intercedente
771 1536 818 1575 de
837 1538 956 1586 rupta
974 1537 1145 1575 fratrum
1165 1536 1374 1575 concordia
1393 1535 1638 1575 restituenda
1658 1537 1724 1587 agi
1743 1537 1800 1574 vi-

231 1595 381 1634 deatur.
409 1594 487 1633 Sed
512 1597 717 1645 praeterea
743 1595 811 1645 qui
837 1598 929 1634 sunt
954 1597 996 1634 in
1021 1596 1095 1634 hac
1120 1597 1234 1645 parte
1260 1607 1409 1644 verSUS,
1443 1608 1523 1634 non
1548 1596 1713 1634 obscura
1742 1595 1803 1633 illi

233 1654 395 1703 quidem
414 1655 623 1703 sententia,
642 1655 814 1693 multum
832 1656 967 1693 tamen
987 1655 1099 1693 abest
1117 1657 1163 1693 ut
1181 1657 1360 1692 tenorem
1375 1654 1571 1704 quendam
1584 1667 1715 1692 rerum
1733 1657 1803 1693 aut

234 1725 462 1751 sermonum
486 1714 741 1763 patefaciant.
768 1713 993 1764 Vestigium
1020 1713 1219 1763 quoddam
1246 1713 1410 1764 originis
1430 1713 1669 1763 Euripideae
1688 1726 1808 1764 prae--

230 1772 298 1811 bet
322 1785 456 1811 versus
482 1771 625 1821 Aspice
649 1774 717 1811 hoc
741 1774 904 1812 sublime
929 1774 1110 1818 candens,
1135 1785 1246 1821 quem
1270 1776 1408 1811 vocant
1432 1784 1561 1811 omnes
1586 1773 1718 1812 Iovem
1740 1768 1802 1826 (v)

234 1844 323 1870 cum
347 1832 421 1870 hoc
440 1831 644 1882 Eunpidis
664 1832 838 1871 incertae
858 1832 1086 1883 tragoediae
1107 1827 1210 1885 (941
1233 1826 1406 1884 Nauck.)
1427 1829 1634 1871 collatus
1616 1835 1711 1887 ορᾷς
1733 1831 1801 1871 τὸν

234 1889 346 1940 ὑψοῦ
372 1885 481 1929 τόνδ’
509 1889 672 1943 ἄπειρον
698 1889 841 1943 αἰθέρα
865 1894 952 1941 κτλ,
983 1891 1031 1928 de
1064 1904 1143 1941 quo
1176 1893 1217 1930 et
1248 1891 1298 1928 ad
1328 1891 1431 1930 hunc
1462 1892 1595 1930 locum
1627 1893 1667 1930 et
1697 1892 1803 1930 infla

233 1950 283 1988 ad
309 1950 594 1999 Epicharmum
619 1964 655 2000 p.
678 1962 800 1989 ccxix
826 1951 919 1988 dixi.
945 1951 1125 2000 Denique
1151 1963 1199 1988 ne
1224 1950 1319 2000 quid
1345 1951 1556 1989 omittatur
1580 1964 1626 1989 ex
1650 1950 1802 2002 Hygini

234 2009 313 2047 fab.
339 2010 393 2047 88
424 2011 582 2047 tantum
614 2010 777 2048 afferam
809 2010 914 2060 quod
945 2010 1041 2049 satis
1074 2010 1126 2048 sit
1157 2009 1208 2047 ad
1239 2009 1353 2048 Atrei
1385 2011 1425 2047 et
1456 2010 1639 2060 Thyestis
1671 2022 1801 2048 neces-

235 2068 450 2107 situdinem
476 2081 565 2107 cum
592 2069 810 2118 Thesproto
841 2082 932 2120 rege
958 2068 1072 2118 Epiri
1102 2068 1391 2107 declarandam.
1423 2068 1568 2107 Atreus
1590 2070 1743 2118 Pelopis
1769 2072 1803 2107 et

232 2128 525 2176 Hippodamiae
554 2129 663 2175 silius
691 2130 849 2177 cupiens
878 2141 903 2167 a
935 2129 1096 2177 Thyeste
1127 2130 1251 2177 fratre
1277 2139 1348 2166 suo
1375 2129 1548 2167 iniurias
1577 2130 1729 2177 exsequi
1759 2130 1803 2167 in

229 2189 402 2236 qratiam
427 2199 514 2225 cum
540 2198 580 2225 60
608 2188 726 2226 rediit
755 2190 790 2226 et
818 2189 862 2226 in
889 2199 1051 2236 reynum
1077 2199 1194 2226 suum
1222 2199 1309 2226 eum
1335 2187 1491 2226 reduxit
1516 2188 1693 2236 filiosque
1720 2189 1803 2227 eius

233 2248 405 2294 infantes
435 2247 646 2285 Tantalum
670 2250 705 2285 et
727 2247 960 2286 Plisthenem
985 2247 1123 2286 occidit
1147 2250 1181 2285 et
1203 2248 1248 2285 in
1276 2246 1399 2294 epulis
1429 2247 1587 2295 Thyesti
1612 2248 1803 2296 apposuit.

234 2305 310 2353 Qui
329 2317 416 2343 cum
434 2308 658 2357 vesceretur,
682 2305 827 2345 Atreus
845 2307 1053 2354 imperavit
1071 2307 1231 2344 brachia
1250 2308 1284 2344 et
1302 2316 1373 2344 ora
1384 2317 1600 2354 puerorum
1620 2307 1779 2355 afferri.
1794 2335 1802 2343 .

237 2365 419 2413 Thyestes
448 2366 587 2403 scelere
615 2366 769 2413 nefario
801 2367 948 2414 coynito
972 2366 1153 2414 profuyit
1182 2365 1235 2403 ad
1271 2376 1396 2413 reyem
1430 2365 1704 2413 Thesprotum,
1734 2365 1804 2403 ubi

233 2423 342 2462 lacus
366 2423 549 2462 Avernus
580 2425 724 2463 dicitur
748 2436 856 2463 esse.
937 2425 1136 2463 ,Interim
1159 2423 1344 2462 sterilitas
1368 2424 1547 2472 Mycenis
1571 2426 1733 2474 frqum
1757 2436 1804 2462 ac

227 2484 401 2530 penuria
426 2484 552 2521 oritur
577 2484 622 2521 ob
647 2483 761 2522 Atrei
783 2484 918 2522 scelus.
950 2484 1022 2522 Ibi
1044 2494 1272 2532 responsum
1297 2485 1352 2521 est
1374 2485 1418 2520 ut
1446 2483 1647 2532 Thyestem
1677 2485 1721 2522 im
1745 2495 1804 2521 re-

230 2554 353 2600 ynum
365 2542 570 2580 reduceret.
586 2542 662 2591 Qui
674 2555 762 2581 cum
775 2543 828 2581 ad
844 2543 1101 2591 Thesprotum
1114 2553 1239 2592 reyem
1251 2543 1352 2586 isset,
1372 2543 1581 2580 aestimans
1602 2543 1803 2591 Thyestem

232 2601 309 2640 ibis
311 2612 473 2645 morari
497 2601 698 2649 Pelopiam
723 2603 874 2651 aspexit
898 2606 977 2651 eqs.

354 2659 414 2698 De
440 2660 602 2698 scenicis
630 2673 730 2709 quae
755 2662 920 2710 restant,
946 2674 1081 2699 eorum
1105 2659 1408 2698 Ambraciam
1436 2661 1476 2698 et
1502 2658 1702 2698 Sabinas
1729 2673 1801 2709 pro

234 2718 495 2768 praetextatis
521 2718 721 2768 habemus,
752 2733 992 2769 quamquam
1017 2720 1242 2768 Ambracia,
1267 2719 1344 2757 nisi
1370 2718 1475 2769 quod
1502 2731 1645 2757 nomen
1669 2718 1800 2769 ipsum

234 2778 343 2816 urbis
364 2791 388 2816 a
400 2778 542 2816 Fulvio
558 2780 806 2829 expugnatae
821 2779 1006 2818 admonet
1021 2773 1087 2831 (cf.
1101 2792 1138 2828 p.
1153 2772 1321 2831 xrvsq.),
1339 2779 1381 2815 in
1394 2777 1575 2827 reliquiis
1589 2790 1668 2816 non
1685 2778 1805 2816 habet

237 2837 344 2886 quod
376 2837 427 2875 ad
459 2850 545 2875 eam
575 2850 659 2875 rem
690 2838 902 2888 referatur3
934 2851 980 2876 ex
1007 2838 1164 2876 Sabinis
1197 2850 1296 2887 quae
1329 2837 1445 2875 unica
1470 2837 1658 2875 laudatur
1682 2837 1802 2875 111101-

236 2897 393 2946 rogatio
419 2908 506 2935 eum
530 2897 657 2945 spolia
678 2899 831 2946 ,ceneris
850 2898 1092 2936 detraxeritis
1114 2909 1232 2946 quam
1250 2897 1540 2945 inscriptionem
1559 2896 1702 2935 dabitis
1720 2897 1804 2934 tam
