2020 3334
319 203 434 241 XLVI
875 204 901 240 I.
927 203 1154 239 HISTORIA
1179 203 1316 239 ENNII

319 319 575 366 scripserunt,
619 318 770 355 etiamsi
805 318 936 355 minus
973 328 1091 364 quam
1128 319 1170 354 tu
1204 316 1336 364 polite.
1403 317 1486 356 Nec
1526 329 1615 356 vero
1658 318 1728 357 tibi
1770 318 1883 357 aliter

320 378 446 415 videri
476 377 581 414 debet
611 376 678 422 qai
703 388 729 413 a
752 376 903 414 Naevio
927 376 987 413 vel
1010 377 1211 423 sumpsisti
1234 376 1358 413 multa
1381 377 1417 414 si
1441 377 1589 424 fateriS,
1619 378 1679 416 vel
1705 379 1742 416 si
1764 389 1883 426 neyas

319 436 558 483 surripuisti.
609 434 783 472 Tantum
828 434 1070 472 afferendum
1107 435 1210 481 erat,
1250 435 1296 472 ut
1333 435 1403 483 qui
1439 448 1560 474 nexus
1604 438 1706 475 esset
1749 449 1884 475 earum

321 495 604 533 sententiarum
629 493 847 543 patefieret,
873 506 989 543 quem
1013 494 1259 543 interpretes,
1287 495 1355 542 qui
1379 507 1469 532 raro
1495 497 1637 533 curant
1655 495 1885 546 disputandi

319 556 506 602 tenorem,
538 554 608 590 aut
637 565 716 591 non
748 554 968 604 attigerunt
999 555 1070 591 aut
1099 566 1221 603 prave
1257 554 1491 593 tractarunt.
1539 553 1720 604 Apparet
1751 557 1884 593 autem

319 612 430 650 filum
462 606 557 665 (71)
596 612 837 661 inchoatum,
875 611 1014 650 deinde
1052 606 1139 664 (72.
1163 607 1236 665 73)
1274 614 1496 662 temporum
1533 613 1800 652 controversia
1837 614 1884 652 de

319 671 435 710 Livio
477 672 745 720 interruptum
789 672 871 709 iam
914 666 1003 723 (19,
1025 666 1098 724 74)
1141 672 1290 709 resumi
1331 673 1372 710 et
1413 671 1547 710 retexi.
1598 670 1702 716 Quos
1744 675 1884 711 veteres

319 742 454 769 versus
491 730 765 780 appellaverat
801 730 931 768 Ennio
967 730 1135 780 priores,
1178 743 1281 768 nunc
1319 732 1411 768 sunt
1448 733 1625 769 carmina
1661 731 1886 770 convivalia

323 789 502 838 Catonis,
541 791 580 827 et
618 789 761 838 quibus
800 803 839 828 se
871 791 1111 839 superiorem
1142 789 1296 827 dixerat
1326 789 1477 829 Ennius
1510 791 1746 829 assentiente
1781 790 1885 829 Cice-

319 861 431 898 rone,
469 862 547 887 non
579 849 706 887 solum
736 848 873 887 Livius
906 851 1007 898 erat,
1046 849 1114 887 sed
1150 850 1276 899 magis
1307 849 1492 888 Naevius.
1530 849 1595 887 Ad
1632 863 1720 887 eum
1757 851 1885 900 igitur

317 909 457 946 'eodem
495 909 780 947 sententiarum
818 920 935 947 cursu
970 909 1134 947 revertit
1176 920 1280 946 nunc
1323 908 1381 946 ita
1427 910 1490 958 ut,
1538 910 1794 958 quantumvis
1834 910 1887 948 sit

320 967 471 1006 Ennius
503 967 698 1017 superior,
736 980 825 1005 eum
855 969 1014 1005 tamen
1045 979 1123 1006 non
1154 968 1272 1017 plane
1304 980 1386 1006 esse
1424 968 1749 1006 contemnendum
1781 981 1882 1007 asse-

322 1028 437 1065 reret.
501 1026 566 1064 Sic
603 1028 742 1064 natum
779 1028 839 1065 est
875 1026 977 1064 illud
1012 1026 1143 1064 nobile
1175 1025 1372 1065 Ciceronis
1410 1027 1458 1065 de
1488 1026 1641 1065 Naevio
1680 1029 1720 1065 et
1754 1027 1884 1066 Ennio

322 1086 533 1134 iudicium,
571 1087 611 1123 et
647 1085 740 1124 licet
777 1086 889 1124 nobis
922 1086 992 1123 illo
1024 1098 1097 1123 usu
1130 1085 1280 1124 citandi
1310 1086 1502 1124 nonnulla
1534 1086 1581 1124 de
1612 1086 1734 1124 Ennii
1764 1088 1883 1125 versi-

320 1145 392 1183 bus
429 1145 650 1194 intercepta
687 1146 785 1193 sint,
821 1146 903 1183 vim
943 1145 1100 1194 quidem
1134 1146 1174 1183 et
1205 1146 1447 1183 occasionem
1479 1145 1698 1184 sententiae
1728 1146 1884 1195 plenius

322 1205 603 1254 perspeximus.
653 1203 795 1253 Itaque
826 1206 1070 1254 compertum
1102 1206 1160 1243 est
1190 1216 1271 1242 rem
1303 1217 1422 1253 quam
1455 1205 1543 1242 aliis
1572 1204 1759 1254 scriptam
1785 1205 1885 1243 dixit

323 1264 475 1302 Ennius
512 1262 661 1301 bellum
692 1262 886 1301 Punicum
915 1264 1088 1312 primum
1125 1265 1165 1301 et
1204 1276 1290 1302 eam
1326 1275 1407 1302 rem
1445 1264 1513 1313 qui
1551 1265 1750 1313 scripserit
1780 1263 1818 1301 N
1821 1277 1884 1302 ae-

324 1324 434 1361 vium
466 1334 559 1370 esse,
592 1323 631 1360 et
663 1322 712 1360 ad
743 1323 817 1360 hoc
848 1322 1038 1360 iudicium
1069 1322 1116 1360 de
1148 1335 1188 1361 se
1221 1324 1260 1360 et
1290 1323 1420 1372 priore
1451 1324 1569 1372 poeta
1601 1323 1773 1361 Ennium
1804 1336 1883 1361 non

321 1382 431 1431 prius
463 1381 676 1420 adductum
709 1394 802 1429 esse,
832 1394 951 1430 quam
977 1382 1027 1420 ad
1051 1382 1293 1420 narrandum
1317 1382 1417 1419 illud
1441 1381 1588 1420 bellum
1614 1383 1885 1432 accingeretur

321 1441 507 1491 oportuit.
540 1441 599 1479 De
626 1441 799 1490 Thyesta
830 1441 1037 1491 tragoedia
1062 1441 1182 1479 Ennii
1208 1453 1309 1490 quae
1334 1441 1521 1492 leguntur
1545 1442 1587 1479 in
1612 1441 1738 1480 Bruto
1763 1454 1883 1491 supra

323 1500 487 1538 adhibui
516 1500 559 1537 in
589 1499 686 1537 Vita
717 1500 839 1538 Ennii
863 1513 899 1549 p.
921 1512 973 1539 VI.

439 1559 564 1596 Bruto
591 1559 762 1609 adiungo
782 1559 961 1596 libellum
981 1559 1027 1597 de
1047 1560 1197 1609 optimo
1218 1572 1359 1610 genere
1379 1561 1579 1598 oratorum
1600 1555 1652 1612 (a.
1674 1555 1790 1613 710),
1815 1561 1884 1609 qui

322 1619 420 1656 haec
457 1617 578 1656 habet
614 1618 661 1656 de
699 1619 990 1656 existimatione
1021 1618 1142 1656 Ennii
1182 1632 1282 1668 quae
1318 1620 1407 1657 tum
1442 1619 1564 1656 fuerit
1595 1613 1654 1671 (1,
1677 1614 1738 1672 2):
1769 1621 1813 1657 in
1842 1631 1884 1657 re

322 1678 423 1726 quod
460 1679 646 1725 optimum
681 1679 733 1715 sit
762 1679 986 1725 quaeritur:
1020 1679 1064 1715 in
1100 1678 1251 1716 homine
1287 1678 1447 1722 dicitur,
1484 1678 1586 1725 qaod
1618 1680 1682 1716 est.
1744 1678 1884 1726 Itaque

324 1737 409 1775 lieet
439 1737 562 1775 dicere
593 1739 628 1775 et
657 1737 836 1774 Ennium
864 1748 1060 1774 summum
1091 1738 1240 1784 epicam
1263 1739 1437 1784 poetam,
1474 1738 1509 1775 si
1539 1738 1603 1775 cui
1633 1739 1690 1775 ita
1719 1738 1883 1782 videtur,

322 1799 356 1834 et
379 1796 596 1834 Pacuvium
620 1797 809 1844 traqieum
835 1798 869 1834 et
895 1795 1106 1834 Caecilium
1130 1797 1294 1844 fortasse
1313 1797 1508 1840 comicum,
1534 1799 1722 1834 oratorem
1749 1808 1884 1845 yenere

321 1866 399 1892 non
424 1855 568 1900 divido,
591 1856 805 1903 perfeetum
832 1856 933 1893 enim
958 1866 1111 1902 quaero.
1139 1853 1272 1893 Cicero
1297 1867 1375 1893 non
1402 1855 1559 1892 dubitat
1583 1855 1755 1892 Ennium
1781 1868 1883 1894 sum-

322 1927 429 1951 mum
461 1914 614 1963 epicum
644 1915 804 1963 poetam
833 1913 990 1962 habere,
1016 1927 1133 1963 quem
1164 1926 1360 1952 summum
1389 1915 1431 1951 in
1457 1915 1564 1952 omni
1589 1927 1730 1965 genere
1754 1916 1882 1964 poesis

322 1973 532 2021 existimat,
564 1973 633 2011 sed
664 1973 698 2011 si
729 1985 872 2024 genera
904 1973 1143 2021 dividantur,
1176 1973 1281 2022 quod
1311 1973 1406 2011 licet
1436 1975 1478 2010 in
1508 1974 1647 2022 poetis,
1678 1986 1756 2011 non
1791 1974 1884 2011 licet

322 2033 363 2069 in
395 2032 635 2081 oratoribus,
666 2044 779 2082 posse
810 2032 894 2070 fieri
926 2032 1039 2081 dicit,
1077 2032 1205 2070 Ennio
1237 2034 1283 2070 ut
1314 2032 1446 2082 epicae
1477 2032 1606 2081 poesis
1637 2033 1882 2082 principatus

322 2091 533 2130 tribuatur.

440 2150 503 2188 Ad
535 2151 766 2200 scriptiones
796 2151 1068 2200 philosophiae
1101 2163 1189 2189 cum
1220 2150 1377 2199 accedo,
1408 2150 1621 2188 verendum
1653 2152 1712 2189 est
1742 2164 1791 2189 ne
1821 2164 1883 2188 me

322 2211 515 2248 immensa
552 2211 666 2260 copia
697 2210 887 2248 librorum
919 2212 959 2248 et
988 2210 1304 2248 testimoniorum
1336 2222 1381 2247 ex
1411 2210 1485 2248 hoc
1515 2210 1656 2248 itinere
1689 2210 1793 2259 quod
1824 2211 1882 2247 in-

324 2281 478 2319 gressus
523 2282 609 2308 sum
652 2271 828 2308 excutiat
871 2271 910 2308 et
946 2282 1007 2307 me
1044 2270 1086 2307 in
1122 2269 1253 2307 media
1288 2270 1354 2307 via
1391 2269 1631 2307 delassatum
1672 2270 1882 2318 relinquat.

322 2328 470 2366 Verum
506 2329 639 2367 tamen
670 2329 944 2378 temptandum
976 2330 1035 2366 est
1065 2329 1252 2378 exemplis
1283 2327 1441 2377 quidem
1473 2329 1626 2377 aliquot
1664 2330 1882 2366 monstrare

324 2388 459 2436 qualia
484 2388 564 2426 sint
595 2401 641 2426 ea
666 2388 808 2437 quibus
836 2387 968 2427 Cicero
994 2400 1065 2437 pro
1092 2400 1163 2426 sua
1183 2388 1297 2437 parte
1316 2387 1422 2424 cavit
1440 2399 1488 2424 ne
1508 2388 1682 2424 carmina
1701 2387 1883 2425 Enniana

323 2447 365 2484 in
402 2447 682 2496 sempiternam
719 2447 956 2485 oblivionem
992 2448 1109 2496 rapta
1143 2447 1231 2485 sint.
1295 2444 1370 2483 Sed
1401 2458 1479 2483 non
1511 2446 1684 2496 singulos
1715 2447 1761 2484 ut
1791 2447 1882 2484 ante

323 2505 438 2543 huius
475 2505 583 2544 modi
619 2506 741 2544 libros
778 2506 1010 2556 explorandi
1050 2518 1167 2544 causa
1203 2504 1502 2555 perambulabo,
1545 2518 1680 2543 verum
1723 2505 1882 2554 partitis

324 2564 527 2603 Ennianae
558 2566 686 2614 poesis
717 2566 925 2615 generibus
957 2565 1003 2603 de
1036 2564 1242 2603 annalibus
1268 2564 1450 2613 primum,
1482 2563 1571 2601 dein
1597 2563 1643 2601 de
1668 2564 1882 2614 tragoediis

325 2636 441 2673 agam
472 2626 512 2662 et
542 2624 573 2662 si
607 2637 706 2673 quae
732 2626 825 2663 sunt
848 2625 1011 2673 reliqua.
1055 2623 1228 2662 Annales
1254 2623 1372 2661 semel
1398 2623 1565 2672 exempli
1590 2635 1708 2661 causa
1732 2636 1882 2672 ponun-

324 2684 390 2720 tur
427 2683 474 2720 de
512 2685 591 2721 nat.
624 2683 727 2721 deor.
754 2696 784 2721 11
817 2684 884 2731 37,
906 2684 959 2721 93
992 2684 1060 2722 hoc
1096 2685 1164 2731 qui
1200 2684 1390 2721 existimat
1419 2683 1508 2729 fieri
1530 2684 1705 2730 potuisse
1741 2676 1806 2735 (ut
1837 2694 1882 2719 ex

326 2754 532 2792 corporum
569 2742 815 2791 quorundam
852 2743 1104 2780 concursione
1141 2743 1307 2780 fortuita
1343 2740 1510 2778 mundus
1549 2736 1760 2793 efficiatur)
1803 2752 1883 2778 tnon

325 2802 510 2849 intelleqo,
542 2813 611 2839 cur
640 2813 719 2839 non
749 2802 851 2840 idem
874 2804 995 2850 putet,
1025 2803 1061 2840 si
1091 2801 1393 2840 innumerabiles
1423 2801 1541 2838 unius
1573 2802 1607 2837 et
1636 2801 1773 2848 viyinti
1803 2801 1882 2847 for-

326 2872 412 2898 mae
448 2861 665 2898 lit-terarum
701 2861 760 2898 vel
796 2872 939 2899 aureae
974 2861 1034 2898 vel
1069 2861 1292 2908 qualeslibet
1326 2860 1456 2907 aliquo
1493 2860 1737 2902 coiieiantur,
1766 2869 1882 2905 posse

327 2931 372 2957 ex
407 2921 457 2958 iis
493 2921 537 2957 in
573 2922 717 2958 terram
753 2921 920 2958 excussis
957 2920 1118 2958 annales
1150 2920 1293 2964 Ennii,
1330 2921 1373 2956 ut
1409 2918 1583 2965 deinceps
1619 2918 1692 2967 Zeqi
1716 2919 1881 2965 possint,
