2004 3278
737 163 1036 200 SATURARUM
1062 164 1190 200 LIBRI
1608 165 1748 201 ccxm

186 275 302 314 nibus
329 278 576 315 accesserunt
599 276 716 315 fidem
749 276 909 326 quidem
934 276 1223 316 observationis
1255 290 1366 316 meae
1395 278 1625 317 confirmare
1657 291 1746 329 pos-

187 336 292 384 sunt,
318 335 439 374 Ennii
463 336 652 384 reliquias
677 336 920 386 locupletare
946 349 1025 374 non
1049 338 1225 386 possunt.

307 393 383 433 Sed
409 395 443 432 si
469 395 685 444 quaeritur,
718 395 824 444 quod
850 397 1065 445 quaeratur
1090 397 1256 445 oportet,
1287 395 1351 435 hic
1382 397 1574 447 apologus
1600 396 1747 447 Aesopi

186 454 235 491 ab
268 454 396 492 Ennio
428 454 606 492 versibus
634 455 853 504 perpolitus
884 455 1055 493 fueritne
1086 456 1242 505 integra
1273 457 1408 493 satura
1439 469 1489 493 an
1521 457 1623 494 forte
1654 469 1746 506 pars

186 514 343 551 tantum
370 513 537 551 alicuius
565 514 724 552 saturae
748 515 790 552 in
818 527 937 562 quam
961 514 1058 552 haec
1084 514 1221 551 fabula
1248 514 1297 551 ad
1323 515 1631 553 confirmandam
1660 529 1744 554 sen-

184 573 352 610 tentiam
379 586 480 622 quae
507 574 565 611 est
589 573 635 610 de
654 574 765 611 inani
783 574 1015 622 plerumque
1039 575 1255 612 amicorum
1274 574 1417 612 fiducia
1435 576 1594 624 recepta
1612 576 1745 625 fuerit,

186 631 402 681 ambigitur
426 645 498 671 nec
522 633 595 670 hoc
615 633 711 670 satis
732 634 837 670 certo
858 645 903 670 ex
924 631 1043 670 Gellii
1061 632 1190 671 verbis
1211 633 1462 671 diiudicatur.
1489 634 1595 672 Fieri
1615 636 1654 672 et
1672 636 1746 674 hoc

183 692 359 740 potuisse
391 691 553 729 dubium
584 704 663 730 non
696 693 772 739 031,
805 704 850 729 30
881 691 1058 730 videmus
1090 693 1315 730 saturarum
1346 694 1482 742 poetas
1515 695 1671 743 saepius
1704 694 1744 732 in

183 750 286 789 hunc
305 763 419 788 usum
438 752 602 789 vertisse
624 750 790 799 fabulas,
816 751 928 789 velut
946 750 1123 790 Lucilius
1149 751 1326 790 fabulam
1352 752 1399 790 de
1424 753 1536 790 leone
1557 754 1597 791 et
1615 754 1745 802 vulpe,

185 823 301 858 quam
328 823 373 848 ex
398 809 448 848 iis
472 822 572 859 quae
592 811 748 848 exstant
769 805 868 863 (xxx
890 805 1143 863 919—924)
1163 823 1242 848 non
1261 812 1378 850 nimis
1398 811 1571 850 breviter
1589 812 1746 851 videtur

182 869 346 908 consilio
371 882 450 907 non
476 871 613 919 aperto
640 871 882 919 exposuisse3
909 870 948 907 01
967 870 1156 908 Ηο1311113
1182 871 1224 908 111
1251 872 1385 909 3311113
1404 871 1550 909 fabulis
1570 885 1665 911 usus
1686 874 1745 910 est

182 940 270 966 cum
298 928 393 967 alibi
419 929 528 967 velut
553 941 584 966 11
605 929 643 977 3,
664 930 897 967 314—320
922 931 1008 967 tum
1031 931 1281 978 potissimum
1302 942 1332 967 11
1354 931 1391 978 6,
1414 932 1465 967 77
1471 932 1628 979 -117,
1655 930 1743 969 Ger-

181 989 246 1025 vio
272 988 449 1026 fabulam
474 988 521 1026 de
541 988 716 1027 muribus
742 988 892 1026 urbano
920 990 959 1026 et
983 990 1131 1027 rustico
1153 989 1283 1038 lepide
1304 989 1514 1027 admodum
1535 991 1742 1041 garriente.

183 1047 259 1085 Sed
279 1048 399 1097 paulo
419 1049 552 1086 tamen
571 1047 817 1097 probabilius
837 1048 995 1086 videtur
1013 1048 1114 1086 hanc
1133 1050 1332 1098 integram
1351 1050 1527 1087 saturam
1541 1062 1634 1099 esse,
1656 1063 1743 1088 cum

182 1106 276 1155 quid
301 1107 439 1144 fabula
465 1107 605 1146 doceat
630 1107 781 1145 duobus
807 1107 984 1146 versibus
1011 1109 1193 1147 extremis
1221 1121 1445 1157 expressum
1474 1108 1538 1156 311,
1569 1110 1614 1146 111
1644 1109 1743 1146 nihil

181 1166 432 1215 desideretur,
459 1168 497 1205 et
523 1166 651 1204 officio
673 1168 829 1204 saturae
850 1167 1087 1205 admonendi
1105 1168 1147 1204 in
1168 1169 1297 1205 aetate
1318 1168 1470 1218 agenda
1491 1167 1585 1217 quid
1605 1180 1742 1207 caven*-

181 1225 275 1263 dum
302 1228 372 1263 aut
395 1226 609 1275 petendum
634 1227 687 1264 sit
711 1226 774 1264 vel
800 1227 856 1264 sic
882 1227 1133 1265 satisfactum
1158 1226 1350 1265 videatur.

302 1284 454 1323 Certius
474 1287 653 1336 integrae
674 1288 834 1324 saturae
855 1288 1132 1336 argumentum
1151 1286 1370 1335 percipitur
1384 1299 1430 1324 ex
1443 1287 1491 1324 iis
1508 1299 1607 1335 quae
1623 1285 1741 1331 Quin-

179 1343 345 1382 tilianus
366 1345 533 1383 tradidit
554 1339 604 1398 (1)
624 1346 690 1383 sed
715 1346 864 1393 formas
884 1356 1029 1393 qnoque
1048 1347 1232 1394 finyimas
1250 1357 1375 1393 saepe,
1394 1348 1437 1383 ut
1454 1347 1625 1384 Famam
1653 1347 1688 1384 V
1686 1358 1742 1384 er-

176 1403 307 1451 quius,
332 1407 375 1441 ut
401 1405 642 1452 Voluptatem
662 1417 707 1442 ac
734 1405 920 1443 Virtutem
938 1405 1139 1449 Prodicus,
1161 1407 1204 1442 at
1221 1406 1389 1443 fllortem
1409 1417 1454 1443 ac
1481 1405 1620 1450 Vitam,
1646 1418 1743 1453 quas

179 1463 440 1501 contendentes
465 1465 509 1501 in
532 1466 670 1501 satura
690 1464 809 1502 tradit
828 1464 997 1502 Ennius.
1023 1464 1189 1501 Nullum
1208 1464 1383 1513 verbum,
1408 1464 1562 1501 nullum
1584 1477 1742 1502 versum

180 1535 225 1559 ex
252 1535 297 1560 ea
326 1522 438 1560 nobis
470 1524 607 1561 satura
634 1522 901 1567 Quintilianus
934 1522 1121 1571 exhibuit,
1154 1523 1221 1561 sed
1253 1525 1530 1573 argumentum
1561 1524 1742 1573 proditur

179 1594 269 1618 011111
294 1582 342 1619 113
371 1595 470 1630 quae
497 1582 543 1620 de
570 1582 699 1620 Ennio
727 1581 823 1620 dicit
848 1583 934 1619 tum
960 1582 1148 1632 exemplis
1176 1595 1276 1631 quae
1302 1582 1466 1620 addidit.
1498 1582 1635 1621 Vitam
1666 1583 1740 1634 igi-

178 1641 244 1677 tur
275 1642 314 1678 01
341 1641 509 1679 Μο110111
539 1643 745 1690 tamquam
776 1653 962 1690 personas
994 1641 1097 1679 inter
1128 1654 1168 1680 se
1200 1643 1469 1680 concertantes
1501 1642 1650 1680 Ennius
1683 1642 1741 1679 in-

177 1699 307 1749 duxit,
334 1700 438 1749 quod
464 1714 600 1751 genus,
626 1702 735 1739 cuius
761 1702 1011 1738 notissimum
1039 1702 1097 1739 est
1123 1702 1344 1750 exemplum
1363 1701 1551 1739 Hercules
1571 1701 1740 1750 Prodici,

178 1759 258 1797 late
283 1760 433 1808 patuit3
460 1760 526 1810 sic,
552 1761 597 1798 ut
621 1773 749 1809 pauca
775 1760 949 1808 afferam,
976 1759 1081 1810 apud
1101 1759 1410 1809 Aristophanem
1429 1759 1566 1812 Λόγον
1587 1760 1740 1799 δίκαιον

178 1820 218 1855 01
242 1817 379 1870 Λόγον
404 1816 543 1858 ἄδικον
563 1821 605 1857 111
630 1819 824 1867 Nubibus,
849 1821 1032 1858 Πλοῦτον
1058 1821 1098 1857 01
1123 1819 1275 1858 Πενίαν
1300 1821 1342 1857 111
1367 1820 1500 1868 Pluto,
1533 1820 1638 1869 apud
1664 1820 1739 1857 Lu—

178 1878 336 1916 cianum
367 1879 406 1915 in
440 1879 591 1917 somnio
622 1878 816 1917 Παιδείαν
848 1880 888 1916 01
919 1875 1261 1930 Ἑρμογλυφικήν,
1295 1879 1336 1916 111
1374 1879 1573 1917 amoribus
1607 1878 1740 1917 Ovidii

178 1937 378 1986 E'leyeiam
403 1940 443 1975 et
471 1939 728 1987 Trayoediam
758 1950 1014 1987 personarum
1045 1939 1172 1976 vicem
1197 1939 1377 1988 gerentes
1404 1938 1608 1987 disputare
1636 1939 1740 1976 inter

178 2008 217 2034 30
242 1996 431 2036 videmus.
464 1997 593 2042 Quare
618 1997 760 2045 Ennio,
792 1997 825 2035 si
850 1998 983 2035 tamen
1009 1997 1225 2048 indigebat,
1252 1998 1473 2046 exemplum
1500 1997 1634 2035 abesse
1659 2010 1738 2035 non

176 2057 346 2105 poterat,
373 2057 443 2105 qui
470 2057 564 2105 quid
583 2057 752 2095 maxime
773 2057 899 2107 egerit
917 2055 958 2093 in
978 2057 1052 2094 hac
1071 2056 1362 2095 concertatione
1381 2068 1459 2093 non
1479 2056 1606 2106 magis
1625 2058 1738 2105 patet

178 2127 298 2164 quam
330 2115 434 2164 quod
459 2116 610 2154 Novius
642 2115 684 2152 in
711 2115 900 2153 Atellana
932 2115 995 2153 cui
1027 2115 1229 2165 inscripsit
1253 2116 1398 2153 Mortis
1429 2118 1464 2153 ct
1495 2115 1604 2154 Vitae
1634 2116 1736 2154 tudi-

176 2175 290 2218 cium,
317 2174 384 2212 sed
409 2175 513 2212 certe
539 2174 574 2212 01
600 2187 711 2213 3113111
736 2175 891 2223 partem
916 2172 1179 2224 παραινέσεως
1203 2175 1266 2212 vel
1292 2172 1576 2224 νουθετήσεως,
1602 2175 1647 2212 111
1665 2187 1738 2224 par

177 2235 236 2271 est
261 2233 302 2270 in
328 2235 480 2282 satura,
511 2246 587 2271 non
618 2233 787 2272 defuisse
818 2245 898 2271 non
928 2233 1160 2284 ambiguum
1191 2235 1267 2281 est,
1300 2246 1400 2282 quae
1431 2233 1591 2282 quidem
1623 2247 1670 2271 ne
1696 2234 1737 2271 in

175 2292 391 2331 Lucilianis
419 2293 579 2342 quidem
605 2292 859 2331 desideratur.

294 2351 366 2390 His
394 2365 494 2401 quae
520 2365 567 2390 ex
598 2352 742 2391 saturis
774 2352 837 2390 vel
869 2353 1095 2390 saturarum
1125 2351 1236 2390 libris
1269 2351 1394 2390 allata
1426 2353 1519 2389 sunt
1546 2352 1737 2390 nonnulla

177 2411 328 2449 incerta
354 2411 500 2460 addidi,
525 2425 577 2451 171.
597 2424 664 2451 vn.
685 2424 769 2460 vm,
796 2424 896 2460 quae
917 2424 963 2448 ex
983 2411 1146 2449 diversis
1166 2410 1460 2449 narrationibus
1480 2413 1639 2460 sumpta
1658 2424 1736 2449 non

177 2470 412 2509 videbantur
438 2471 488 2509 ad
513 2473 663 2510 certum
689 2483 810 2522 genus
837 2472 1053 2509 carminum
1078 2471 1217 2508 referri
1238 2483 1351 2520 posse
1377 2483 1447 2508 nec
1472 2470 1614 2508 melius
1641 2471 1736 2508 alibi

179 2543 299 2579 quam
324 2532 366 2568 in
392 2531 535 2569 saturis
561 2531 693 2569 locum
717 2530 870 2569 habere.
903 2530 962 2567 De
989 2542 1155 2579 quorum
1179 2542 1253 2568 vm
1279 2530 1474 2579 quaedam
1505 2529 1552 2567 de
1584 2530 1735 2580 origine

176 2590 218 2627 in
249 2589 338 2628 adn.
370 2590 603 2634 memoravi,
636 2590 682 2628 de
708 2602 749 2627 VI
775 2591 907 2627 autem
939 2589 1011 2627 hoc
1041 2589 1127 2628 loco
1160 2589 1255 2628 olim
1285 2589 1382 2628 haec
1411 2590 1733 2638 perscripseram:

177 2644 281 2687 ‘eam
305 2651 574 2687 narrationem
600 2650 709 2687 cuius
734 2649 798 2686 1110
825 2660 958 2687 11013113
979 2650 1037 2687 031
1055 2649 1193 2687 subulo
1211 2649 1407 2697 qnondam
1425 2650 1602 2687 marinas
1614 2659 1734 2695 prop-

177 2711 232 2746 ter
257 2709 410 2747 astabat
426 2710 571 2758 playas
598 2703 689 2762 (inc
711 2709 782 2746 sat.
802 2702 863 2760 111)
890 2707 939 2746 ab
958 2708 1159 2746 Herodoto
1186 2708 1430 2781 deprompsit
1448 2720 1462 2744 1
1484 2708 1586 2744 141:
1602 2703 1734 2751 Ἴωνες

179 2763 220 2804 δὲ
245 2765 310 2805 καὶ
329 2766 500 2817 Αἰολέες,
525 2766 578 2814 ὡς
604 2768 645 2806 οἱ
660 2765 793 2806 Λυδοὶ
818 2766 974 2818 τάχιστα
991 2766 1278 2819 κατεστράφατο
1298 2765 1375 2805 ὑπὸ
1395 2763 1594 2817 Περσέων,
1619 2762 1733 2815 ἔπεμ-

177 2838 254 2864 πον
279 2824 464 2878 ἀγγέλους
488 2825 528 2874 ἐς
554 2826 703 2879 Σάρδις
728 2824 832 2877 παρὰ
857 2827 993 2878 Κῦρον
1018 2823 1220 2873 ἐθέλοντες
1244 2824 1308 2865 ἐπὶ
1332 2827 1430 2863 τοῖσι
1455 2822 1606 2862 αὐτοῖσι
1631 2818 1732 2861 εἶναι

178 2887 277 2923 τοῖσι
307 2884 373 2924 καὶ
402 2886 559 2942 Κροίσῳ
587 2887 688 2937 ἠσαν
719 2883 915 2936 κατήκοοι.
948 2883 969 2925 ὁ
994 2883 1036 2925 δὲ
1061 2883 1234 2932 ἀκούσας
1264 2883 1395 2923 αὐτῶν
1425 2881 1470 2921 τὰ
1501 2881 1731 2934 προίσχοντο
