2054 3282
642 184 901 221 ANNALIUM
926 185 1012 220 LIB.
1034 185 1124 221 INC.
1582 185 1662 226 107

846 303 925 340 CIII

104 365 190 408 578
223 364 388 409 «Ausus
415 381 458 408 es
484 366 566 408 hoc
591 381 642 409 ex
669 380 740 408 ore
765 368 840 408 tuo

846 469 924 505 CIV

103 530 188 573 579
535 532 660 573 urbes
686 545 862 587 magnas
889 533 1016 586 atque
1043 530 1276 585 inperiosas

858 634 919 670 CV

102 696 190 739 580
618 696 873 751 «divumque
898 695 1207 750 hominumque
1232 698 1353 750 pater
1378 711 1450 737 rex

846 799 924 835 CVI

103 862 181 905 581
617 865 782 917 patrem
810 862 1039 916 divomque
1064 861 1373 917 hominumque

102 1004 208 1048 parte
232 1002 410 1038 orationis
430 1002 645 1048 accipietur,
659 1003 703 1037 ut
722 1002 837 1039 «endo
857 1013 924 1037 sua
944 1002 991 1037 do
1012 1002 1202 1048 (utendo
1228 1002 1368 1037 suado
1389 1002 1466 1037 Pal.
1488 1004 1536 1037 ut
1561 1002 1666 1038 indo

103 1056 241 1091 suado
261 1055 414 1102 Paris.)>)
435 1056 475 1091 id
495 1057 552 1091 est
570 1056 609 1091 in
629 1067 697 1091 sua
717 1057 835 1091 domo.
858 1056 948 1091 item
969 1067 1036 1092 «ac
1056 1055 1173 1090 famul
1193 1055 1340 1090 infimus
1359 1057 1477 1091 esset»
1493 1055 1552 1101 (cf.
1569 1056 1616 1091 ad
1630 1069 1666 1091 1x

102 1110 144 1148 fr.
160 1110 239 1154 v111)
258 1121 325 1155 pro
345 1109 512 1144 famulo.'
528 1109 601 1144 Ino.
618 1110 664 1144 de
677 1109 743 1144 ult.
759 1109 841 1154 syll.
857 1109 898 1144 G.
911 1110 949 1144 L.
962 1109 1005 1144 K.
1017 1122 1054 1144 1v
1067 1122 1101 1154 p.
1118 1113 1197 1151 263,
1212 1113 1254 1143 12
1272 1109 1458 1154 ‘apocope
1479 1110 1536 1144 est
1554 1109 1666 1144 inter-

103 1163 191 1197 dum
211 1162 354 1207 aliquid
374 1163 529 1198 ultimae
548 1163 649 1208 parti
669 1162 850 1206 auferens,
866 1164 908 1198 ut
922 1174 1100 1207 «namque
1114 1173 1219 1197 suam
1234 1163 1304 1198 do»
1324 1162 1394 1198 hoc
1414 1164 1471 1198 est
1484 1173 1588 1198 suam
1603 1162 1667 1197 do-

101 1216 228 1251 mum’
251 1215 469 1251 Consentius
490 1218 557 1251 art.
574 1217 620 1251 de
633 1216 737 1251 barb.
750 1217 788 1251 et
799 1216 951 1261 metapl.
967 1215 1008 1251 G.
1024 1216 1062 1250 L.
1078 1216 1120 1250 K.
1136 1229 1158 1251 v
1171 1228 1206 1261 p.
1223 1219 1303 1259 388,
1319 1220 1362 1250 22
1379 1217 1389 1232 ‘
1400 1227 1565 1261 apocope
1579 1218 1636 1252 est
1646 1228 1666 1251 24<

102 1270 260 1312 litterae,
281 1271 364 1305 ut..
380 1298 385 1304 .
402 1269 579 1315 syllabae,
594 1271 637 1305 ut
650 1270 764 1306 «endo
785 1269 1015 1316 (syllabae
1034 1269 1238 1304 tetendit
1257 1269 1369 1315 Mon.)
1385 1281 1490 1304 suam
1510 1270 1580 1306 do»
1600 1281 1666 1315 pro

103 1324 278 1358 domum.’
300 1323 402 1359 Haec
422 1323 636 1359 testimonia
656 1324 781 1359 omnia
801 1324 849 1358 ad
868 1335 984 1358 unum
1003 1322 1177 1368 idemque
1197 1322 1409 1368 exemplum
1428 1323 1541 1357 Ennii
1557 1323 1666 1358 ‘endo

102 1388 207 1412 suam
227 1377 295 1413 do'
318 1377 439 1413 redire
467 1379 637 1422 apertum
657 1377 813 1412 videtur.
929 1376 1047 1411 Varro
1067 1387 1134 1411 rer.
1156 1377 1245 1411 rust.
1267 1389 1309 1410 111
1331 1379 1385 1419 17,
1402 1380 1445 1410 10
1468 1376 1553 1411 ‘ille
1579 1376 1667 1411 inde

102 1430 197 1466 endo
212 1441 317 1466 suam
336 1431 497 1474 domum,
518 1442 584 1466 nos
599 1431 790 1465 nostram’
807 1431 905 1475 quod
921 1430 969 1465 ad
983 1430 1195 1465 Ennianum
1209 1430 1419 1475 exemplum
1432 1430 1574 1464 dictum
1588 1440 1667 1465 esse

102 1483 287 1519 Mercerus
308 1483 510 1519 adnotavit.

221 1537 299 1572 CIII
318 1539 414 1583 (578)
453 1537 578 1573 Cicero
599 1538 647 1572 ad
667 1538 742 1572 Att.
758 1551 794 1572 vi
816 1542 846 1580 2,
863 1540 884 1572 8
901 1537 911 1554 ‘
923 1537 985 1571 ain
1004 1537 1157 1572 tandem
1176 1537 1301 1572 Attice
1320 1537 1495 1572 laudator
1513 1536 1667 1582 integri-

102 1590 192 1625 tatis
218 1592 255 1626 et
280 1590 490 1636 elegantiae
515 1592 674 1633 nostrae,
697 1602 832 1628 «ausus
859 1602 896 1625 es
922 1591 992 1625 hoc
1018 1600 1062 1625 ex
1089 1601 1149 1625 ore
1175 1592 1273 1633 tuo»,
1301 1590 1426 1635 inquit
1450 1589 1602 1633 Ennius,
1625 1590 1668 1624 ut

104 1643 248 1689 equites
269 1643 420 1689 Scaptio
441 1644 488 1678 ad
508 1644 706 1689 pecuniam
728 1645 934 1690 cogendam
955 1644 1092 1686 darem,
1114 1655 1173 1679 me
1193 1644 1370 1690 1·ogare?’

222 1696 299 1732 CIV
319 1699 414 1743 (579)
453 1697 579 1733 Cicero
594 1698 640 1733 de
653 1709 692 1732 re
708 1710 744 1743 p.
760 1712 773 1732 1
787 1702 817 1740 2,
832 1701 851 1732 3
868 1697 1203 1742 ‘quemadmodum
1223 1697 1355 1733 «urbes
1378 1708 1535 1743 magnas
1555 1697 1668 1741 atque

101 1750 346 1796 inperiosas»,
368 1752 411 1786 ut
437 1751 813 1797 (inperiosaistut
839 1751 918 1786 cod.
943 1751 1008 1786 sed
1030 1752 1135 1796 corr.)
1163 1750 1332 1796 appellat
1356 1750 1508 1793 Ennius,
1536 1749 1666 1785 viculis

102 1805 140 1839 et
159 1804 323 1839 castellis
342 1804 607 1850 praeferendas
627 1806 728 1850 puto,
751 1805 817 1840 sic’
841 1815 916 1850 eqs.

222 1856 283 1892 CV
303 1859 398 1903 (580)
431 1857 547 1893 Varro
568 1858 614 1893 de
633 1858 656 1892 I.
672 1858 711 1892 L.
726 1871 749 1893 v
770 1861 813 1893 65
836 1858 957 1892 ‘idem
975 1857 1016 1892 hi
1041 1857 1102 1892 dei
1123 1857 1275 1892 Caelum
1300 1858 1338 1892 et
1356 1857 1480 1900 Terra,
1501 1857 1669 1903 Iuppiter

103 1911 140 1945 et
158 1910 260 1954 Iuno,
281 1911 390 1956 quod,
412 1912 454 1946 ut
473 1911 528 1946 ait
546 1911 686 1946 Ennius
707 1913 794 1957 (var.
810 1913 880 1956 54),
901 1911 1008 1947 «istic
1028 1912 1084 1946 est
1103 1911 1134 1946 is
1154 1911 1322 1957 Iuppiter
1340 1939 1346 1944 .
1364 1939 1369 1944 .
1387 1939 1393 1945 .
1415 1910 1551 1946 iuvat».
1568 1911 1667 1954 quod

102 1964 190 1999 hinc
216 1975 341 1999 omnes
368 1966 406 1999 et
431 1965 498 1999 sub
521 1965 601 2007 hoc,
629 1965 789 1999 eundem
815 1964 1010 2010 appellans
1031 1964 1124 1999 dicit
1144 1965 1368 2010 «divumque
1390 1992 1396 1998 .
1415 1992 1421 1998 .
1442 1974 1540 1998 rex».
1560 1964 1669 2008 pater

103 2018 202 2061 quod
215 2017 398 2062 patefacit
411 2029 554 2061 semem
567 2029 654 2053 nam
667 2019 747 2052 tum
761 2019 818 2052 est
831 2019 1051 2062 conceptum
1063 2018 1100 2052 et
1110 2017 1198 2052 inde
1212 2029 1295 2052 cum
1313 2017 1389 2052 exit
1405 2017 1505 2061 quod
1523 2016 1665 2051 oritur.’

211 2069 289 2105 CVI
309 2072 405 2116 (581)
444 2070 571 2106 Cicero
592 2071 638 2106 de
658 2072 733 2105 nat.
749 2070 849 2105 deor.
864 2084 891 2105 11
912 2074 943 2112 2,
959 2074 980 2104 4
996 2070 1117 2114 ‘quod
1136 2070 1175 2104 ni
1196 2070 1250 2105 ita
1270 2071 1376 2112 esset,
1399 2069 1463 2114 qui
1485 2069 1669 2114 potuisset

104 2124 264 2159 adsensu
279 2124 444 2159 omnium
458 2124 581 2159 dicere
592 2123 732 2158 Ennius
745 2125 854 2169 (scen.
865 2125 947 2168 345)
959 2123 1108 2168 «aspice
1121 2123 1192 2158 hoc
1203 2122 1361 2158 sublime
1372 2123 1546 2166 candens,
1558 2133 1668 2168 quem

103 2177 278 2212 invocant
293 2187 419 2212 omnes
432 2177 578 2213 Iovem»
592 2176 700 2211 illum
712 2187 796 2211 vero
812 2177 849 2211 et
861 2176 983 2211 Iovem
998 2177 1036 2211 et
1055 2175 1325 2211 dominatorem
1345 2186 1467 2211 rerum
1486 2177 1525 2211 et
1544 2175 1669 2211 omnia

103 2232 196 2265 nutu
208 2231 257 2275 (m
266 2231 341 2265 otu
355 2230 497 2275 optimi,
508 2241 597 2265 corr.
607 2229 646 2264 in
657 2230 762 2275 dett.)
770 2230 961 2276 regentem
972 2231 1019 2271 et,
1028 2230 1070 2264 ut
1080 2229 1180 2264 idem
1188 2229 1341 2273 Ennius,
1349 2230 1516 2274 «patrem
1528 2229 1668 2264 divum-

104 2295 175 2329 que
188 2283 477 2328 hominumque»
492 2285 530 2318 et
541 2284 776 2328 praesentem
791 2294 834 2318 ac
846 2284 1130 2328 praepotentem
1144 2283 1281 2318 deum.’
1296 2283 1400 2319 Idem
1412 2283 1503 2318 ibid.
1516 2296 1543 2317 11
1558 2286 1612 2325 25,
1624 2286 1667 2317 64

106 2338 191 2372 ‘sed
211 2337 291 2382 ipse
311 2337 487 2382 Iuppiter,
508 2337 548 2371 id
568 2338 625 2372 est
643 2337 774 2371 iuvans
793 2338 911 2381 pater,
932 2347 1043 2382 quem
1062 2336 1246 2372 conversis
1267 2336 1413 2372 casibus
1434 2336 1668 2382 appellamus

105 2402 127 2425 a
139 2391 301 2426 iuvando
314 2390 446 2433 Iovem,
460 2402 482 2425 a
494 2390 615 2436 poetis
627 2391 758 2435 «pater
771 2390 968 2434 divomque
979 2389 1236 2436 (divumque
1246 2390 1350 2426 Voss.
1359 2390 1402 2434 A,
1415 2401 1434 2425 e
1448 2389 1667 2435 corr.Vind.)

103 2443 391 2489 hominumque»
413 2443 569 2479 dicitur’
585 2443 650 2478 ubi
671 2443 846 2488 deinceps
861 2444 930 2487 (25,
944 2444 1001 2488 65)
1016 2443 1064 2478 ad
1083 2443 1195 2478 Ennii
1214 2455 1359 2478 versum
1379 2455 1492 2488 supra
1512 2443 1668 2478 allatum

106 2497 272 2542 ‘aspice’
295 2508 369 2542 eqs.
391 2497 498 2532 redit.
520 2497 627 2540 Hinc,
654 2508 728 2532 non
757 2496 918 2538 aliunde,
942 2495 1127 2531 Minucius
1150 2497 1255 2532 Felix
1275 2496 1400 2532 Octav.
1422 2501 1475 2539 19,
1493 2501 1510 2531 1
1535 2497 1668 2532 ‘audio

104 2552 234 2595 poetas
254 2561 401 2596 quoque
420 2562 535 2585 unum
554 2551 700 2596 patrem
720 2549 846 2584 divum
867 2550 979 2593 atque
998 2549 1190 2585 hominum
1208 2550 1497 2596 praedicantes.'
1615 2549 1666 2585 Cf.

104 2603 167 2639 lib.
183 2617 220 2638 VI
241 2607 308 2638 175
331 2604 430 2638 ‘tum
451 2615 534 2639 cum
555 2604 664 2639 corde
691 2613 757 2638 suo
783 2603 908 2637 divum
933 2604 1041 2648 pater
1068 2604 1180 2648 atque
1205 2603 1398 2639 hominum
1417 2614 1481 2639 rex
1500 2602 1669 2646 effatur'3

105 2658 143 2692 et
160 2657 261 2692 haud
282 2656 394 2692 dubie
408 2657 549 2691 Ennius
570 2656 718 2701 saepius
732 2656 771 2691 in
791 2656 989 2691 annalibus
1001 2655 1125 2691 Iovem
1137 2657 1236 2692 hunc
1248 2657 1288 2692 in
1300 2657 1452 2692 modum
1466 2656 1669 2692 similemve

105 2710 320 2755 appellavit,
346 2711 389 2744 ut
414 2709 588 2754 frequens
606 2711 663 2744 est
680 2709 898 2744 Homericus
917 2709 1038 2754 πατὴρ
1059 2709 1209 2755 ἀνδρῶν
1228 2723 1266 2746 τε
1285 2713 1389 2746 θεῶν
1408 2723 1446 2745 τε
1465 2720 1533 2744 nec
1554 2708 1666 2744 semel

104 2762 240 2798 Aeneis
261 2763 473 2798 ‘hominum
493 2764 593 2798 sator
613 2764 725 2807 atque
745 2762 923 2798 deorum.'
945 2762 1070 2798 Livius
1091 2773 1237 2808 quoque
1263 2762 1376 2797 simili
1402 2761 1562 2796 formula
1580 2773 1668 2796 usus

106 2816 163 2851 est
181 2816 339 2861 saepius.
361 2815 412 2851 Ut
430 2816 539 2851 nihili
561 2816 619 2859 sit,
641 2816 740 2861 quod
760 2815 942 2861 Bergkius
957 2827 1041 2861 opp.
1054 2829 1067 2850 1
1082 2828 1118 2862 p.
1132 2819 1200 2851 309
1213 2815 1344 2850 leviter
1355 2814 1556 2850 admodum
1568 2814 1666 2857 iecit,

106 2880 128 2903 a
139 2869 304 2904 Varrone
318 2870 356 2904 et
369 2869 544 2905 Cicerone
558 2881 672 2903 unum
686 2880 830 2903 versum
843 2868 930 2904 libri
943 2882 980 2904 v1
993 2869 1197 2915 significari
1211 2870 1250 2904 et
1261 2869 1354 2904 haec
1368 2868 1441 2904 duo
1456 2878 1551 2913 quae
1572 2878 1668 2903 seor-

106 2922 176 2957 sim
194 2922 302 2969 posui
322 2922 534 2970 fragmenta
552 2922 656 2958 nulla
675 2932 763 2957 esse.
1472 2926 1479 2929 “
