2020 3334
575 203 779 239 VERRIUS
799 205 1019 242 FLACCUS.
1058 206 1235 242 FESTUS
1559 210 1689 245 LXVII

138 317 237 365 494,
253 316 306 353 12
332 314 493 353 Ennius
523 315 566 352 in
590 313 888 365 An[clromeda]
909 347 916 356 .
938 348 946 355 .
967 331 992 366 .;
1020 319 1117 368 570,
1132 320 1184 357 29
1207 320 1256 358 Ε.
1281 321 1324 358 in
1341 319 1593 360 Andromeda
1612 338 1690 371 ...3

138 397 191 402 ——
213 375 310 423 424,
327 375 382 412 30
408 372 458 411 Ε.
477 374 521 411 in
544 376 646 411 seoeto
668 404 675 411 .
696 404 705 412 .
727 404 736 412 .
760 377 804 413 in
827 375 1104 416 Andromacha
1125 408 1132 416 .
1154 409 1161 415 .
1183 393 1209 428 ‚3
1230 400 1283 404 —
1307 380 1402 424 346,
1421 381 1472 418 15
1500 381 1549 418 E.
1570 411 1578 418 .
1599 411 1607 419 .
1629 411 1636 419 .
1657 384 1691 420 et

134 436 177 473 in
211 433 440 481 Cresphonte
466 461 474 469 .
501 461 509 469 .
538 446 563 480 .;
591 432 687 481 370,
708 434 759 470 27
795 434 843 470 Ε.
874 436 918 472 in
950 435 1179 483 Cresphonte
1205 467 1212 474 .
1243 467 1251 475 .
1278 451 1297 485 .3
1331 459 1383 465 —
1410 439 1503 487 160,
1526 440 1579 477 33
1606 440 1689 477 En-

134 491 249 542 niJus
280 492 517 530 Erechtheo.
539 505 594 539 ..3
624 512 678 516 -
710 492 812 541 370,
841 493 894 530 29
928 493 978 530 Ε.
1005 524 1012 531 .
1040 524 1048 531 .
1075 524 1083 531 .
1115 498 1147 533 et
1177 497 1220 533 in
1250 497 1425 535 Hectoris
1456 498 1566 546 lytris
1593 528 1600 535 .
1628 529 1636 536 .
1663 513 1690 547 ,ς

141 573 190 578 -
216 551 318 599 236,
340 551 364 588 8
391 550 441 588 Ε.
464 580 472 587 .
492 579 501 587 .
522 580 530 587 .
556 552 590 587 et
613 551 656 587 in
681 549 974 599 Iphiqenia...3
1003 553 1105 601 324,
1121 554 1173 590 28
1194 555 1237 591 in
1261 554 1466 603 Iphigenia
1491 557 1689 606 Ennius,

137 632 192 637 —
215 611 316 658 234,
339 610 394 647 20
426 609 476 646 Ε.
507 610 550 647 in
586 608 789 647 Telamone
815 639 823 646 .
851 639 858 646 .
886 624 912 659 .;
944 631 998 635 —
1030 612 1129 660 124,
1160 613 1211 649 26
1245 613 1295 650 Ε.
1331 615 1374 651 in
1409 614 1565 662 Telepho
1593 645 1600 653 .
1628 646 1635 653 .
1663 631 1689 664 ,3

137 670 234 719 486,
257 670 310 706 27
343 670 386 706 in
415 668 575 715 Telepho
596 697 604 705 .
627 697 634 705 .
655 682 682 716 ,ς
711 688 761 693 -
785 669 882 717 442,
905 670 956 706 16
990 669 1040 707 Ε.
1071 671 1114 707 in
1148 671 1303 719 Thyeste
1323 701 1331 709 .
1354 701 1361 709 .
1383 701 1407 709 ..
1435 671 1580 716 Quibus
1612 675 1689 712 for-

136 731 240 767 tasse
274 727 425 766 accedit
455 741 492 777 p.
516 727 610 775 166,
627 726 650 763 5
677 725 844 776 Alcmeo,
878 739 977 776 quae
1002 729 1044 765 in
1069 728 1198 766 lacero
1225 729 1432 768 admodum
1456 731 1541 769 loco
1567 734 1690 770 nomi-

136 789 232 826 nata
271 799 350 824 non
382 787 441 824 est
477 785 546 823 sed
583 797 628 823 ex
665 797 798 824 versus
836 786 950 824 citati
986 786 1184 835 particula
1220 788 1454 838 agnoscitur.
1492 789 1690 828 Habemus

136 845 361 896 tragoedias
402 846 453 882 12
492 844 556 883 vel
593 845 664 893 13,
708 857 788 882 non
827 857 1014 895 magnum
1056 859 1279 895 numerum,
1322 860 1447 896 neque
1483 849 1609 886 multa
1646 862 1691 887 ex

138 917 292 955 quaque
318 904 547 942 afferuntur.
581 902 657 941 Sed
682 904 766 941 tam
792 903 842 941 ad
867 904 1028 943 annales
1055 917 1173 953 quam
1205 906 1254 943 ad
1285 906 1507 957 tragoedias
1540 908 1692 956 aliquot

137 975 272 1003 versus
298 962 467 1001 addendi
492 963 594 1011 sunt,
622 963 690 1011 qui
714 975 821 1000 mero
847 963 968 1000 Ennii
992 965 1149 1002 nomine
1176 965 1288 1002 allati
1313 967 1528 1003 metrorum
1553 979 1691 1017 genere

138 1025 208 1062 aut
233 1022 429 1061 sententia
453 1022 638 1071 poscente
664 1021 714 1060 ad
738 1022 840 1059 hanc
864 1022 927 1060 vel
953 1022 1064 1060 illam
1089 1024 1243 1073 partem
1274 1035 1427 1062 necesse
1459 1026 1516 1062 est
1549 1025 1691 1064 adscri-

137 1082 292 1120 bantur.
319 1081 373 1119 Et
399 1081 449 1118 ad
472 1080 719 1131 tragoediam
746 1080 915 1129 quidem,
940 1083 985 1118 ut
1010 1081 1212 1120 mittamus
1238 1082 1388 1120 incerta
1407 1083 1469 1121 vel
1494 1083 1609 1121 nimis
1635 1085 1691 1122 la-

139 1153 240 1190 cera,
269 1152 398 1190 pauca
424 1141 515 1178 sunt
541 1151 641 1188 quae
668 1139 916 1188 adiiciantur,
948 1154 984 1190 p.
1008 1141 1104 1189 234,
1120 1142 1173 1179 22
1200 1143 1290 1190 post
1315 1141 1482 1179 allatum
1510 1154 1555 1179 ex
1581 1142 1692 1180 Tela—

137 1212 251 1238 mone
287 1211 460 1248 versum,
498 1211 587 1237 cum
617 1198 747 1249 pergit
777 1200 866 1237 item
897 1200 975 1237 alio
1006 1200 1085 1238 loco
1117 1196 1293 1245 ‘Hector,
1330 1202 1397 1249 qui
1432 1201 1538 1239 haud
1575 1204 1694 1240 cessat

137 1259 372 1298 obsidionem
397 1254 608 1303 obducere’‚
633 1258 820 1296 nimirum
845 1258 966 1296 aliam
990 1259 1236 1309 tragoediam
1261 1259 1356 1298 dicit
1381 1272 1499 1308 quam
1524 1272 1601 1298 non
1626 1272 1692 1298 no-

138 1319 282 1367 minat3
308 1331 344 1368 p.
367 1318 464 1365 484,
487 1318 538 1355 17
566 1317 725 1355 Ennius
751 1314 983 1356 ‘salmacida
1006 1319 1133 1365 spolia
1156 1320 1239 1356 sine
1263 1319 1452 1366 sanquine
1477 1322 1511 1357 et
1527 1316 1692 1366 sudore’3

139 1391 176 1427 p.
193 1378 291 1426 561,
307 1377 360 1415 25
382 1376 465 1415 solo
479 1376 602 1414 Paulo
622 1378 734 1425 teste,
756 1376 821 1425 qui
842 1389 1059 1425 numquam
1074 1377 1318 1428 tragoediam
1332 1377 1518 1427 appellat,
1538 1378 1694 1416 Ennius

139 1433 189 1475 ‘is
214 1437 326 1475 habet
349 1446 531 1474 coronam
555 1436 726 1474 vitulans
751 1433 941 1474 victoria?
969 1435 1106 1474 Plures
1132 1449 1294 1474 numero
1321 1438 1411 1474 sunt
1435 1448 1568 1474 versus
1596 1449 1692 1485 quos

140 1497 310 1534 metrum
335 1497 375 1533 et
395 1494 590 1534 sententia
610 1495 661 1532 ad
680 1495 841 1533 annales
861 1495 986 1532 redire
1006 1495 1126 1544 iubet,
1152 1495 1219 1534 sed
1239 1506 1303 1534 eos
1322 1507 1520 1533 recensere
1540 1496 1693 1544 omitto,

139 1567 228 1593 cum
252 1555 485 1603 praesertim
510 1554 629 1592 multi
655 1566 790 1592 eorum
814 1566 892 1592 non
917 1554 1071 1604 possint
1095 1566 1173 1592 non
1198 1555 1407 1592 memorari
1431 1554 1472 1591 in
1498 1567 1544 1592 ea
1563 1554 1694 1603 dispu-

138 1614 290 1652 tatione
323 1625 443 1662 quam
474 1612 521 1650 de
552 1625 735 1651 versuum
765 1614 893 1651 forma
925 1626 948 1651 a
971 1613 1088 1652 Festo
1118 1613 1369 1651 laudatorum
1399 1613 1616 1651 instituam.
1647 1612 1695 1650 In

141 1685 218 1722 qua
242 1685 284 1710 re
308 1673 382 1710 hoc
406 1672 616 1721 praecipue
642 1672 805 1723 dignum
832 1674 891 1711 est
917 1672 1021 1722 quod
1041 1672 1280 1721 attendatur,
1305 1671 1465 1710 Festum
1484 1673 1695 1709 maximam

139 1733 294 1782 partem
319 1731 494 1782 singulos
518 1743 653 1770 versus
680 1732 828 1781 afferre,
854 1731 987 1781 plenos
1013 1732 1102 1770 illos
1129 1731 1286 1781 quidem
1310 1732 1493 1780 numeris,
1520 1730 1586 1769 sed
1611 1742 1693 1768 sen-

139 1791 265 1829 tentia
291 1803 408 1841 saepe
432 1803 511 1828 non
537 1790 730 1828 absoluta.
756 1791 803 1828 Id
829 1791 933 1840 quod
962 1792 1047 1828 tam
1070 1791 1112 1828 in
1136 1791 1381 1828 hexametros
1409 1802 1526 1838 quam
1550 1789 1591 1827 in
1616 1801 1695 1827 sce-

140 1850 247 1888 nicos
272 1862 408 1888 versus
435 1850 550 1888 cadit.
578 1849 651 1888 Cui
675 1851 822 1888 rationi
848 1862 950 1899 quae
975 1849 1234 1888 adversantur
1258 1862 1337 1887 non
1357 1848 1555 1886 difficilem
1576 1848 1696 1898 expli-

140 1910 272 1947 catum
304 1908 468 1957 habent,
499 1909 610 1947 velut
642 1922 742 1958 quae
775 1908 912 1947 scribit
936 1922 972 1958 p.
995 1910 1097 1957 402,
1120 1909 1171 1946 15
1204 1911 1247 1946 ut
1276 1920 1362 1947 cum
1394 1909 1450 1945 ait
1474 1908 1630 1945 Ennius
1656 1903 1697 1944 ‘a

139 1969 258 2015 stirpe
293 1963 487 2016 supremo'
520 1970 554 2006 et
584 1964 631 2005 ‘I
632 1969 688 2006 lia
719 1968 787 2006 dia
816 1965 947 2015 nepos'
981 1970 1015 2005 et
1045 1964 1176 2016 ‘lupus
1206 1963 1301 2015 feta'
1333 1969 1366 2005 et
1397 1962 1522 2003 ‘nulla
1549 1961 1697 2009 metus',

140 2040 177 2076 p.
194 2027 290 2076 234,
305 2028 360 2065 30
380 2029 468 2065 teste
481 2027 613 2065 Ennio
627 2037 739 2075 quom
753 2027 856 2064 dicat
870 2023 930 2064 ‘de
948 2028 1072 2064 muris
1085 2038 1165 2064 rem
1175 2027 1274 2074 yerit
1289 2021 1462 2072 Opscus',
1475 2038 1512 2073 p.
1528 2025 1626 2071 490,
1644 2025 1694 2061 19

141 2086 299 2124 Ennius
323 2086 521 2124 hominum
545 2086 829 2123 multitudinem
852 2086 909 2123 ita
934 2085 1104 2132 appellat
1127 2097 1213 2123 cum
1237 2085 1294 2122 ait
1319 2080 1462 2131 ‘spiras
1487 2083 1697 2131 legionibus

140 2141 271 2189 nexit’,
291 2158 328 2194 p.
351 2146 448 2193 314,
464 2146 516 2182 22
534 2140 698 2191 ‘prolato
719 2155 806 2182 aere
825 2140 959 2181 astitit'
980 2144 1174 2181 anius..
1190 2155 1275 2181 cum
1295 2143 1351 2180 ait
1367 2142 1562 2189 siqnificat
1579 2141 1697 2188 clipeo

142 2207 230 2241 ante
254 2215 294 2241 se
312 2206 500 2251 protento,
525 2203 621 2240 haec
642 2203 681 2239 et
700 2201 734 2239 si
754 2214 854 2250 quae
874 2203 967 2240 sunt
988 2201 1133 2239 similia
1153 2201 1221 2250 qui
1241 2200 1557 2248 consideraverit,
1582 2199 1696 2237 facile

142 2262 364 2312 perspiciet,
378 2274 446 2299 cur
459 2261 644 2299 maluerit
657 2260 863 2299 dimidiato
877 2272 992 2298 versu
1005 2261 1200 2310 integram
1211 2260 1446 2297 sententiam
1457 2259 1606 2297 afferre.
1622 2257 1698 2296 Sed

143 2322 432 2371 quinquaginta
453 2322 544 2358 sunt
563 2320 683 2370 paulo
703 2320 792 2370 plus
812 2321 882 2357 aut
900 2319 1031 2356 minus
1044 2319 1261 2356 hexametri
1275 2318 1493 2368 singulares
1513 2330 1558 2355 ex
1578 2329 1697 2355 anna-

142 2379 244 2418 libus
259 2379 375 2430 petiti
389 2379 515 2429 plenis
528 2379 700 2417 numeris
715 2379 910 2417 sententia
926 2389 1003 2415 non
1022 2379 1188 2428 integra.
1216 2376 1330 2415 Certe
1351 2376 1419 2425 qui
1443 2377 1539 2414 haec
1560 2376 1699 2413 citavit

262 2438 410 2487 Quippe
434 2439 554 2477 solent
577 2450 682 2487 reyes
707 2448 835 2476 omnes
859 2439 903 2475 in
927 2437 1039 2475 rebus
1064 2437 1241 2475 secundis
1268 2432 1376 2487 [ann.
1399 2431 1502 2486 355]

263 2497 424 2546 Quande
449 2500 537 2536 tuas
562 2509 690 2535 omnes
716 2497 878 2546 leyiones
904 2507 950 2534 ac
966 2496 1175 2543 popularis
1202 2491 1309 2546 [ann.
1334 2490 1436 2545 136]

263 2557 338 2605 Qui·
363 2557 505 2595 clamos
531 2557 790 2604 oppuqnantis
815 2566 955 2603 vaqore
978 2555 1125 2593 volanti
1153 2550 1261 2605 [ann.
1283 2549 1387 2604 422]

262 2616 340 2654 Hic
364 2626 520 2654 occasus
545 2616 686 2659 datust,
711 2618 752 2652 at
778 2613 935 2652 Oratius
960 2614 1128 2652 inclutus
1152 2613 1256 2651 saltu
1282 2608 1389 2663 [ann.
1414 2607 1528 2661 129],

144 2674 280 2723 plenos
306 2686 440 2713 versus
466 2674 587 2713 citare
613 2674 750 2721 voluit,
776 2674 951 2723 integras
978 2673 1191 2710 sententias
1217 2683 1295 2709 non
1321 2670 1491 2708 curavit:
1524 2667 1627 2716 quod
1653 2679 1696 2704 eo

144 2734 271 2783 magis
297 2735 463 2783 apparet
487 2734 529 2771 in
553 2733 694 2771 ultimo
720 2732 871 2779 horum,
898 2732 991 2780 quia
1015 2730 1134 2769 verba
1160 2733 1201 2768 at
1228 2729 1384 2768 Oratius
1408 2730 1433 2766 i.
1458 2739 1500 2771 s.,
1533 2738 1696 2774 quorum

144 2792 376 2842 imperfecta
402 2794 461 2830 est
486 2793 693 2839 sententia,
718 2803 766 2828 ne
792 2790 1095 2839 requirebantur
1120 2789 1277 2838 quidem
1303 2788 1351 2825 ad
1376 2799 1459 2824 eam
1478 2797 1559 2822 rem
1579 2796 1697 2832 quam

147 2850 305 2900 agebat,
343 2851 410 2889 sed
441 2864 623 2889 mancum
661 2862 743 2887 esse
775 2861 933 2887 versum
963 2850 1108 2887 noluit:
1145 2848 1280 2895 itaque
1312 2845 1484 2895 saepius,
1521 2841 1561 2879 id
1595 2841 1696 2890 quod

148 2922 266 2957 quam
290 2909 518 2948 brevissime
545 2908 762 2960 significavi
786 2908 827 2945 in
852 2908 913 2946 his

1443 2966 1487 3000 e*
