2020 3334
666 260 668 264 ,
691 225 897 261 FRONTO.
936 227 978 261 A.
1001 225 1199 263 GELLIUS
1545 229 1725 265 LXXXIII

162 337 367 386 praeterea
398 335 477 373 nisi
504 335 677 375 Varroni
709 340 748 375 et
778 337 919 376 Verrio
952 340 1101 377 nemini
1131 342 1280 389 notum,
1313 342 1432 379 semel
1464 342 1625 380 annales
1657 355 1719 380 ex-

162 407 293 444 presse
319 394 420 432 dixit
444 394 486 432 in
513 396 682 444 epistola
708 397 758 434 ad
783 397 834 434 M.
857 396 1064 436 Caesarem
1082 411 1124 437 1v
1146 400 1197 436 12
1221 395 1276 451 (p.
1300 401 1321 437 7
1328 395 1428 453 4Ν.)
1456 414 1543 439 011111
1575 403 1719 440 amoris

163 455 225 492 sui
249 453 435 492 adversus
458 452 666 492 Gaesarem
691 455 764 493 hoc
790 456 932 494 frivolo
953 458 998 494 ut
1017 458 1075 495 ait
1095 460 1324 508 argumento
1344 460 1487 497 utitur:
1512 461 1548 498 si
1566 461 1720 508 quando

162 515 195 551 te
228 509 374 551 ‘somno
405 509 496 550 leni'
529 516 573 550 ut
595 516 712 561 pocta
743 515 799 552 ait
831 511 1071 563 ‘placidoque
1101 515 1306 555 revinctus’
1339 519 1447 556 video
1484 520 1527 556 in
1564 521 1720 563 somnis,

161 584 375 620 numquam
400 574 454 610 est
478 573 572 620 quin
598 573 808 620 amplectar
834 576 867 611 et
892 575 1082 612 exosculer
1098 604 1105 612 .
1121 605 1152 612 ..
1174 576 1242 613 1100
1260 588 1382 614 unum
1402 589 1445 614 eoe
1465 579 1720 615 annalibus

161 634 357 679 sumptum
382 633 527 670 amoris
552 633 627 670 mei
653 634 921 680 argumentum
939 635 1131 680 poeticum
1151 637 1184 671 et
1201 646 1294 672 sane
1312 637 1618 674 somniculosum.
1646 636 1721 674 Sed

162 692 207 728 ut
231 691 296 728 1110
321 690 450 729 verbis
477 690 598 728 Ennii
623 690 671 728 de
698 702 833 729 somno
859 692 987 729 utitur
1014 686 1120 744 (ann.
1145 687 1201 744 5),
1227 694 1284 730 ita
1310 695 1505 731 somnium
1531 695 1635 743 quod
1663 698 1721 733 est

162 750 204 787 in
229 750 426 799 principio
452 750 658 788 annalium
683 750 802 788 semel
828 752 947 799 atque
966 751 1112 788 iterum
1131 752 1172 789 in
1192 752 1252 790 his
1274 753 1450 801 epistolis
1471 756 1722 802 memoratur,

162 809 273 847 velut
297 810 339 846 in
365 809 535 858 epistola
554 809 606 846 M.
629 801 806 847 Caesaris
833 809 883 847 ad
903 809 1143 848 Frontonem
1162 823 1176 847 1
1197 812 1234 858 4,
1262 824 1339 860 qua
1364 823 1542 849 somnum
1566 815 1723 850 accusat

163 868 406 919 argumentis
426 867 475 906 ab
489 867 605 906 Ulixe
626 870 665 906 et
678 867 974 918 Agamemnone
993 870 1142 918 petitis,
1163 869 1252 907 dein
1271 870 1367 908 haec
1388 870 1499 908 addit
1520 865 1574 923 (p.
1593 872 1642 908 11
1655 866 1721 924 N.)

162 930 314 966 transeo
338 939 444 965 nunc
469 927 521 966 ad
542 927 583 976 Q.
604 927 783 965 Ennium
801 931 987 972 nostrum,
1013 940 1123 976 quem
1148 931 1189 966 tu
1214 931 1274 967 ais
1300 941 1344 967 ex
1367 940 1497 967 somno
1524 933 1557 967 et
1576 932 1723 968 somnio

161 988 319 1025 initium
343 987 419 1025 sibi
443 988 589 1035 fecisse.
614 987 681 1025 sed
699 988 872 1035 profecto
897 988 976 1025 nisi
1008 999 1051 1025 ew
1082 998 1213 1025 somno
1243 990 1448 1026 suscitatus
1479 991 1582 1033 esset,
1612 1001 1723 1026 num-

162 1058 279 1094 quam
303 1047 497 1084 somnium
520 1058 637 1084 suum
660 1049 872 1084 narrasset.
897 1045 961 1083 Ad
981 1059 1081 1095 quae
1100 1046 1248 1084 Fronto
1268 1047 1360 1084 ibid.
1387 1048 1410 1084 5
1431 1061 1468 1096 p.
1493 1049 1543 1085 12
1565 1060 1722 1096 respon-

162 1105 229 1143 det
254 1117 343 1143 cum
368 1105 448 1143 alia
473 1107 560 1143 tum
584 1105 682 1143 haec
708 1118 732 1144 a
757 1105 996 1153 Laertiosad
1015 1104 1199 1143 Atridam
1219 1106 1411 1154 eleqanter
1435 1108 1620 1144 transisti.
1647 1118 1724 1144 ecce

162 1167 290 1203 autem
315 1165 419 1203 circa
438 1165 618 1203 Fsnnium
643 1165 765 1203 aliam
783 1165 1019 1203 malitiosam
1031 1166 1179 1212 peltam
1200 1159 1255 1218 (Ρ)
1277 1166 1426 1210 dedisti,
1452 1177 1538 1203 cum
1557 1167 1628 1210 ais,
1646 1167 1725 1203 nisi

162 1235 206 1262 ex
229 1234 362 1262 somno
392 1225 644 1262 exsuscitatus
676 1226 779 1273 esset,
811 1236 1025 1272 numquam
1055 1225 1248 1262 somnium
1279 1236 1394 1262 suum
1425 1227 1634 1263 narrasset.
1666 1224 1723 1261 Ex

161 1283 302 1321 iisdem
327 1283 536 1322 annalibus
555 1285 741 1333 prompta
762 1285 864 1332 sunt,
892 1296 991 1332 (11136
1012 1283 1159 1321 Fronto
1181 1283 1227 1321 de
1247 1283 1490 1321 orationibus
1510 1284 1560 1321 ad
1579 1284 1629 1321 M.
1644 1283 1724 1321 An-

161 1343 343 1380 toninum
361 1356 399 1392 p.
423 1343 507 1381 160
517 1342 578 1392 N„
605 1356 694 1381 011111
719 1344 819 1380 vitia
847 1342 1041 1392 quaedam
1067 1344 1257 1381 orationis
1278 1345 1323 1380 ut
1341 1342 1498 1381 videtur
1516 1355 1539 1380 3
1561 1342 1724 1380 Caesare

162 1414 231 1440 suo
257 1415 336 1440 non
361 1403 490 1440 vitata
515 1404 702 1450 recenset,
729 1415 774 1439 ex
794 1402 923 1439 Ennio
944 1402 1059 1439 affert
1076 1401 1136 1440 bis
1160 1403 1374 1450 nominato,
1401 1401 1467 1440 sed
1487 1401 1605 1439 verba
1624 1402 1720 1450 ipsa,

163 1463 355 1510 quantum
381 1474 516 1500 eorum
542 1462 622 1513 legi
641 1462 784 1511 potuit,
812 1461 975 1499 obscura
996 1461 1223 1499 admodum:
1250 1461 1338 1498 vide
1365 1474 1464 1510 quae
1485 1461 1535 1498 ad
1554 1474 1642 1498 ann.
1666 1461 1718 1498 67

161 1520 361 1560 adnotavi.

279 1580 339 1617 Ex
358 1579 573 1631 tragoediis
595 1580 849 1619 Telamonem
869 1580 1056 1629 appellat,
1076 1581 1120 1617 ut
1139 1580 1346 1617 notissima
1363 1579 1588 1617 Telamonis
1602 1578 1722 1616 Enni-

161 1639 229 1677 ani
253 1639 373 1677 verba
398 1640 440 1677 in
465 1652 578 1678 suam
604 1640 803 1689 quandam
829 1640 1067 1678 sententiam
1093 1640 1309 1686 convertat,
1335 1651 1422 1676 011111
1444 1639 1502 1676 113
1521 1637 1658 1676 scribit
1677 1637 1723 1675 de

160 1697 264 1736 bello
285 1698 470 1737 Parthico
490 1713 527 1749 p.
551 1699 693 1737 217N.
708 1701 859 1737 -tam
880 1700 1014 1748 yenuit
1033 1701 1181 1747 yentem
1199 1698 1432 1742 Romanam,
1457 1708 1575 1745 aequo
1595 1698 1724 1735 animo

156 1759 309 1805 patitur
339 1759 472 1806 fatisci
501 1770 572 1797 nos
603 1759 797 1797 interdum
823 1761 857 1797 et
873 1759 972 1806 pelli
998 1760 1032 1796 et
1054 1758 1266 1796 vulnerari.
1292 1756 1359 1794 An
1378 1759 1571 1795 cunctetur
1591 1756 1636 1794 de
1654 1757 1723 1793 mi-

161 1817 293 1855 litibus
316 1819 460 1856 nostris
485 1819 602 1856 Mars
621 1821 738 1866 pater
762 1819 833 1856 illa
859 1818 1002 1856 dicere:
1037 1813 1116 1866 ‘eqo
1149 1829 1234 1854 cum
1262 1817 1380 1864 yenui
1411 1818 1490 1853 tum
1521 1817 1726 1853 morituros

160 1877 257 1914 scivi
282 1879 317 1915 et
340 1878 375 1915 ei
393 1878 452 1916 rei
475 1878 628 1915 sustuli.
647 1880 854 1926 praeterea
880 1889 966 1915 cum
991 1878 1034 1915 in
1053 1879 1177 1915 terrae
1202 1876 1329 1914 orbem
1347 1877 1439 1913 misi
1460 1876 1504 1912 ob
1525 1874 1726 1923 defenden-

162 1935 255 1973 dum
286 1937 507 1984 imperium,
537 1937 684 1975 scibam
708 1948 767 1974 me
791 1937 834 1975 in
859 1937 1061 1984 mortifera
1087 1936 1197 1979 bella,
1221 1946 1300 1973 non
1324 1936 1367 1972 in
1393 1935 1527 1982 epulas
1551 1930 1721 1971 mittere?

161 1995 271 2033 Haec
301 1996 419 2034 verba
454 1996 609 2034 Telamo
646 1996 814 2034 Troiano
847 1996 941 2034 bello
973 1996 1018 2033 de
1048 1996 1131 2032 suis
1163 1994 1293 2032 liberis
1323 1994 1437 2032 semel
1462 1994 1627 2030 elocutus
1653 1994 1725 2030 est:

162 2054 279 2092 Mars
311 2055 356 2093 de
387 2055 580 2094 Romanis
610 2067 723 2103 saepe
754 2055 959 2102 multisque
989 2055 1032 2092 in
1065 2054 1171 2091 bellis
1205 2054 1272 2091 hoc
1316 2053 1485 2090 carmine
1527 2062 1622 2089 usus
1659 2054 1722 2088 est.

161 2113 386 2152 Telamonis
418 2114 538 2152 verba
571 2127 653 2152 esse
681 2108 746 2166 (11)
785 2112 920 2151 Cicero
952 2115 1123 2151 testatur
1154 2114 1194 2149 et
1224 2112 1371 2151 Fronto
1405 2110 1512 2158 dicit,
1550 2110 1722 2147 Ennium

160 2175 299 2211 neuter
325 2186 460 2211 eorum
486 2173 715 2222 appellavit.
748 2172 896 2210 Fronto
923 2174 1055 2209 autem
1082 2184 1158 2220 quo
1185 2183 1271 2207 eam
1296 2170 1533 2207 sententiam
1552 2182 1575 2206 a
1595 2169 1722 2206 Marte

161 2231 240 2269 dici
271 2232 318 2269 de
349 2232 537 2269 Romanis
569 2243 683 2280 posse
715 2231 854 2268 doceat
885 2231 1015 2268 media
1047 2243 1125 2267 non
1161 2230 1302 2267 leviter
1340 2229 1520 2265 mutavit.
1557 2228 1722 2266 Restant

161 2291 309 2341 singuli
336 2291 497 2339 quidam
522 2303 656 2328 versus
683 2292 753 2328 aut
778 2291 996 2328 sententiae
1023 2288 1064 2334 Q.
1086 2289 1207 2326 Ennii
1232 2289 1295 2325 vel
1321 2286 1458 2332 Quinti
1490 2300 1535 2324 ex
1567 2289 1720 2337 tragoe-

161 2349 236 2387 diis
264 2345 318 2403 (p.
343 2350 395 2388 33
418 2351 457 2387 61
476 2363 513 2399 p.
536 2345 609 2403 60)
637 2350 788 2399 petitae
815 2343 934 2402 (scen.
956 2349 1030 2386 1110.
1051 2360 1090 2386 11,
1111 2342 1174 2400 111)
1202 2349 1272 2385 aut
1297 2341 1354 2400 (p.
1376 2340 1449 2398 66)
1476 2347 1618 2384 incerti
1647 2346 1723 2383 1001

163 2403 258 2461 (inc.
278 2403 379 2461 xm),
406 2408 453 2447 de
480 2408 620 2458 quibus
647 2422 726 2447 non
752 2410 811 2446 est
837 2408 941 2457 quod
967 2410 1119 2459 agatur.

282 2466 380 2506 Cum
399 2468 598 2506 Frontone
624 2469 854 2506 coniunctus
873 2466 920 2504 A.
942 2466 1103 2515 Gellius,
1130 2478 1218 2503 cum
1243 2466 1415 2515 plurima
1435 2477 1480 2502 ex
1499 2464 1620 2502 Ennii
1639 2476 1720 2502 car-

161 2527 333 2566 minibus
373 2529 415 2565 in
446 2529 622 2566 noctium
654 2527 879 2565 Atticarum
917 2526 1040 2575 libris,
1077 2526 1225 2576 partim
1264 2537 1363 2574 quae
1401 2525 1484 2572 ipse
1522 2536 1567 2561 ex
1603 2525 1720 2572 poeta

160 2588 368 2636 prompsit,
388 2587 469 2625 alia
489 2586 538 2624 ab
559 2588 648 2625 aliis
669 2586 834 2624 testibus
856 2586 990 2634 allata,
1010 2586 1223 2623 memoriae
1242 2583 1429 2633 prodidit,
1448 2585 1533 2620 tum
1551 2583 1600 2619 iis
1622 2594 1720 2630 quae

161 2648 298 2684 narrat
329 2646 593 2684 multifariam
624 2646 824 2695 patefecit,
858 2646 997 2694 quanti
1029 2645 1100 2682 illa
1133 2645 1263 2682 aetate
1288 2643 1439 2680 Ennius
1472 2644 1511 2679 et
1538 2641 1720 2678 Enniana

162 2705 294 2743 omnia
321 2706 531 2744 aestimata
557 2706 715 2743 fuerint.
751 2705 890 2753 Itaque
916 2706 961 2742 ut
985 2705 1076 2741 111110
1102 2704 1262 2744 initium
1288 2702 1443 2748 faciam,
1476 2712 1575 2749 (11136
1600 2699 1719 2736 refert

162 2758 282 2817 (xvm
303 2759 347 2818 5)
368 2764 543 2803 Puteolis
569 2762 825 2816 ἀναγνώστην
851 2763 1058 2812 quendam,
1085 2763 1153 2811 qui
1172 2774 1212 2800 se
1231 2761 1506 2798 Ennianistam
1526 2757 1720 2806 appellari

161 2823 300 2871 voluit,
325 2835 412 2862 voce
439 2824 648 2862 admodum
672 2824 769 2861 scita
794 2825 828 2860 et
852 2834 997 2860 canora
1021 2822 1143 2859 Ennii
1168 2821 1327 2859 annales
1353 2819 1492 2868 legisse
1518 2816 1570 2854 ad
1593 2826 1718 2862 popu-

161 2882 243 2920 lum
267 2884 310 2920 in
335 2884 490 2928 theatro,
517 2895 682 2931 eumque
707 2883 807 2920 inter
831 2883 999 2930 inqentes
1025 2882 1208 2919 clamores
1234 2892 1320 2917 cum
1340 2877 1483 2914 librum
1503 2887 1547 2912 ex
1568 2874 1717 2911 annali-

161 2940 232 2979 bus
258 2941 380 2979 Ennii
411 2943 622 2991 septimum
653 2942 802 2991 legeret
833 2953 873 2978 se
903 2940 1086 2978 audiente
1112 2951 1267 2977 versum
1293 2935 1486 2985 quendam
1511 2945 1716 2982 perperam

1463 2998 1499 3032 f*

1756 3032 1762 3059 1
