2054 3282
689 195 989 231 SATURARUM
1014 196 1101 231 LIB.
1122 195 1212 230 INC.
1642 195 1726 236 211

165 377 221 419 66
253 376 434 432 Propter
460 379 613 433 stagna
637 377 711 419 ubi
737 315 979 433 lanigeriiynli
1002 390 1135 433 genus
1162 376 1350 431 piscibus
1378 375 1514 430 pascit

905 481 989 516 VIII

167 543 220 585 67
539 542 684 585 decem
711 542 885 585 coclites
913 557 1018 597 quas
1044 541 1265 584 montibus
1291 541 1469 584 summis

255 614 432 669 Ripaeis
458 614 598 657 fodere

920 706 971 741 IX

165 769 220 811 69
254 768 389 812 Simia
414 783 541 824 quam
568 767 720 810 similis
746 768 1009 823 turpissuma
1033 766 1172 809 bestia
1195 766 1321 809 nobis

932 872 964 907 X

168 934 224 975 70
256 933 475 984 Quaerunt
502 934 545 976 in
573 933 712 989 scirpo
740 933 857 976 soliti
884 933 999 989 quod
1026 933 1164 976 dicere
1192 932 1352 976 nodum

164 1087 252 1121 bulo
268 1115 274 1121 .
292 1115 298 1121 .
315 1115 321 1121 .
337 1087 483 1123 astabat
501 1097 652 1132 aquas».
667 1086 799 1121 subulo
814 1085 948 1131 dictus,
962 1086 1062 1131 quod
1082 1086 1137 1121 ita
1157 1086 1288 1121 dicunt
1306 1085 1481 1120 tibicines
1495 1085 1623 1129 Tusci3
1644 1096 1734 1129 quo-

164 1141 263 1175 circa
282 1140 427 1175 radices
448 1140 526 1175 eius
540 1140 579 1175 in
593 1139 754 1183 Etruria,
768 1151 842 1175 non
856 1140 963 1174 Latio
979 1140 1245 1184 quaerundae)
1345 1139 1476 1173 Festus
1490 1151 1525 1184 p.
1538 1142 1617 1181 444,
1631 1142 1651 1173 3
1666 1138 1732 1172 Th.

166 1194 177 1210 ‘
188 1193 320 1228 subulo
335 1193 453 1228 Tusce
467 1192 609 1228 tibicen
623 1193 777 1237 dicitur;
797 1193 925 1238 itaque
939 1193 1081 1228 Ennius
1102 1193 1257 1230 «subulo
1274 1221 1280 1227 .
1298 1221 1303 1227 .
1321 1221 1327 1226 .
1343 1192 1535 1228 adstrabat
1548 1192 1732 1238 playa-3»)

282 1246 349 1282 VII
369 1248 441 1294 (66)
479 1246 617 1282 Paulus
638 1246 739 1282 Festi
758 1258 793 1291 p.
809 1250 866 1289 41,
882 1250 925 1281 27
941 1246 1006 1281 Th.
1026 1246 1207 1292 ‘«Cyprio
1228 1246 1314 1281 bovi
1333 1246 1572 1281 merendam»
1592 1245 1734 1279 Ennius

164 1300 339 1336 Sotadico
354 1311 460 1335 versu
474 1311 557 1335 cum
572 1299 668 1334 dixit
678 1302 765 1345 (var.
779 1301 848 1345 26),
861 1299 1087 1345 significavit
1102 1328 1227 1335 ......
1242 1299 1343 1334 idem
1357 1310 1440 1334 cum
1454 1298 1547 1334 dicit
1561 1300 1736 1344 «propter

166 1383 171 1388 .
190 1382 195 1388 .
212 1381 220 1388 .
239 1364 356 1399 genus
376 1356 534 1400 (pecus
556 1353 596 1388 O.
611 1352 813 1388 Muellerus
834 1353 958 1388 nescio
979 1364 1053 1398 qua
1073 1353 1160 1399 fide)
1174 1365 1210 1398 p.
1226 1353 1372 1398 pascit»
1388 1363 1467 1387 esse
1481 1352 1658 1397 paludem
1673 1353 1736 1387 de-

164 1408 356 1450 monstrat,
377 1407 416 1441 in
436 1418 511 1451 qua
530 1408 734 1441 nascuntur
752 1406 874 1451 pisces
895 1406 1036 1442 similes
1050 1406 1276 1449 ranunculis,
1292 1417 1384 1451 quos
1399 1417 1483 1441 oves
1499 1407 1736 1441 consectatae

164 1460 306 1494 edunt.’

283 1513 367 1547 VIII
388 1515 459 1559 (67)
486 1513 603 1548 Varro
618 1513 664 1548 de
678 1513 700 1547 1.
714 1513 752 1547 L.
765 1526 815 1548 vn
831 1514 890 1548 71‘
901 1513 1002 1558 apud
1017 1513 1186 1548 Ennium
1201 1513 1354 1550 «decem
1369 1524 1399 1548 c.
1413 1524 1505 1557 quas
1519 1525 1566 1547 m.
1579 1524 1605 1548 s.
1621 1512 1736 1558 ripeis

163 1567 286 1610 federe
306 1566 482 1612 (fodere
502 1566 583 1601 Par.
600 1568 658 1612 a)»
680 1566 727 1601 ab
748 1566 854 1602 oculo
875 1566 994 1601 606168
1014 1568 1056 1601 ut
1075 1566 1173 1602 ocles
1196 1566 1328 1608 dictus,
1350 1567 1415 1611 qui
1440 1578 1555 1601 unum
1582 1566 1738 1601 haberet

166 1619 340 1654 oculum.’

282 1673 331 1707 IX
346 1675 419 1719 (69)
453 1671 579 1708 Cicero
595 1673 640 1708 de
654 1675 730 1708 nat.
744 1673 842 1708 deor.
855 1686 868 1707 1
883 1676 938 1715 35,
952 1676 994 1708 97
1013 1673 1117 1718 ‘ipsa
1136 1684 1220 1709 vero
1241 1683 1354 1718 quam
1374 1672 1469 1707 nihil
1490 1673 1538 1707 ad
1557 1683 1635 1707 rem
1655 1684 1737 1718 per-

165 1726 261 1760 tinet
281 1737 377 1770 quae
397 1737 459 1761 vos
481 1726 645 1762 delectat
662 1726 823 1761 maxime
844 1726 1061 1761 similitudo.
1083 1726 1175 1771 quid
1202 1726 1304 1761 canis
1331 1736 1453 1761 nonne
1479 1726 1611 1760 similis
1636 1725 1737 1771 lupo,

165 1782 277 1823 atque
292 1781 333 1814 ut
347 1779 488 1814 Ennius
503 1779 637 1817 «simia
652 1808 657 1814 .
675 1808 681 1814 .
699 1808 705 1814 .
721 1779 863 1815 nobis».
878 1780 918 1814 at
930 1790 1050 1814 mores
1070 1779 1110 1814 in
1129 1780 1288 1824 utroque
1309 1779 1504 1824 dispares.’
1606 1778 1658 1816 Cf.
1676 1779 1738 1814 Se-

165 1843 275 1867 renus
296 1832 552 1868 Sammonicus
567 1833 618 1878 (P.
634 1833 672 1867 L.
688 1833 736 1867 M.
752 1846 793 1867 111
813 1832 960 1878 Baehr.)
974 1832 1039 1867 lib.
1054 1832 1150 1868 med.
1166 1836 1234 1868 819
1252 1832 1349 1868 ‘sive
1376 1832 1487 1868 homo
1514 1843 1578 1867 seu
1605 1832 1737 1867 similis

165 1886 383 1931 turpissima
402 1886 525 1921 bestia
544 1887 651 1921 nobis
672 1886 824 1921 vulnera
844 1886 956 1922 dente
976 1886 1108 1921 dedit?

282 1939 315 1973 X
329 1941 400 1985 (70)
432 1940 563 1974 Festus
583 1952 618 1985 p.
634 1943 713 1982 490,
730 1943 772 1974 11
788 1939 854 1974 Th.
873 1940 1288 1985 ε11611ρῄ0111(8611·Ῑ)118
1309 1939 1481 1985 Ursinus)
1503 1941 1560 1974 est
1578 1939 1618 1974 id
1638 1940 1738 1984 quod

165 1993 203 2027 in
222 1992 452 2038 palustribus
472 1992 564 2027 locis
583 1992 750 2027 nascitur
768 1992 849 2027 leve
869 1994 907 2027 et
925 2003 1121 2038 procerum
1139 1993 1239 2027 unde
1258 1994 1403 2038 tegetes
1423 1992 1526 2028 fiunt.
1547 1993 1636 2028 inde
1655 2005 1738 2038 pro-

165 2045 333 2080 verbium
352 2047 409 2080 est
426 2045 466 2080 in
485 2056 548 2080 eas
568 2047 698 2080 natum
721 2056 789 2088 res,
811 2056 906 2090 quae
925 2045 1065 2080 nullius
1085 2045 1333 2091 inpedimenti
1357 2047 1454 2089 sunt,
1476 2046 1515 2080 in
1533 2046 1654 2091 scirpo
1674 2057 1738 2081 no-

167 2099 255 2133 dum
275 2109 463 2143 quaerere.
480 2098 621 2132 Ennius
636 2099 845 2143 «quaerunt
859 2126 865 2132 .
883 2126 889 2133 .
903 2099 1005 2134 soliti
1018 2099 1115 2143 qaod
1128 2099 1162 2133 d.
1178 2099 1368 2134 nodum».’
1384 2098 1439 2133 Ex
1452 2099 1562 2134 Festo
1575 2099 1738 2134 Isidorus

166 2152 344 2197 orig.xv11
359 2155 390 2194 9,
403 2155 447 2186 97
462 2152 473 2168 ‘
483 2151 627 2196 scirpus
642 2162 664 2186 a
678 2162 749 2196 quo
767 2153 910 2197 tegetes
927 2153 1104 2186 texuntur
1117 2153 1357 2197 (teguntur
1377 2152 1523 2198 optimi)
1535 2152 1614 2187 sine
1628 2153 1737 2197 nodo,

167 2206 213 2240 de
234 2216 306 2250 quo
327 2205 470 2239 Ennius
491 2206 722 2249 «quaerunt.
739 2233 746 2239 .
762 2205 859 2249 qaod
877 2205 977 2240 soliti
997 2204 1136 2251 (solet
1154 2204 1357 2250 Wolfenb.)
1379 2205 1413 2240 d.
1428 2205 1618 2242 nodum».’

288 2354 340 2392 67
372 2365 486 2403 quas:
506 2364 656 2391 massas
675 2353 857 2402 intellegit
873 2352 1166 2393 Lachmannas.
1191 2353 1250 2402 Cf.
1269 2353 1404 2392 Plaut.
1418 2354 1496 2393 mil.
1509 2354 1603 2403 ylor.
1626 2353 1734 2403 1065

169 2426 261 2452 nam
280 2425 429 2451 massas
448 2412 585 2451 habet:
605 2412 736 2451 Aetna
754 2424 865 2451 mons
886 2425 965 2451 non
980 2419 1101 2462 aeque
1117 2413 1262 2460 altust,·
1278 2412 1525 2453 Claudianus
1538 2426 1636 2453 xxw
1654 2423 1673 2450 2
1682 2423 1704 2461 3
1712 2424 1734 2462 5

169 2484 318 2510 massas
337 2472 491 2522 argenti
609 2472 662 2509 68
677 2466 827 2510 Ῥιπαῖα
847 2470 918 2524 ὄρη
936 2484 1034 2520 quae
1049 2471 1190 2511 Graeci
1206 2473 1350 2518 dicant,
1364 2473 1555 2512 Romanis
1569 2473 1738 2523 Riphaei

168 2529 318 2583 (Ennio
331 2525 490 2582 Ripaei)
508 2532 660 2569 montes
680 2533 772 2569 sant
896 2531 958 2570 De
976 2543 1018 2570 re
1038 2532 1085 2579 cf.
1099 2531 1320 2571 Herodotus
1339 2544 1385 2570 111
1412 2543 1425 2568 1
1438 2530 1511 2579 16,·
1530 2545 1571 2572 1v
1593 2542 1653 2580 13.
1677 2533 1737 2571 W.

171 2590 466 2629 Tomaschckias
480 2586 612 2637 ‘skytln
624 2586 763 2628 Nor-ci?
775 2602 789 2627 1
800 2601 839 2637 p.
850 2600 874 2637 4
885 2600 898 2626 1
918 2602 995 2638 sqq.
1108 2592 1160 2629 69
1180 2590 1238 2639 G'f.
1251 2592 1368 2629 Plato
1378 2592 1500 2640 Hipp.
1512 2593 1603 2630 mai.
1620 2589 1701 2640 289
1713 2603 1738 2628 a

168 2647 322 2701 ἀγνοεῖς
350 2648 408 2687 ὅτι
433 2647 474 2687 τὸ
501 2654 570 2687 τοῦ
585 2645 836 2700 “Ηρακλείτου
857 2643 900 2687 εὖ
925 2648 1013 2701 ἔχει,
1039 2647 1092 2696 ὡς
1113 2647 1190 2703 ἄρα
1208 2649 1396 2702 πιθήκων
1417 2648 1437 2689 ὅ
1458 2649 1659 2696 κάλλιστος
1680 2650 1738 2688 αι’-

170 2707 283 2760 σχρὸς
308 2706 535 2760 ἀνθρώπων
560 2704 661 2759 γένει
693 2707 928 2759 συμβάλλειν
1069 2710 1123 2747 70
1149 2710 1279 2748 soliti:
1299 2710 1346 2758 Cf.
1368 2722 1459 2748 arm.
1481 2719 1530 2745 22
1544 2719 1584 2755 1‚·
1607 2708 1738 2748 Cicero

169 2766 281 2806 Arat.
299 2762 364 2820 (de
380 2769 460 2805 wat.
481 2767 582 2805 deor.
597 2779 626 2804 11
648 2777 715 2813 41,
737 2766 832 2815 105)
853 2768 988 2806 stellas
1010 2798 1018 2805 .
1041 2798 1048 2806 .
1073 2781 1170 2818 quas
1190 2769 1316 2807 nostri
1337 2771 1487 2817 septem
1506 2768 1614 2806 soliti
1634 2769 1738 2806 voci-

168 2829 254 2864 tare
267 2827 414 2864 triones
423 2839 437 2872 ;
457 2824 554 2865 Aen.
569 2838 583 2863 1
605 2834 686 2873 729
708 2827 966 2876 implevitque
991 2840 1100 2866 mero
1121 2830 1301 2878 pateram
1322 2840 1439 2877 quam
1461 2828 1578 2865 Belus
1599 2829 1639 2865 et
1658 2839 1738 2865 om-

172 2898 241 2923 nes
262 2897 285 2923 a
305 2885 402 2923 Belo
424 2885 544 2929 soliti,
566 2887 599 2922 et
617 2896 732 2932 saepe
751 2886 928 2923 similiter

1389 2999 1457 3033 14*
