2054 3282
792 155 895 190 ΕΑΒ.
917 155 1007 191 ΙΝΟ.
1595 156 1679 197 197

856 273 940 308 XXI

116 347 203 389 404
773 346 891 388 nulla
915 346 1037 403 regni
1063 349 1210 389 sancta
1235 348 1415 390 societas

234 417 326 462 Neo
352 418 456 460 fides
483 420 548 460 est

851 539 953 574 XXII

118 614 205 656 406
237 614 462 656 Parentem
488 615 531 655 et
557 629 611 668 pa
1131 613 1334 668 sospitem

841 734 959 769 XXIII

112 809 198 852 407
638 808 779 850 vivam
806 823 860 850 an
886 807 1045 850 moriar
1069 807 1188 850 nulla
1214 808 1260 850 in
1284 823 1351 849 me
1378 811 1443 850 est
1468 811 1607 851 metus

114 985 291 1031 religiosa
306 1013 311 1019 .
331 1014 336 1018 .
355 1014 360 1019 .
378 996 452 1020 non
473 985 521 1020 ad
541 984 635 1020 iram
650 984 804 1020 deorum
819 994 915 1029 quae
928 983 1033 1019 nulla
1047 984 1104 1019 est
1118 984 1183 1019 sed
1197 984 1245 1020 ad
1259 984 1444 1020 iustitiam
1459 986 1498 1020 et
1512 985 1560 1020 ad
1574 985 1684 1021 fidem

113 1039 285 1085 pertinet.
306 1049 394 1073 nam
417 1038 609 1083 praeclare
632 1037 774 1072 Ennius
794 1048 839 1074 «0
859 1037 968 1072 Fides
991 1066 997 1071 .
1020 1067 1026 1072 .
1048 1038 1173 1083 pinnis
1194 1038 1355 1084 (pennis)
1377 1067 1383 1073 .
1407 1068 1413 1073 .
1438 1067 1443 1073 .
1465 1038 1595 1074 Iovis».
1620 1039 1685 1084 qui

116 1093 174 1127 ius
194 1092 311 1138 igitur
333 1092 532 1127 iurandum
552 1091 679 1134 violat,
699 1091 731 1126 is
751 1091 881 1126 Fidem
901 1091 1027 1134 violat,
1048 1101 1160 1135 quam
1181 1091 1220 1126 in
1241 1091 1427 1137 Capitolio
1448 1092 1608 1127 vicinam
1628 1093 1684 1128 Io-

115 1146 169 1181 vis
189 1145 323 1191 optimi
342 1145 496 1180 maximi
515 1174 520 1179 .
538 1174 544 1179 .
562 1174 568 1179 .
590 1145 749 1179 maiores
769 1145 887 1180 nostri
907 1155 986 1179 esse
1006 1144 1229 1180 voluerunt)
1346 1145 1527 1190 Apuleius
1548 1146 1595 1181 de
1614 1146 1683 1182 deo

115 1199 211 1234 Socr.
229 1202 248 1234 5
262 1211 298 1244 p.
314 1202 369 1242 10,
382 1201 425 1233 18
440 1197 572 1234 Goldb.
590 1198 698 1233 ‘nam
719 1199 757 1233 et
774 1197 832 1233 ius
852 1198 1051 1233 iurandum
1065 1198 1162 1233 Iovis
1182 1198 1381 1234 iurandum
1396 1198 1499 1244 (Iov.
1515 1199 1595 1234 iur.
1612 1211 1681 1234 om.

114 1253 208 1287 Flor.
224 1252 345 1294 Laur.,
360 1251 444 1286 add.
460 1264 506 1286 m.
523 1251 586 1287 alt.
601 1251 699 1297 Par.)
720 1251 858 1286 dicitur
875 1253 918 1286 ut
938 1251 993 1287 ait
1012 1251 1180 1286 Ennius)
1306 1252 1410 1287 Haeo
1432 1263 1507 1287 non
1525 1252 1684 1299 indigna

114 1307 219 1341 erant
233 1305 382 1349 Medea3
398 1304 442 1340 ef.
458 1304 584 1351 Eurip.
600 1305 698 1340 Med.
716 1309 782 1341 169
797 1302 930 1340 κλύεθ’
947 1302 1009 1340 οἶα
1022 1304 1118 1350 λέγει
1131 1305 1360 1352 κάπιβοᾶται
1377 1304 1492 1351 Θέμιν
1506 1304 1683 1342 εὐκταίαν

117 1358 219 1403 Ζῆνά
243 1356 288 1394 θ’
311 1357 352 1400 ὃς
378 1356 497 1404 ὅρκων
521 1361 679 1404 θνητοῖς
702 1356 838 1404 ταμίας
862 1358 1092 1404 νενόμισται;
1119 1361 1188 1393 208
1213 1360 1411 1395 θεοκλυτεῖ
1431 1356 1469 1395 δ’
1492 1357 1545 1395 ἔτ’
1569 1359 1683 1396 ἄδικοι

112 1415 293 1448 παθοῦσα
311 1411 380 1447 τὰν
404 1412 522 1457 Ζηνὸς
541 1409 675 1457 ὁρκίαν
698 1411 823 1458 Θέμιν.

230 1471 314 1506 XXI
334 1472 431 1517 (404)
470 1470 596 1506 Cicero
617 1471 663 1506 de
684 1470 743 1506 off.
766 1484 779 1506 1
799 1474 831 1514 8,
847 1475 891 1506 26
912 1471 1033 1516 ‘quod
1053 1471 1152 1506 em'm
1174 1472 1231 1507 est
1251 1472 1352 1517 apud
1371 1471 1533 1507 Ennium
1555 1472 1683 1509 «nulla

113 1526 244 1561 sancta
263 1525 421 1560 societas
441 1535 509 1560 nec
528 1524 619 1560 fides
639 1525 743 1571 reyni
762 1525 841 1561 est»
861 1525 902 1560 id
921 1524 1035 1560 latius
1055 1525 1172 1570 patet.
1187 1536 1275 1560 nam
1297 1525 1477 1570 quicquid
1497 1525 1682 1561 eiusmodi

113 1580 179 1622 est,
199 1579 239 1613 in
259 1589 331 1624 quo
345 1590 420 1614 non
432 1577 579 1623 possint
590 1577 715 1623 plures
736 1578 926 1622 excellere,
946 1578 986 1613 in
1006 1589 1048 1614 eo
1068 1578 1111 1613 fit
1123 1578 1344 1624 plerumque
1358 1579 1466 1614 tanta
1481 1579 1681 1622 contentio,

112 1634 155 1667 ut
168 1631 431 1667 difficillimum
446 1631 496 1666 sit
509 1642 654 1667 servare
670 1632 862 1669 «sanctam
879 1632 1148 1669 societatem».’
1235 1632 1339 1667 Idem
1360 1632 1406 1667 de
1426 1643 1465 1667 re
1484 1644 1520 1677 p.
1536 1645 1549 1666 1
1563 1635 1619 1676 32,
1635 1636 1678 1667 49

114 1687 125 1703 ‘
136 1697 219 1721 cum
238 1687 364 1731 patres
383 1696 506 1720 rerum
526 1685 746 1730 potirentur,
760 1696 965 1731 numquam
980 1685 1191 1721 constitisse
1206 1685 1370 1721 civitatis
1393 1686 1544 1729 statum,
1559 1685 1679 1720 multo

112 1739 188 1775 iam
201 1739 241 1774 id
255 1739 294 1774 in
307 1738 432 1785 regnis
446 1739 579 1781 minus,
602 1751 769 1784 quorum,
789 1739 832 1773 ut
852 1740 907 1774 ait
924 1739 1078 1783 Ennius,
1099 1739 1228 1776 «nulla
1246 1739 1352 1786 reyni
1371 1739 1502 1774 sancta
1522 1739 1681 1774 societas

111 1804 180 1828 nec
199 1793 290 1827 fides
311 1794 450 1839 (mnnsa'c
471 1792 566 1838 cod.)
587 1793 693 1828 est»)
714 1792 756 1826 In
777 1792 911 1838 quibus
931 1792 1052 1828 verbis
1072 1792 1137 1837 qui
1161 1793 1227 1828 aut
1252 1803 1439 1837 quorum
1458 1792 1680 1827 mutandum

112 1847 188 1890 aut,
203 1846 303 1890 quod
316 1845 504 1891 plerisque
517 1845 672 1891 placuit,
686 1857 731 1880 re
739 1845 815 1891 gni
833 1846 1086 1881 abiiciendum
1101 1846 1263 1889 censent,
1277 1857 1352 1881 non
1365 1846 1465 1881 recte
1479 1846 1682 1881 aestimant

112 1899 254 1935 citandi
267 1899 430 1943 modum,
445 1899 509 1944 qui
522 1899 593 1934 hoe
605 1898 762 1943 ferebat,
776 1900 819 1934 ut
831 1899 943 1935 Ennii
957 1899 1069 1935 verba
1081 1899 1195 1944 plane
1209 1900 1248 1934 et
1261 1900 1434 1934 accurate
1449 1898 1679 1943 afferrentur,

111 1963 339 1998 quamquam
358 1964 441 1988 cum
462 1964 648 1997 quorum
669 1952 729 1987 cui
749 1952 1021 1988 adhaerescunt
1041 1953 1219 1998 coniungi
1238 1953 1339 1988 recte
1357 1963 1432 1988 non
1451 1954 1617 1997 possunt.
1634 1953 1680 1988 de

112 2018 184 2051 quo
198 2016 333 2052 genere
346 2005 424 2040 dixi
439 2006 486 2041 ad
501 2005 573 2041 Cic.
587 2005 633 2041 de
646 2005 744 2051 legg.
759 2019 787 2040 11
802 2008 856 2048 19,
868 2009 914 2041 47
927 2018 963 2051 p.
978 2009 1061 2050 1323
1077 2006 1115 2041 et
1128 2006 1172 2041 cf.
1183 2005 1285 2041 Verr.
1302 2006 1372 2040 act.
1382 2019 1410 2040 11
1420 2005 1485 2041 lib.
1497 2019 1535 2040 1v
1549 2009 1604 2049 13,
1617 2009 1679 2051 31;

113 2059 161 2093 ad
177 2059 253 2094 Att.
269 2072 296 2093 11
314 2062 369 2102 19,
382 2063 401 2093 2
423 2059 471 2094 ad
492 2070 575 2093 ann.
590 2071 642 2092 xn
662 2058 704 2093 fr.
720 2071 748 2093 11
765 2059 882 2094 adscr.
894 2059 1026 2105 Itaque
1045 2059 1305 2094 tantummodo
1326 2059 1457 2104 regni
1476 2059 1620 2104 positus
1639 2059 1680 2094 in

111 2113 186 2147 ista
215 2111 467 2157 discrepantia
496 2111 694 2157 ambiguus
721 2113 793 2156 est3
819 2112 859 2146 in
879 2123 954 2157 qua
972 2123 1011 2147 re
1031 2123 1100 2158 ego
1122 2112 1194 2147 hoc
1218 2112 1404 2157 posterius
1423 2112 1679 2148 testimonium

111 2165 396 2211 praeferendum
417 2165 515 2200 duxi.
538 2164 590 2200 cf.
611 2164 798 2200 Minucius
817 2165 923 2201 Felix
943 2169 998 2209 18,
1014 2170 1034 2201 6
1054 2165 1223 2210 ‘quando
1250 2176 1428 2210 umquam
1454 2166 1583 2211 regni
1610 2177 1678 2201 so-

113 2219 257 2254 cietas
278 2220 344 2254 aut
363 2230 447 2254 cum
465 2218 538 2253 fide
559 2218 682 2263 coepit
701 2220 768 2253 aut
786 2218 865 2253 sine
883 2230 1010 2254 cruore
1027 2219 1237 2254 discessit?'
1253 2219 1379 2253 Livius
1396 2232 1409 2253 1
1428 2222 1482 2262 14,
1498 2222 1518 2253 3
1536 2219 1602 2254 ‘ob
1622 2219 1679 2254 in-

112 2273 224 2308 fidam
245 2272 515 2308 societatem
534 2271 691 2317 regni.’
707 2272 842 2307 Lucan,
858 2285 871 2306 1
891 2276 935 2307 92
952 2272 1071 2307 ‘nulla
1090 2272 1210 2307 fides
1229 2272 1361 2318 regni
1382 2272 1520 2307 sociis
1541 2273 1678 2308 omnis-

113 2337 184 2371 que
203 2326 370 2371 potestas
390 2325 591 2370 impatiens
612 2325 791 2360 consortis
812 2325 908 2360 erit.'

230 2384 331 2418 XXH
343 2386 441 2430 (406)
467 2384 605 2419 Paulus
619 2384 721 2419 Festi
733 2397 769 2430 p.
782 2388 862 2427 431,
874 2388 893 2419 3
909 2385 975 2419 Th.
993 2385 1134 2430 ‘sospes
1156 2385 1289 2420 salvus.
1305 2384 1446 2420 Ennius
1460 2386 1587 2420 tamen
1601 2397 1677 2421 sos-

111 2438 229 2483 pitem
248 2449 315 2483 pro
336 2439 522 2473 servatore
541 2437 693 2483 posuit.'
709 2438 840 2473 Festus
857 2438 866 2454 ‘
877 2449 935 2473 sos
951 2460 994 2464 —-
1009 2460 1052 2463 —
1068 2438 1071 2485 1
1089 2449 1215 2473 omnes
1229 2438 1325 2473 ferre
1340 2449 1410 2473 auc
1422 2460 1465 2464 —
1480 2460 1526 2464 —
1545 2438 1549 2486 Ι
1569 2439 1677 2474 Afra,-

111 2491 195 2526 nius
215 2491 254 2526 in
274 2502 320 2536 ep
342 2513 384 2516 —
406 2512 450 2516 —
465 2491 469 2538 Ι
484 2492 629 2527 servent
648 2491 722 2526 tuis
738 2513 780 2517 —
796 2492 858 2538 -Ι
877 2491 1062 2527 «Maxime
1081 2492 1320 2538 Teu(crorum
1341 2492 1483 2535 ductor,
1504 2503 1578 2537 quo
1600 2503 1675 2527 sos-

111 2544 204 2590 pite)
219 2544 222 2591 1
236 2555 463 2589 numquam»
476 2544 580 2590 (Aen.
593 2557 659 2579 vm
673 2545 766 2590 470).
781 2544 838 2579 En
853 2566 896 2570 —
909 2565 952 2570 —
967 2544 970 2592 Ι
983 2546 1176 2590 parentem
1190 2546 1228 2581 et
1240 2556 1291 2590 pa
1305 2566 1348 2571 -—
1365 2566 1408 2572 —
1420 2546 1428 2592 1
1441 2545 1672 2591 sospitem».’

113 2597 165 2632 Of.
182 2598 230 2632 ad
251 2609 334 2633 ann.
350 2597 413 2632 lib.
429 2597 499 2632 ino.
515 2598 557 2632 fr.
575 2610 666 2632 cmv.

229 2656 348 2691 XXIII
362 2658 458 2702 (407)
496 2656 633 2691 Paulus
654 2656 754 2691 Festi
773 2669 808 2702 p.
827 2660 882 2700 88,
898 2660 940 2691 31
956 2657 1022 2692 Th.
1041 2658 1181 2693 ‘metus
1201 2658 1380 2693 feminine
1401 2657 1586 2693 dicebant.
1602 2657 1675 2692 En-

111 2709 194 2745 nius
215 2710 359 2746 «vivam
375 2739 380 2745 .
399 2739 404 2744 .
423 2739 428 2744 .
445 2710 616 2746 metus».'
728 2709 779 2745 Cf.
797 2721 879 2745 ann.
897 2713 964 2745 549
984 2710 1112 2756 ibique
1132 2711 1333 2756 adscripta.

231 2895 314 2933 406
336 2895 509 2944 patriam
529 2894 570 2932 di
590 2895 743 2933 servate
769 2895 956 2944 sospitem
974 2894 1146 2944 Scaliyer
1164 2896 1364 2934 senarium
1385 2894 1545 2942 explevit
