2020 3334
362 179 548 215 LXXVIII
922 178 949 213 Ι.
975 176 1202 212 HISTORIA
1220 177 1359 212 ENNH

360 293 461 330 ciam
480 291 601 328 Ennii
626 301 740 328 nemo
766 290 845 328 nisi
862 289 1015 327 Nonius
1041 290 1243 338 cognitam
1266 288 1461 338 habuerit,
1486 291 1556 339 qui
1579 302 1777 341 perpauca
1802 303 1848 329 ex
1872 302 1919 329 ea

359 350 533 388 frustula
557 349 742 387 servavit.
774 347 851 386 Illa
883 361 962 386 non
993 360 1106 397 posse
1131 349 1210 386 nisi
1240 349 1422 387 universe
1453 348 1500 387 de
1524 349 1708 388 Enniana
1738 350 1850 400 poesi
1880 350 1920 388 et

358 409 540 458 inprimis
567 408 679 456 epica
698 407 873 457 intelligi
898 408 1092 455 existimo,
1118 408 1159 445 et
1181 407 1294 445 rudis
1314 407 1436 445 Ennii
1452 420 1566 446 musa
1582 410 1760 456 vocatur,
1786 421 1918 458 quem·

360 467 571 505 admodum
601 466 649 505 ab
676 464 819 504 Ovidio
845 466 997 504 Ennius
1025 461 1091 519 (cf.
1111 479 1149 515 p.
1168 460 1240 518 Lx)
1272 467 1426 515 ingenio
1455 468 1668 512 mamimus,
1699 470 1781 506 arte
1807 467 1920 505 rudis

360 525 574 573 dicebatur,
599 527 709 574 ferox
733 526 865 563 autem
891 538 937 563 ea
961 526 1092 563 mente
1119 537 1197 575 qua
1215 525 1407 563 Horatius
1432 525 1570 563 scribit
1587 526 1638 564 Ε.
1661 529 1696 565 et
1711 528 1868 574 sapiens
1887 528 1922 564 et

359 586 483 632 fortis.
1845 597 1850 601 ·

480 643 571 682 Non
596 644 724 694 magis
749 643 946 681 Martialis
974 656 1062 681 eum
1086 644 1223 694 magni
1248 644 1487 691 aestimavit,
1513 655 1629 692 quem
1648 644 1767 681 semel
1786 643 1920 693 appel-

359 703 419 740 lat
449 703 624 750 nomine,
655 703 697 740 in
730 703 1063 753 epigrammatum
1095 703 1234 752 quinto
1263 704 1335 750 10,
1364 704 1401 751 7,
1432 715 1521 740 cum
1551 702 1653 740 hanc
1683 703 1921 741 sententiam

362 773 440 800 esse
465 761 559 810 quid
583 762 651 799 hoc
676 761 804 799 dicam
827 763 927 800 vivis
952 762 1053 809 quod
1077 763 1188 810 fama
1211 764 1375 810 neqatur
1400 764 1434 800 et
1456 773 1532 799 sua
1556 761 1657 809 quod
1683 773 1802 800 rarus
1832 764 1921 799 tem-

354 832 458 869 pora
483 821 597 858 lector
622 823 729 858 amat
753 821 940 870 exemplis
965 833 1053 858 cum
1079 821 1168 858 aliis
1194 822 1281 858 tum
1298 821 1372 859 hoc
1392 820 1438 858 de
1464 820 1593 858 Ennio
1614 820 1821 858 confirmat
1838 820 1923 858 En-

359 881 451 917 nius
483 882 537 917 est
566 879 683 918 lectus
713 879 821 917 salvo
852 880 938 924 tibi,
969 879 1113 924 Roma,
1143 880 1323 918 Marone.
1354 879 1473 927 Vere,
1504 880 1539 917 si
1570 879 1729 928 quidem
1760 879 1921 918 annales

361 940 482 976 etiam
500 938 679 988 Vergilio
704 939 796 976 vivo
817 938 964 976 Romae
988 938 1110 976 lectos
1136 939 1256 976 fuisse
1275 938 1443 976 Horatio
1462 940 1563 976 teste
1582 939 1747 976 constat.
1772 937 1922 976 Iterum

361 1010 403 1034 xt
425 998 500 1045 90,
522 998 545 1035 5
579 1009 668 1035 011111
696 997 805 1035 rudis
838 998 1091 1046 antiquitatis
1120 997 1315 1036 studiosos
1346 997 1504 1045 irridet,
1535 1009 1613 1035 non
1643 998 1802 1035 nomine
1833 1009 1922 1035 eum

361 1056 429 1095 sed
455 1056 583 1094 verbis
609 1057 723 1094 notat
749 1068 850 1105 quae
875 1056 1058 1093 Enniana
1085 1068 1165 1095 esse
1191 1069 1305 1095 nemo
1330 1055 1542 1107 ignorabat
1568 1051 1675 1109 (ann.
1697 1051 1803 1109 489)

576 1114 766 1153 Carmina
789 1115 902 1153 nulla
919 1116 1068 1163 probas
1091 1115 1199 1153 molli
1224 1127 1322 1164 quae
1347 1116 1466 1154 limite
1491 1117 1663 1159 currunt,

644 1173 720 1212 Sed
744 1186 842 1223 quae
859 1186 935 1222 per
957 1175 1132 1212 salebras
1158 1174 1311 1222 altaque
1334 1185 1434 1212 saxa
1459 1174 1614 1218 cadunt,

573 1233 630 1270 Et
652 1233 722 1271 tibi
746 1234 931 1271 Maeonio
956 1244 1103 1281 quoque
1128 1235 1299 1272 carmine
1322 1234 1452 1271 maius
1479 1234 1640 1271 habetur

645 1287 795 1330 ‘Lucili
820 1292 1032 1337 columella,
1056 1293 1117 1330 hic
1140 1293 1238 1330 situs
1263 1288 1566 1340 Metrophanes',

528 1358 547 1388 5
573 1350 844 1398 Attonitusque
868 1351 961 1400 leqis
987 1347 1123 1389 ‘terrai
1147 1347 1372 1400 frugiferai'

644 1408 788 1448 Accius
813 1412 848 1448 et
871 1410 1060 1458 quidquid
1083 1410 1354 1458 Pacuviusque
1377 1412 1546 1448 vomunt.

366 1468 468 1507 unde
494 1468 734 1519 intelligitur
758 1469 880 1507 fuisse
907 1470 1028 1507 etiam
1051 1469 1122 1507 illo
1147 1470 1323 1518 tempore
1350 1469 1419 1518 qui
1444 1469 1605 1507 annales
1630 1469 1816 1519 legerent.

481 1526 750 1572 Quintilianus
770 1526 847 1577 fqui
866 1529 1049 1566 extremis
1069 1528 1291 1566 Domitiani
1310 1528 1423 1566 annis
1442 1529 1707 1566 institutionis
1727 1528 1924 1566 oratoriae

364 1587 486 1625 libros
513 1587 671 1636 scripsit
696 1588 816 1635 atque
842 1587 978 1635 edidit,
1005 1600 1094 1625 cum
1118 1588 1255 1636 poetas
1281 1599 1414 1625 omnes
1440 1588 1480 1625 et
1505 1587 1714 1636 scriptores
1734 1586 1785 1625 ad
1803 1599 1923 1624 11110111

363 1646 554 1684 utilitatis
574 1646 793 1683 rhetoricae
813 1659 992 1684 normam
1010 1646 1157 1684 referre
1183 1646 1319 1693 soleat,
1345 1658 1371 1683 x
1388 1648 1424 1693 1,
1446 1646 1499 1683 88
1521 1645 1568 1683 de
1591 1646 1721 1683 Ennio
1746 1646 1819 1684 hoc
1844 1658 1924 1683 1110-

363 1704 554 1742 morabile
578 1704 770 1742 iudiciuin
795 1706 920 1743 mixta
944 1706 1198 1743 veneratione
1224 1718 1312 1743 cum
1338 1704 1596 1753 despicientia
1614 1705 1719 1743 fecit.
1746 1705 1925 1742 Ennium

362 1766 462 1802 sicut
492 1774 624 1802 sacros
654 1766 836 1802 vetustate
866 1764 971 1802 lucos
1005 1764 1226 1808 adoremus,
1256 1765 1300 1802 in
1330 1764 1468 1811 quibus
1495 1764 1668 1812 yrandia
1698 1766 1731 1802 et
1761 1765 1925 1811 antiqua

362 1823 503 1861 robora
526 1824 608 1860 iam
632 1833 711 1860 non
735 1825 884 1861 tamtam
908 1823 1048 1861 habent
1070 1824 1231 1871 speciem
1256 1825 1442 1870 quantam
1466 1823 1709 1871 reliqionem,·
1721 1824 1925 1870 propiores

364 1882 436 1919 alii
466 1884 578 1929 atque
609 1882 661 1919 ad
685 1882 753 1920 hoc
778 1882 823 1920 cle
848 1893 921 1930 quo
946 1882 1140 1930 loquimur
1164 1883 1290 1930 mayis
1313 1882 1435 1920 utiles.
1461 1881 1571 1919 Idem
1595 1882 1637 1920 in
1663 1882 1794 1931 capite
1820 1881 1926 1930 quod

366 1940 413 1978 de
438 1941 607 1979 lectione
639 1941 725 1991 agit
749 1952 764 1977 1
785 1941 809 1978 8
837 1953 925 1978 011111
956 1940 1004 1978 de
1028 1941 1156 1990 poetis
1182 1940 1414 1978 adhibendis
1444 1941 1623 1989 loquitur
1653 1942 1698 1977 ut
1728 1941 1787 1978 ita
1819 1940 1926 1978 dicat

367 1994 431 2051 (8)
457 1999 621 2037 multum
646 2002 786 2037 veteres
812 2001 926 2037 etiam
951 2000 1090 2038 Latini
1121 2001 1339 2048 conferunt,
1370 2011 1605 2047 quamquam
1628 1999 1806 2046 plerique
1829 2000 1925 2046 plus

363 2059 516 2107 inqenio
542 2070 659 2106 quam
685 2061 766 2096 arte
796 2059 1014 2103 valuerunt,
1051 2060 1233 2107 inprimis
1264 2060 1415 2106 copiam
1444 2059 1658 2102 verborum,
1689 2069 1853 2106 quorum
1882 2059 1925 2095 in

366 2117 573 2166 traqoediis
595 2118 783 2166 qravitas,
807 2119 851 2155 in
876 2118 1078 2156 comoediis
1103 2118 1292 2166 eleqantia
1316 2118 1484 2155 inveniri
1502 2119 1637 2164 potest,
1668 2116 1926 2155 confirmandi

366 2189 484 2214 causa
508 2176 605 2214 haec
631 2176 743 2214 addit
769 2171 863 2229 (10)
890 2177 1052 2224 denique
1077 2177 1278 2215 credamus
1302 2177 1465 2215 summis
1490 2176 1707 2214 oratoribus
1734 2177 1801 2224 qui
1830 2178 1926 2214 vete·

366 2247 456 2273 rum
480 2238 662 2282 poemata
692 2236 752 2273 vel
783 2235 835 2273 ad
864 2235 981 2282 fidem
1006 2247 1216 2274 causarum
1240 2236 1299 2274 vel
1324 2235 1376 2273 ad
1400 2238 1668 2273 ornamentum
1693 2235 1926 2282 eloquentiae

366 2295 598 2341 adsumunt,·
626 2306 720 2332 nam
741 2296 950 2342 praechpue
974 2295 1127 2342 quidem
1152 2294 1260 2342 apud
1293 2293 1522 2339 Ciceronem,
1552 2295 1769 2342 frequenter
1799 2296 1926 2331 tamen

367 2353 474 2401 apud
491 2352 678 2392 Asinium
703 2355 818 2391 ctiam
843 2356 877 2391 et
895 2356 1044 2398 ceteros,
1070 2355 1136 2402 qui
1153 2355 1245 2391 sunt
1254 2354 1440 2401 proximi,
1464 2353 1638 2391 videmus
1657 2353 1801 2400 Enni,
1819 2351 1927 2396 Acci,

367 2412 527 2457 Pacuvi,
552 2412 697 2456 Lucili,
727 2413 890 2457 Terenti,
917 2412 1062 2451 Caecili
1089 2415 1123 2450 et
1153 2413 1321 2451 aliorwm
1351 2413 1471 2449 inseri
1500 2422 1634 2449 versus
1664 2422 1818 2448 summa
1847 2421 1926 2448 non

368 2471 596 2509 eruditionis
620 2471 731 2509 modo
752 2473 885 2519 qratia
909 2472 976 2509 sed
1001 2473 1115 2510 etiam
1139 2471 1404 2514 iucunditatiS,
1430 2482 1516 2508 cum
1533 2470 1695 2518 poeticis
1721 2469 1925 2517 voluptati·
1945 2487 1950 2492 »

369 2530 439 2567 bus
465 2541 579 2568 aures
605 2542 631 2567 a
654 2531 801 2578 forensi
825 2531 1031 2577 asperitate
1054 2531 1244 2578 respirent
1268 2542 1345 2578 eqs.
1372 2529 1493 2566 Ennii
1518 2541 1664 2576 versus,
1689 2541 1737 2566 ne
1763 2528 1810 2566 de
1835 2529 1925 2567 aliis

368 2589 496 2637 poetis
522 2588 667 2636 dicam,
695 2588 921 2627 Ciceronem
953 2590 1074 2627 etiam
1104 2590 1146 2627 in
1177 2588 1421 2627 orationibus
1454 2582 1551 2639 (non
1580 2588 1707 2626 solum
1731 2588 1773 2624 in
1798 2587 1925 2636 philo-

369 2648 531 2696 sophiae
563 2642 860 2700 scriptionibus)
895 2647 1044 2686 decoris
1074 2660 1192 2686 causa
1217 2649 1287 2685 aut
1312 2646 1363 2685 ad
1387 2646 1664 2685 stabiliendam
1689 2647 1926 2684 sententiam

370 2706 508 2744 afferre
539 2706 700 2745 solitum
731 2719 850 2755 supra
882 2707 1036 2745 selectis
1062 2707 1249 2756 exemplis
1274 2705 1455 2744 vidimus.
1488 2704 1756 2749 Quintilianus
1782 2706 1927 2753 autem,

371 2766 438 2813 qui
462 2766 505 2802 in
530 2777 576 2803 ea
600 2777 643 2802 re
662 2765 835 2802 Ennium
859 2777 938 2803 non
962 2766 1180 2814 praeteriit,
1206 2765 1390 2813 eiusdem,
1416 2765 1566 2813 opinor,
1591 2776 1741 2801 memor
1760 2766 1819 2801 est
1838 2776 1927 2801 cum

368 2826 508 2862 veteres
527 2824 693 2862 Latinos
704 2824 909 2872 plerosque
925 2825 1021 2872 plus
1045 2826 1198 2873 inqenio
1223 2836 1340 2872 quam
1361 2826 1443 2862 arte
1460 2823 1629 2861 valuisse
1648 2820 1782 2859 Ovidii
1802 2835 1927 2860 exem-

370 2883 437 2931 plo
458 2877 513 2935 (p.
527 2877 598 2936 Lx)
620 2882 727 2921 dicit.
750 2881 978 2921 Carminum
995 2883 1266 2922 Ennianorum
1284 2883 1457 2932 primum
1475 2881 1614 2919 laudat
1633 2882 1806 2930 annales,
1826 2894 1927 2930 cum,
