2004 3278
804 208 1086 245 PRISCIANUS
1598 209 1726 246 CXXV

165 321 261 361 sint:
280 323 324 359 ut
342 321 390 358 Ε.
406 316 514 372 [31111.
533 315 606 371 10]
627 316 716 358 ‘ova
727 322 866 368 parire
884 322 977 359 solet
991 333 1113 370 glenus
1125 323 1269 370 pennis
1288 320 1605 371 condecoratum',
1625 336 1726 372 quae

165 381 291 430 repeti
308 381 494 430 poterant
514 391 537 417 a
551 378 748 428 Varrone3
767 382 811 417 ut
828 380 877 417 E.
899 376 1006 431 [ann.
1025 377 1117 431 17];
1143 382 1191 418 E.
1219 377 1326 432 [ann.
1351 378 1453 433 109]
1474 378 1510 420 ‘o
1535 383 1615 420 Tite
1634 379 1723 421 tute’

167 452 247 489 eqs,
273 451 374 488 quae
400 451 423 476 a
447 438 584 476 multis
610 439 735 476 citata
754 437 977 476 Priscianus
1003 440 1087 489 ipse
1107 439 1250 477 iterum
1269 442 1310 478 in
1329 442 1544 489 partitione
1564 453 1621 479 ΧΠ
1642 454 1725 479 ver-

166 512 281 537 suum
307 497 460 546 attulit3
486 498 534 535 E.
564 494 670 546 [ann.
694 497 776 535 138
791 493 867 548 sq]
895 494 1088 535 ‘culturus
1112 500 1156 536 in
1179 500 1289 537 silvis
1313 501 1496 538 miserum
1521 501 1728 538 mandebat

165 559 372 596 homonem.
399 557 490 595 Heu
514 568 632 604 quam
657 556 804 595 crudeli
828 557 1012 595 condebat
1034 558 1205 595 membra
1229 556 1430 607 sepulcro’3
1456 572 1621 608 quorum
1646 560 1724 609 pri-

167 629 275 655 orem
301 617 423 654 etiam
449 616 530 665 alii,
556 616 632 653 duo
658 627 757 653 unus
783 615 1008 653 Priscianus
1035 617 1192 665 attulit3
1218 617 1266 653 Ε.
1294 613 1401 667 [31111.
1426 613 1528 668 140]
1555 614 1611 656 ‘at
1635 619 1726 656 tuba

166 676 330 714 terribili
353 677 483 714 sonitu
507 677 755 713 taratantara
781 671 906 719 dixit'‚
932 675 1000 723 qui
1025 687 1158 713 versus
1185 677 1244 713 est
1270 677 1390 713 etiam
1411 677 1515 725 apud
1536 676 1726 725 Servium,

167 748 191 772 a
217 748 293 784 quo
318 736 452 773 tamen
477 734 701 773 Priscianus
728 746 841 772 suum
866 746 945 771 non
971 734 1155 783 sumpsit3
1174 737 1218 771 ut
1236 735 1283 771 E.
1306 731 1413 786 [ann.
1434 737 1507 773 inc.
1523 732 1655 786 XXIx];
1677 736 1725 773 E.

168 790 276 845 [ann.
296 794 370 831 inc.
385 789 551 844 Lxxxv]
577 793 637 831 Ne
662 794 802 843 poetae
822 792 982 842 quidem
1000 794 1157 831 nomine
1178 793 1313 831 addito
1332 794 1475 832 nedum
1494 794 1587 832 libri
1606 795 1726 833 titulo

167 853 243 891 duo
276 853 479 891 annalium
509 864 646 891 versus
678 853 863 900 citantur,
896 852 997 890 alter
1028 853 1257 890 notissimus
1289 855 1329 890 et
1360 866 1383 891 3
1413 854 1550 892 multis
1583 854 1726 891 allatus

167 909 276 964 [ann.
300 908 402 963 179]
430 909 509 950 ‘aio
535 914 568 950 te
592 908 782 950 Aeacida'
811 923 898 960 eqs3
932 911 1033 949 alter
1059 907 1167 962 [31111.
1188 913 1262 949 inc.
1282 908 1331 963 11]
1359 908 1395 949 e0
1423 914 1572 961 yenitor
1601 916 1728 951 noster

165 971 350 1010 Saturnie
374 973 541 1010 maxime
565 968 713 1009 divum’
741 970 790 1008 ab
816 983 893 1008 uno
918 970 1121 1009 Prisciano
1146 971 1344 1009 laudatus.

285 1030 393 1069 Haec
418 1030 538 1068 habet
555 1029 779 1068 Priscianus
804 1043 848 1067 ex
868 1029 989 1067 Ennii
1010 1030 1235 1068 annalibus:
1261 1031 1331 1079 qui
1350 1042 1465 1080 saepe
1485 1025 1609 1083 (quod
1626 1031 1727 1068 indi-

169 1103 256 1128 care
282 1085 434 1143 studui)
460 1091 502 1127 in
523 1089 659 1128 eadem
677 1102 719 1127 re
738 1090 855 1139 plura
874 1089 1058 1139 deinceps
1079 1090 1257 1138 exempla
1276 1089 1395 1127 Ennii
1414 1091 1600 1128 recenset.
1629 1089 1727 1128 Sunt

168 1151 302 1187 autem
326 1150 540 1187 maximam
565 1150 720 1198 partem
745 1161 879 1187 versus
906 1148 1124 1198 singulares
1147 1143 1263 1202 (quos
1283 1161 1361 1187 non
1380 1143 1622 1201 perscripsi),
1647 1149 1728 1198 ple-

166 1221 333 1258 rumque
364 1209 483 1259 plena
508 1209 722 1257 sententia,
758 1209 929 1258 exceptis
955 1221 985 1246 11
1005 1208 1050 1246 fr.
1071 1221 1114 1245 XI
1144 1209 1279 1257 inqens
1310 1221 1406 1247 cura
1433 1210 1507 1247 mis
1532 1220 1619 1247 cum
1643 1219 1728 1247 con-

167 1268 346 1307 cordibus
371 1269 622 1316 aequiperare
647 1269 687 1306 et
712 1280 799 1306 ann.
827 1268 901 1306 inc.
922 1280 948 1306 v
974 1269 1062 1306 eoein
1078 1279 1154 1315 per
1178 1270 1302 1306 terras
1320 1270 1528 1316 postquam
1547 1268 1729 1306 celerissi-

167 1339 254 1365 mus
272 1339 416 1365 rumor.
438 1326 515 1365 Sed
533 1328 579 1365 ut
599 1327 712 1365 affert
731 1326 928 1365 sententia
946 1328 1130 1376 poscente
1150 1339 1446 1376 nonnumquam
1463 1327 1559 1365 duos
1573 1327 1636 1364 vel
1649 1328 1728 1365 tres

168 1399 304 1425 versus
330 1388 548 1435 continuos,
573 1388 632 1424 ita
657 1388 717 1425 est
735 1385 804 1423 ubi
822 1386 1024 1424 brevicula
1043 1387 1240 1425 sententia
1258 1398 1375 1425 versu
1394 1399 1471 1424 non
1491 1387 1645 1437 integro
1665 1385 1728 1423 de-

168 1447 377 1496 fungatur:
403 1446 483 1484 duoe
500 1448 583 1494 ipse
605 1447 702 1491 νίας,
728 1445 943 1484 Leucatam
962 1449 1174 1493 campsant,
1193 1446 1340 1484 Poenos
1358 1446 1513 1484 Didone
1532 1445 1727 1483 oriundos.

168 1505 303 1556 Longe
324 1506 456 1543 autem
475 1505 755 1555 gravissimum
774 1506 844 1553 est,
869 1505 940 1544 hos
960 1517 1095 1544 versus
1116 1518 1248 1544 omnes
1270 1506 1470 1543 auctorem
1490 1517 1567 1542 non
1587 1504 1728 1542 habere

168 1564 245 1602 nisi
270 1577 396 1602 unum
414 1564 660 1603 Priscianum
686 1566 844 1614 praeter
867 1577 1082 1614 perpaucos
1103 1577 1200 1613 quos
1221 1564 1442 1614 significavi
1467 1564 1627 1601 aliunde
1646 1564 1730 1613 peti

168 1625 346 1673 potuisse
372 1626 441 1662 aut
466 1624 721 1674 pervulgatos
746 1624 867 1662 fuisse
891 1637 914 1662 a
938 1624 1153 1673 multisque
1180 1624 1387 1662 adhibitos.

287 1683 497 1722 Praeterea
521 1683 704 1722 Enniana
729 1683 824 1721 haec
850 1683 958 1732 apud
982 1683 1230 1722 Priscianum
1261 1684 1465 1733 leguntur:
1497 1695 1542 1720 ex
1575 1683 1729 1733 tragoe-

169 1742 244 1781 diis
264 1743 312 1780 E.
332 1744 376 1781 in
387 1741 640 1781 Andromeda
654 1739 732 1794 [IX]
755 1739 866 1790 ‘filliis
883 1745 1045 1791 propter
1064 1746 1097 1781 te
1117 1743 1261 1781 obiecta
1278 1754 1366 1781 sum
1384 1744 1565 1780 innocens
1584 1739 1729 1789 Nerei'3

169 1802 217 1839 Ε.
243 1804 287 1840 in
306 1802 448 1841 Medea
467 1798 501 1853 [1
523 1803 618 1839 246.
641 1798 745 1853 247]
772 1798 939 1840 ‘uanam
963 1814 1011 1840 ne
1034 1803 1078 1840 in
1101 1813 1254 1840 nemore
1272 1802 1378 1840 Pelio
1396 1802 1594 1840 securibus
1619 1812 1730 1839 caesa

170 1862 374 1900 accedisset
396 1863 440 1900 in
465 1864 608 1899 terram
634 1862 797 1910 abieyna
823 1858 976 1909 trabes’3
1010 1874 1110 1910 quae
1135 1864 1231 1899 nota
1261 1863 1353 1899 sunt
1385 1862 1424 1899 et
1455 1874 1478 1899 a
1509 1861 1646 1898 multis
1679 1860 1730 1898 ci-

168 1922 267 1969 tata,
293 1933 317 1958 a
336 1920 538 1959 Prisciano
564 1921 651 1970 ipso
677 1922 719 1958 in
743 1920 879 1958 libello
906 1920 952 1958 de
978 1922 1089 1958 metr.
1111 1921 1197 1958 Ter.
1224 1934 1302 1959 non
1327 1920 1456 1959 solum
1480 1920 1522 1956 hi
1548 1919 1625 1957 duo
1645 1933 1729 1957 ver-

171 1992 235 2017 sus
261 1980 329 2018 sed
354 1981 441 2018 octo
469 1993 491 2017 3
519 1981 601 2018 246
631 1980 679 2017 ad
707 1981 790 2018 253
819 1980 1053 2029 afferuntur3
1080 1980 1128 2017 Ε.
1155 1981 1199 2017 in
1217 1980 1364 2018 Nemea
1384 1975 1436 2030 [1]
1463 1974 1614 2026 ‘pecudi
1636 1979 1730 2016 dare

168 2041 299 2077 vivam
323 2036 492 2088 marit0'3
518 2039 686 2088 denique
709 2038 839 2077 Cicero
858 2040 902 2077 in
921 2039 1150 2077 Hortensio:
1173 2041 1216 2076 ut
1234 2040 1291 2076 ait
1309 2039 1467 2075 Ennius
1488 2031 1631 2089 (Alcm.
1654 2032 1728 2089 26)

171 2094 357 2147 ‘refuyiat
380 2099 513 2137 timido
538 2110 713 2146 sanyuen
732 2100 844 2146 atque
863 2098 1076 2136 exalbescat
1093 2095 1219 2135 metu’
1247 2097 1336 2135 Non
1357 2095 1554 2134 Ciceronis
1573 2097 1729 2134 nomine

170 2157 394 2196 Priscianus
428 2158 542 2195 affert
566 2156 687 2195 verba
711 2156 843 2204 Ennii,
876 2156 980 2205 quod
1004 2156 1178 2193 Nonium
1209 2156 1364 2205 saepius
1397 2157 1436 2193 et
1466 2155 1565 2192 alios
1594 2155 1729 2193 fecisse

170 2216 356 2265 vidimus,
381 2216 449 2254 sed
476 2215 703 2254 Ciceronem
727 2215 867 2253 laudat
892 2216 963 2264 qui
988 2215 1107 2252 Ennii
1132 2215 1252 2254 verba
1277 2216 1480 2253 citaverat.

289 2276 349 2312 Ex
376 2275 463 2313 aliis
490 2275 601 2313 libris
627 2275 745 2314 semel
763 2277 974 2322 praecepta
999 2274 1147 2322 attulit,
1179 2287 1258 2323 quo
1284 2274 1403 2312 titulo
1434 2286 1547 2312 nemo
1576 2275 1728 2322 praete-

135 2375 137 2378 ,
170 2347 238 2373 rea
262 2347 357 2373 usus
383 2336 459 2373 est:
485 2334 622 2373 scribit
647 2335 780 2372 autem
805 2334 963 2371 Ennius
987 2334 1031 2371 in
1047 2335 1266 2381 praeceptis
1295 2329 1374 2384 [11],
1401 2332 1527 2371 tribus
1553 2332 1730 2371 versibus

172 2389 258 2447 (31.
281 2395 347 2432 32.
370 2388 445 2447 33)
477 2393 623 2431 additis
656 2394 724 2443 qui
755 2406 834 2431 non
864 2392 1053 2443 leguntur
1083 2394 1160 2431 nisi
1192 2392 1296 2442 apud
1327 2392 1582 2430 Priscianum.
1621 2391 1730 2430 Idem

173 2454 292 2492 semel
313 2454 472 2491 Faenius
496 2454 540 2491 in
559 2453 796 2501 Fpickarmo
817 2448 880 2503 [v]
907 2448 1026 2490 ‘terra
1051 2463 1189 2500 corpus
1215 2455 1279 2497 est,
1304 2454 1345 2490 at
1362 2453 1498 2490 mentis
1522 2453 1625 2500 iynis
1650 2447 1730 2495 θεῖ’,

173 2513 283 2551 cuius
308 2513 494 2551 versiculi
520 2513 656 2550 auctor
681 2512 785 2550 solus
811 2512 870 2549 est
894 2511 1129 2550 Priscianus.
1155 2511 1322 2549 Restant
1347 2510 1424 2549 duo
1449 2522 1584 2549 versus
1611 2510 1729 2547 Ennii

173 2572 242 2621 qui
268 2584 345 2621 quo
370 2572 592 2610 referantur
616 2572 809 2610 incertum
836 2571 906 2618 est,
932 2571 1090 2608 Ennius
1115 2567 1322 2609 ‘adsectari
1345 2582 1385 2609 se
1407 2581 1535 2608 onmes
1554 2566 1727 2617 cupiunt'

124 2642 126 2644 ·
173 2627 266 2681 [1116.
293 2629 403 2680 vn1];
441 2632 481 2669 et
511 2631 670 2669 Ennius
702 2626 930 2678 enumquam
953 2632 1088 2677 poetor
1117 2631 1197 2668 nisi
1220 2626 1409 2678 podayer’
1444 2625 1535 2680 [sat.
1566 2628 1639 2665 inc.
1667 2623 1728 2677 v];

174 2691 243 2738 qui
267 2702 401 2728 versus
428 2690 541 2728 ambo
566 2691 638 2728 uni
662 2689 863 2727 Prisciano
889 2688 1090 2727 debentur.

291 2749 470 2799 Apparet
493 2750 535 2787 in
559 2750 656 2787 haec
678 2761 778 2798 quae
798 2749 955 2798 praeter
974 2748 1134 2787 annales
1155 2748 1329 2786 citantur
1346 2747 1450 2785 idem
1470 2746 1605 2784 cadere
1625 2743 1729 2794 quod

174 2807 221 2846 de
247 2808 451 2846 annalium
474 2808 652 2847 versibus
678 2808 775 2845 dixi:
801 2807 851 2845 ad
870 2820 994 2845 unum
1012 2808 1110 2845 haec
1128 2807 1354 2846 testimonia
1372 2807 1529 2844 tantum
1551 2816 1625 2842 non
1648 2816 1728 2841 om-

175 2866 242 2905 nia
271 2866 436 2906 redeunt
465 2867 721 2906 Priscianum.
755 2866 831 2911 Qui
862 2867 1079 2916 generatim
1109 2867 1150 2903 in
1179 2866 1370 2904 Ennianis
1402 2877 1487 2902 eam
1519 2875 1652 2901 curam
1683 2874 1729 2900 ac

176 2925 422 2978 diligentiam
452 2926 654 2977 praestitit
684 2928 730 2964 ut
760 2925 903 2975 quibus
935 2927 1112 2964 uteretur
1141 2938 1219 2964 non
1250 2925 1378 2963 solum
1407 2924 1547 2973 poetae
1572 2921 1728 2960 nomine
