2020 3334
831 241 877 276 M.
900 240 1069 277 CICERO
1620 243 1733 279 XLIII

173 363 315 391 manus
351 352 504 400 tradat,
541 351 608 390 sed
646 353 700 390 sic
731 353 880 402 potius,
918 367 1041 403 paene
1079 357 1133 393 ut.
1163 355 1288 394 oeulis
1327 357 1507 406 agentem
1545 357 1587 394 in
1618 368 1732 394 scena

175 412 348 449 actorem
373 412 546 461 aspicere
572 413 611 449 et
636 412 743 449 vocis
770 424 883 450 sonos
909 412 1050 462 quibus
1074 415 1210 452 cantus
1230 415 1444 452 recitentur
1464 415 1601 453 audire
1621 416 1732 454 nobis

174 469 389 508 videamur.
432 469 518 515 Qua
548 483 590 508 re
620 470 694 508 hoc
725 471 979 509 manifestum
1010 471 1055 509 fit
1085 473 1156 511 has
1187 473 1411 524 tragoedias
1443 486 1490 512 ea
1524 475 1653 512 aetate
1690 476 1731 512 in

174 541 290 568 scena
320 530 493 580 viguisse
525 542 570 568 ac
601 542 717 579 saepe
748 531 944 579 spectatas
975 531 1111 579 reponi
1138 532 1274 570 solitas
1306 532 1437 571 fuisse.

291 588 338 627 In
382 590 538 627 oratore
583 583 637 641 (a.
673 583 776 641 708)
821 590 913 627 sunt
956 589 1147 638 quaedam
1193 590 1340 629 iudicia
1387 593 1569 630 universa
1617 593 1732 630 huius

174 648 281 686 modi
306 641 394 700 (11,
417 642 490 700 36)
518 648 629 686 aliud
653 648 745 686 aliis
768 648 920 686 videtur
945 650 1141 696 optimum.
1175 645 1324 687 ‘Ennio
1349 647 1523 688 delector’
1551 653 1606 689 ait
1630 653 1732 699 quis-

166 708 299 754 piam,
331 703 448 755 ‘quod
476 718 556 745 non
586 707 746 746 discedit
778 719 803 745 a
834 709 1026 745 communi
1056 719 1160 746 more
1184 705 1424 755 verborum’‚·
1449 704 1648 747 ‘Pacuvio’
1674 712 1733 748 in-

173 767 256 814 quit
285 766 406 811 alius,
438 762 582 805 eomnes
613 766 720 814 apud
750 767 851 804 hunc
881 768 1010 805 ornati
1041 767 1298 815 elaboratique
1322 770 1413 805 sunt
1436 780 1580 812 versus5
1611 770 1733 807 multa

175 825 282 872 apud
318 825 483 864 alterum
511 822 806 874 neyleyentius';
843 826 906 863 vel
939 820 1027 877 (31,
1057 821 1159 878 109)
1196 839 1249 864 an
1280 837 1344 874 eqo
1375 827 1556 871 Homero,
1588 828 1732 871 Ennio,

173 883 332 932 reliquis
355 886 481 932 poetis
519 888 553 923 ct
582 886 749 923 maxime
786 886 944 933 trayicis
981 886 1231 930 concederem,
1267 889 1311 923 ut
1345 898 1393 923 ne
1429 887 1605 924 omnibus
1641 888 1733 925 locis

173 943 305 982 eadem
335 945 569 982 contentione
595 946 792 983 uterentur
823 945 1025 992 crebroque
1058 947 1267 989 mutarent,
1297 956 1588 993 nonnumquam
1619 947 1734 984 ctiam

173 1003 226 1040 ad
250 1003 488 1041 cotidianum
509 1015 631 1052 „oenus
655 1005 842 1042 sermonis
863 1003 1081 1042 accederent
1099 998 1234 1056 (plane
1254 1005 1299 1042 ut
1317 1003 1507 1042 Horatius
1528 1018 1560 1042 a.
1580 1019 1617 1054 p.
1641 999 1733 1057 95):

172 1063 254 1109 ipse
289 1074 503 1110 numquam
540 1063 588 1101 ab
625 1063 697 1101 illa
733 1064 925 1101 acerrima
962 1065 1195 1102 contentione
1231 1063 1488 1102 discederem?
1535 1064 1602 1102 scd
1641 1064 1734 1111 quid

166 1123 302 1169 poetas
340 1121 472 1160 divino
508 1123 662 1171 inqenio
695 1123 883 1170 profero?
931 1122 1082 1172 Nempe
1120 1123 1316 1160 neminem
1347 1122 1482 1171 habet,
1520 1136 1567 1160 ne
1600 1121 1732 1161 Cicero

173 1180 349 1230 quidem,
386 1194 464 1219 non
496 1182 623 1231 magis
656 1194 775 1231 quam
806 1181 980 1219 Lucilius
1014 1183 1083 1220 aut
1114 1181 1257 1230 Varro,
1295 1194 1411 1231 quem
1443 1194 1531 1220 cum
1561 1181 1732 1220 Homero

172 1241 373 1289 comparet
412 1241 488 1279 nisi
526 1240 709 1278 Ennium.
762 1240 837 1278 Sed
879 1241 1048 1278 maxime
1086 1241 1472 1279 commemorandum
1515 1243 1584 1288 est,
1627 1240 1732 1279 Cice-

173 1312 325 1347 ronem,
360 1312 477 1349 quem
509 1299 591 1338 dixi
622 1301 662 1337 in
695 1300 901 1338 afferendis
933 1299 1124 1339 Ennianis
1155 1301 1387 1350 plerumque
1418 1312 1478 1339 res
1511 1302 1549 1338 et
1580 1302 1732 1339 senten-

172 1359 248 1397 tias
287 1359 481 1397 sectatum
520 1371 620 1407 esse,
664 1359 705 1396 in
741 1359 814 1397 hoc
851 1359 985 1397 libello
1024 1361 1255 1410 argumento
1292 1361 1476 1409 poscente
1520 1360 1640 1397 etiam
1684 1359 1733 1397 ad

172 1417 326 1456 litteras
359 1419 398 1455 et
429 1418 600 1468 syllabas
633 1418 907 1468 disceptandas
940 1418 1193 1466 descendisse,
1232 1418 1299 1457 sed
1330 1420 1462 1457 tamen
1495 1420 1534 1456 et
1567 1419 1640 1457 hoc
1678 1419 1732 1456 sic

172 1478 217 1514 ut
254 1476 416 1515 decebat
454 1476 689 1515 Ciceronem.
731 1477 830 1527 Agit
867 1479 999 1515 autem
1034 1477 1080 1515 de
1118 1478 1315 1516 vocalium
1353 1479 1605 1516 concursione
1643 1472 1732 1530 (45,

176 1530 290 1588 152),
322 1536 392 1573 ubi
421 1537 579 1575 Ennius
611 1537 669 1574 ait
698 1537 812 1575 semel
838 1532 982 1585 ‘Scipio
1012 1532 1165 1575 invicte'
1199 1531 1319 1589 (Scip.
1347 1531 1436 1588 111),·
1455 1538 1494 1574 et
1520 1537 1566 1575 de
1598 1537 1732 1575 formis

172 1596 395 1642 contractis,
434 1596 550 1645 quale
589 1597 657 1644 est,
695 1597 790 1634 item
822 1595 1060 1643 Ennianum,
1090 1593 1218 1643 palm'
1252 1599 1286 1634 et
1317 1596 1488 1634 crinibus
1521 1590 1631 1648 (Hec.
1660 1590 1733 1647 XI),

172 1654 218 1692 de
262 1655 436 1705 genetivi
479 1655 606 1693 sonna
650 1655 691 1692 in
733 1667 801 1693 um
844 1655 1057 1693 desinentis
1095 1649 1190 1707 (46,
1219 1649 1340 1707 155);
1384 1655 1485 1693 idem
1514 1657 1631 1702 poeta
1668 1656 1734 1702 qui

171 1715 399 1752 inusitatius
437 1717 681 1752 contraxerat
718 1710 858 1762 ‘patris
893 1715 968 1752 mei
1004 1726 1130 1752 meum
1161 1715 1308 1762 factum
1331 1710 1469 1762 pudet'
1501 1708 1629 1766 (Alex.
1659 1708 1732 1765 59)

163 1784 240 1820 pro
273 1768 460 1811 ‘meorum
489 1769 697 1821 factorum’
729 1776 762 1812 et
789 1770 954 1818 ‘testitum
986 1775 1144 1812 exitium
1177 1785 1335 1812 ewamen
1365 1769 1484 1821 rapit’
1518 1767 1630 1825 (ibid⁴
1659 1767 1732 1824 66)

165 1843 242 1879 pro
280 1833 500 1876 mitiorum,
537 1844 616 1871 non
647 1833 740 1871 dicit
776 1829 970 1871 ‘liberum'
1005 1836 1048 1870 ut
1071 1832 1248 1880 plerique
1279 1833 1473 1881 loquimur
1501 1833 1568 1870 sed
1601 1829 1734 1880 ‘neque

172 1894 214 1928 tu
255 1903 382 1930 meum
423 1904 610 1940 umquam
651 1894 695 1930 in
740 1893 931 1941 qrem-ium
980 1892 1137 1930 eoetollas
1186 1892 1394 1930 liberorum
1437 1903 1481 1929 ex
1524 1894 1557 1930 te
1596 1888 1731 1940 qenus'

175 1944 336 2002 (Phoen.
358 1945 419 2003 11),
452 1954 485 1989 et
509 1951 610 1990 idem
637 1948 817 1999 ‘namque
841 1950 1054 1999 Aesculapi
1084 1948 1306 1989 liberorum'
1334 1945 1465 2003 (Hect.
1491 1951 1582 2000 lytr.
1618 1944 1733 2002 165),

171 2022 272 2059 quae
292 2010 475 2048 Enniana
500 2023 582 2049 esse
607 2011 733 2061 ipsius
756 2009 951 2049 Ciceronis
977 2010 1132 2048 indiciis
1152 2010 1351 2060 probatur.
1378 2010 1500 2048 Porro
1522 2004 1609 2062 (47,
1628 2007 1731 2060 157)

171 2080 250 2106 non
291 2070 599 2117 reprehenderim
643 2070 773 2119 inquit
817 2066 1017 2117 ‘scripsere
1055 2070 1126 2107 alii
1163 2065 1258 2107 rem’
1297 2062 1406 2121 (ann.
1435 2062 1556 2120 213),
1598 2064 1733 2115 ‘scrip-

171 2124 318 2166 serunt’
351 2141 430 2167 esse
459 2130 589 2167 verius
619 2123 800 2174 sentio²³²),
830 2128 976 2166 ibidem
1009 2124 1126 2166 eidem
1156 2140 1315 2176 campus
1340 2123 1464 2165 liabet'
1491 2121 1598 2179 (ann.
1627 2121 1731 2179 477)

171 2188 298 2235 inquit
322 2188 492 2231 Ennius,
525 2190 566 2225 at
595 2183 747 2226 ‘isdem'
780 2190 863 2225 erat
891 2188 1020 2225 verius
1029 2201 1042 2233 ,·
1074 2187 1112 2224 et
1138 2181 1226 2238 (48,
1255 2180 1358 2238 160)
1384 2187 1563 2226 Burrum
1586 2197 1733 2233 semper

173 2246 343 2290 Ennius,
367 2258 581 2294 numquam
606 2247 812 2295 Pyrrhum,
839 2242 894 2284 ‘vi
911 2247 1177 2294 patefecerunt
1196 2241 1364 2294 Bruqes'
1386 2239 1516 2297 (Hect.
1534 2245 1624 2294 lytr.
1641 2239 1731 2296 vm)

172 2316 251 2342 non
279 2306 471 2354 Pkryqes,·
502 2306 570 2343 ubi
601 2318 691 2343 cum
721 2305 842 2343 addat
871 2306 997 2353 ipsius
1029 2306 1179 2353 antiqui
1210 2305 1409 2343 declarant
1433 2305 1535 2348 libri,
1568 2306 1733 2354 apparet

173 2376 274 2412 eum,
300 2366 344 2401 ut
368 2364 514 2403 bonum
539 2365 841 2415 grammaticum
867 2364 988 2412 decet,
1014 2363 1233 2413 scripturae
1257 2365 1377 2402 testes
1403 2362 1732 2413 circumspexisse,

174 2423 241 2461 sed
278 2424 396 2462 simul
431 2424 673 2474 intelligitur
708 2423 926 2462 recentiora
964 2423 1203 2472 exemplaria
1240 2436 1340 2472 quae
1375 2422 1570 2461 Ciceronis
1602 2423 1731 2461 aetate

173 2483 439 2532 vulgabantur
470 2496 516 2521 ea
547 2484 627 2521 iam
659 2496 737 2521 non
769 2484 827 2520 ita
858 2483 1005 2531 scripta
1041 2483 1224 2521 tenuisse.
1281 2481 1461 2531 Denique
1493 2475 1618 2534 (161)
1651 2477 1732 2529 ‘qui

174 2544 227 2579 est
257 2538 428 2581 omnibu'
453 2538 654 2590 princeps’
687 2537 795 2594 (ann.
825 2536 912 2594 67),
943 2553 1021 2579 non
1052 2542 1228 2580 omnibus
1252 2554 1295 2589 p.
1322 2544 1356 2580 et
1381 2537 1475 2579 evita
1499 2541 1570 2579 illa
1595 2535 1730 2588 diynu’

173 2598 339 2648 locoque'
385 2596 493 2654 (ann.
528 2600 650 2651 622),
693 2613 772 2639 non
814 2601 966 2649 diqnus.
1021 2601 1080 2638 De
1123 2600 1394 2639 transferendo
1444 2593 1606 2651 quoques
1650 2598 1730 2648 agit

176 2653 263 2711 (27,
292 2655 366 2713 93)
411 2661 580 2700 similem
618 2661 698 2698 fere
736 2661 777 2698 in
816 2660 975 2698 modum
1012 2672 1127 2709 quem
1166 2660 1207 2697 in
1243 2660 1362 2698 tertio
1400 2659 1446 2696 de
1484 2659 1654 2704 oratore,
1693 2659 1731 2694 et

175 2720 354 2769 exempla
386 2720 499 2758 affert
530 2720 713 2758 Enniana
744 2733 833 2757 cum
858 2720 916 2757 ita
941 2719 1037 2757 dicit
1065 2720 1142 2757 alio
1168 2718 1278 2756 modo
1303 2717 1501 2756 transtulit
1524 2729 1610 2755 cum
1634 2716 1731 2753 dixit

176 2778 333 2816 Ennius
354 2774 457 2818 earce
477 2782 511 2817 et
528 2780 622 2817 urbe
647 2775 796 2816 orbam’
817 2773 1097 2830 (Andromach.
1125 2772 1212 2830 88),
1233 2777 1310 2815 alio
1329 2777 1439 2815 modo
1458 2777 1493 2814 si
1504 2786 1580 2823 pro
1594 2775 1728 2821 patria

294 2914 324 2959 ²¹²)
350 2914 480 2959 Itaque
512 2916 549 2950 in
582 2915 695 2949 Bruto
730 2919 782 2958 19,
799 2918 842 2948 76
875 2914 1004 2949 scribit
1037 2914 1233 2959 ‘scripsere'
1268 2913 1387 2958 inquit
1418 2911 1502 2946 ‘alli
1527 2921 1598 2946 rem
1625 2909 1728 2944 cersi-

176 2961 254 2996 bus'
278 2966 311 2997 et
336 2962 512 2998 luculente
535 2963 677 3008 quidem
701 2964 930 3007 seripserunt.

1731 3034 1737 3062 l
