2004 3278
672 138 927 175 DIOMEDES.
966 140 1205 177 AUSONIUS
1670 147 1714 182 CI

156 248 349 296 continet,
381 248 721 300 technopaegnion
757 251 808 289 13
841 265 878 301 p.
908 253 989 290 139
1024 252 1247 293 Schenkelii
1279 250 1385 308 (ann.
1412 256 1478 294 lib.
1505 257 1578 296 inc.
1606 270 1711 296 xcnt.

157 319 191 345 o.
214 319 265 345 01.
286 319 342 345 011
360 321 396 357 p.
421 302 542 360 106):
569 309 678 347 cuius
699 310 883 349 carminis
902 312 1152 362 principium,
1173 314 1278 362 quod
1295 315 1414 353 habet
1433 315 1584 365 aliquid
1603 316 1712 355 dubii

154 367 318 416 propter
343 366 521 405 codicum
546 367 800 417 scripturam,
833 370 888 408 sic
919 371 995 409 nisi
1021 371 1139 409 fallor
1163 374 1267 411 recte
1294 374 1477 413 scribitur
1502 377 1541 413 et
1574 375 1710 414 distin-

155 427 310 477 guitur:
889 422 897 430 ’

303 485 468 523 Frivola
493 485 745 532 condemnas‚·
768 497 935 534 nequam
958 486 1075 537 [cnr]
1100 501 1186 527 cum
1203 492 1329 538 pretio
1355 494 1408 530 est
1432 503 1542 537 mers,

303 543 462 582 Ennius
486 546 530 581 ut
553 547 750 589 memorat,
775 546 893 593 replet
917 549 951 585 te
975 547 1182 594 laetificum
1204 561 1295 597 yau,

302 603 451 642 Livida
474 614 580 642 mens
605 604 804 641 hominum
828 608 1041 644 concretum
1065 607 1152 654 felle
1177 611 1311 655 coquat
1330 610 1436 656 pus?

153 664 195 700 in
221 662 362 712 quibus
389 675 489 712 quae
516 662 669 701 addidit
694 663 853 701 Ermius
877 666 920 701 ut
949 668 1134 703 memorat
1157 666 1193 702 h.
1215 679 1245 704 e.
1272 667 1321 704 E.
1352 670 1395 704 ut
1425 668 1516 706 dicit
1552 681 1629 707 non
1661 670 1711 707 ad

154 723 391 760 sententiam
423 721 490 760 sed
515 723 676 760 tantum
700 721 821 761 verba
845 723 1054 770 laetificum
1075 736 1155 773 yau
1180 726 1374 774 pertinere
1401 726 1579 766 arbitror.
1612 728 1708 766 Rur-

154 793 218 820 sus
244 794 267 819 a
291 793 328 819 v.
352 782 405 818 17
431 781 528 818 haec
552 780 735 819 Enniana
761 781 973 820 connectit:

311 840 420 879 Unde
444 840 630 878 Rudinus
657 842 713 878 ait
737 836 887 879 ‘divum
919 841 1055 879 domus
1080 842 1288 881 altisonum
1313 841 1406 882 caet'

302 899 355 937 Et
380 900 490 938 cuius
516 899 562 938 de
586 910 690 938 more
715 900 816 947 qaod
841 900 1009 939 adstruit
1034 897 1145 939 ‘endo
1169 913 1283 940 suam
1307 899 1370 940 cto’
1425 923 1427 925 ·

300 957 384 996 Aut
408 959 454 996 de
478 959 617 1007 fronde
642 959 799 1007 loquens
824 971 893 998 cur
919 960 1012 998 dicit
1037 957 1217 1008 ‘populea
1246 958 1376 1009 frus'?

153 1018 328 1064 Quorum
352 1018 525 1068 primum
550 1020 590 1056 et
614 1018 827 1057 secundum
851 1018 1026 1057 Ausonio
1052 1019 1251 1058 indicante
1279 1020 1382 1069 apud
1407 1021 1578 1059 Ennium
1609 1023 1711 1060 inter

153 1090 192 1116 se
218 1089 391 1116 connexa
416 1077 577 1115 suerunt
601 1079 862 1127 poterantque
887 1079 928 1115 in
955 1078 1090 1116 eodem
1122 1080 1284 1117 consilio
1313 1079 1473 1118 deorum
1498 1080 1604 1119 dicta
1630 1093 1711 1120 esse

154 1136 204 1175 ad
235 1149 324 1175 eum
355 1137 516 1175 modum
548 1149 665 1186 quem
696 1137 736 1174 in
770 1137 856 1175 adn.
890 1137 1121 1188 significavi.
1159 1137 1340 1176 Ceterum
1371 1139 1467 1178 haec
1495 1139 1709 1178 dictionum

153 1196 425 1234 Ennianarum
450 1197 639 1246 exempla,
664 1196 771 1234 haud
797 1195 913 1234 dubie
940 1209 984 1234 ex
1006 1197 1212 1236 annalibus
1232 1198 1369 1247 petita,
1395 1211 1494 1237 unus
1514 1198 1710 1238 Ausonius

152 1255 330 1294 exhibuit
359 1257 516 1305 praeter
548 1256 643 1294 endo
674 1267 789 1294 suam
820 1256 886 1300 d0‚
922 1256 1026 1305 quod
1058 1269 1154 1306 quos
1185 1259 1388 1306 praeterea
1418 1259 1537 1297 testes
1568 1257 1711 1296 habeat

152 1309 220 1368 (cf.
247 1327 367 1365 supra
392 1328 429 1364 p.
451 1309 494 1368 c)
521 1327 590 1354 suo
616 1315 702 1353 loco
728 1314 947 1354 indicatum
972 1317 1040 1353 est.

269 1373 481 1412 Praeterea
505 1387 633 1424 pauca
658 1376 761 1423 sunt,
787 1387 911 1424 neque
938 1387 983 1412 ea
1008 1375 1125 1424 plane
1145 1376 1261 1423 certa,
1287 1376 1329 1413 in
1352 1375 1492 1424 quibus
1512 1375 1709 1414 Ausonius

152 1434 273 1472 Ennii
297 1446 447 1472 memor
471 1434 591 1473 fuisse
617 1433 811 1483 videatur,
842 1434 952 1471 velut
982 1435 1024 1471 in
1049 1434 1213 1473 Mosella
1234 1435 1316 1472 245
1352 1447 1452 1483 quae
1484 1435 1620 1473 scribit
1651 1437 1712 1473 ast

150 1494 211 1532 hic
224 1493 433 1541 tranquillo
453 1505 531 1541 qua
549 1494 695 1531 Zabitm·
715 1494 868 1542 aqmine
886 1494 1031 1541 flumen
1051 1506 1096 1531 ex
1109 1493 1279 1544 Vergilii
1298 1506 1412 1532 versu
1431 1488 1545 1546 (Aen.
1561 1506 1590 1530 11
1606 1495 1627 1531 7
1635 1488 1708 1544 82)

150 1552 228 1590 leni
257 1553 346 1599 fluit
376 1554 528 1601 aymine
557 1553 726 1601 Thybris
757 1553 889 1603 potius
921 1565 1102 1602 expressa
1134 1552 1267 1590 credas
1299 1565 1417 1602 quam
1449 1565 1494 1590 ex
1528 1553 1708 1590 Enniano

152 1605 260 1663 (ann.
284 1606 387 1664 173)
413 1612 514 1660 qnod
531 1624 607 1660 per
632 1622 835 1650 amoenam
858 1613 993 1650 urbem
1017 1612 1095 1650 leni
1119 1613 1207 1659 fluit
1231 1612 1382 1660 aymine
1406 1613 1561 1658 flumen,
1595 1625 1706 1660 quem

151 1683 239 1709 cum
263 1671 334 1710 illo
354 1670 578 1710 Macrobius
604 1672 835 1721 composuit.
861 1671 999 1721 Neque
1019 1671 1124 1720 quod
1143 1672 1202 1709 est
1220 1671 1262 1708 in
1282 1671 1484 1720 epitaphio
1509 1673 1560 1708 12
1582 1666 1637 1723 (p.
1655 1671 1708 1708 74

152 1725 394 1783 Schenkelii)

436 1789 585 1829 Cuncta
610 1790 792 1828 elementa
817 1790 906 1828 daci
931 1792 1036 1827 tanto
1062 1800 1258 1828 commune
1281 1789 1510 1837 sepulerum.

494 1849 626 1898 Quae?
651 1849 799 1888 caelum
824 1852 858 1887 et
882 1849 992 1887 tellus
1018 1851 1052 1887 et
1074 1860 1182 1887 mare
1207 1851 1241 1886 et
1264 1858 1334 1886 ora
1359 1849 1487 1886 virum

150 1909 293 1947 certius
319 1908 369 1946 ad
390 1908 510 1946 Ennii
535 1909 780 1960 epigramma
805 1908 1022 1958 sepulcrale
1043 1902 1111 1961 (Π)
1136 1907 1317 1955 refertur,
1342 1908 1384 1945 in
1411 1920 1487 1956 quo
1514 1908 1572 1945 est
1590 1906 1703 1944 vomo

148 1968 255 2005 vivos
273 1979 347 2015 per
372 1979 442 2007 ora
470 1969 611 2012 virum,
643 1980 731 2006 cum
761 1968 804 2005 in
834 1968 1023 2017 promptu
1054 1967 1134 2005 sint
1159 1967 1306 2005 similia
1330 1965 1572 2016 Vergiliana,
1607 1978 1706 2014 quae

149 2026 238 2064 vide
263 2027 306 2064 in
331 2027 419 2065 adn.
445 2027 578 2065 Unum
602 2029 736 2064 tamen
761 2028 821 2066 est
844 2027 887 2064 in
913 2039 990 2075 quo
1017 2039 1057 2064 se
1083 2026 1204 2063 Ennii
1228 2026 1541 2064 reminiscentem
1567 2024 1709 2073 probat

148 2084 348 2124 Ausonius
373 2086 543 2136 perioch.
570 2085 683 2124 Iliad.
704 2097 746 2123 1v
771 2082 827 2137 (p.
850 2086 932 2123 229
955 2078 1196 2136 Schenkelii)

432 2145 611 2192 Iuppiter
635 2145 782 2182 interea
806 2155 894 2182 cum
918 2143 979 2181 dis
1001 2143 1233 2192 yenitalibus
1258 2154 1340 2180 usna

435 2202 650 2242 Concilium
675 2204 772 2251 coyit
794 2213 978 2250 superum
1003 2202 1048 2240 de
1072 2202 1185 2240 rebus
1209 2199 1383 2245 Achivis,

149 2274 249 2311 quae
275 2275 364 2300 cum
389 2274 504 2301 versu
530 2261 651 2299 Ennii
677 2256 784 2314 (ann.
808 2255 911 2313 115)
937 2261 1128 2298 Romulus
1152 2261 1196 2298 in
1220 2260 1322 2298 caelo
1347 2271 1434 2298 cum
1453 2260 1514 2298 dis
1529 2260 1707 2308 genitali-

149 2322 219 2359 bus
245 2333 382 2360 aevum
407 2322 508 2370 deyit
532 2321 735 2360 Bentleius
761 2320 962 2359 contendit
987 2332 1031 2357 eo
1052 2320 1137 2358 loco
1159 2332 1274 2368 quem
1293 2319 1335 2356 in
1356 2318 1442 2357 adn.
1463 2318 1634 2356 laudavi.
1654 2340 1701 2344 »-

150 2381 207 2418 De
233 2381 428 2420 sententia
454 2381 604 2419 contuli
628 2379 860 2419 Ausoniana
886 2379 935 2417 ad
961 2381 1032 2417 sat.
1059 2378 1125 2417 lib.
1146 2391 1160 2416 1
1179 2379 1225 2415 fr.
1246 2391 1285 2415 11.
1553 2386 1555 2388 ·

267 2440 463 2489 Tempora
494 2441 673 2489 sequenti
705 2434 794 2492 (nec
820 2438 1018 2477 saeculum
1047 2439 1232 2487 quartum
1262 2438 1343 2475 iam
1375 2437 1520 2488 egressi
1554 2431 1704 2488 sumus)

147 2499 349 2548 proximus
382 2501 442 2538 est
466 2497 506 2537 C.
527 2499 652 2537 Iulius
671 2498 810 2536 Victor
840 2498 985 2545 rhetor,
1018 2498 1086 2546 qui
1112 2497 1158 2535 de
1185 2496 1312 2534 Ennio
1338 2496 1435 2534 bene
1460 2496 1623 2534 meritus
1649 2495 1703 2532 di-

149 2558 292 2597 cendus
313 2560 382 2607 est,
402 2571 480 2597 non
500 2557 605 2608 quod
618 2557 777 2596 Medeae
797 2557 1038 2606 principium
1060 2556 1218 2595 Utinam
1235 2567 1283 2594 ne
1301 2557 1344 2593 in
1356 2566 1507 2593 nemore
1519 2555 1624 2593 Pelio
1638 2566 1704 2602 eqs

148 2618 283 2657 multis
309 2619 571 2656 memoratum
597 2618 636 2655 et
659 2618 743 2666 ipse
763 2616 954 2654 orationis
974 2615 1191 2665 carpendae
1211 2626 1329 2653 causa
1348 2615 1499 2661 ascivit,
1525 2613 1591 2651 sed
1610 2613 1704 2660 quia

149 2677 384 2715 sententiam
410 2676 530 2715 Ennii
555 2677 704 2714 nemini
727 2677 932 2725 praeterea
958 2675 1158 2726 cognitam
1183 2674 1357 2712 servavit
1381 2685 1467 2712 cum
1494 2671 1620 2719 spotia
1640 2681 1702 2718 ye-

147 2737 252 2774 ne‘ris
277 2736 531 2781 detraxeritis,
556 2747 673 2784 quam
697 2735 985 2782 inscriptionem
1009 2734 1151 2772 dabitis
1177 2727 1287 2786 (nam
1313 2744 1445 2770 versus
1470 2730 1634 2768 fortasse
1654 2740 1701 2765 ne

149 2795 277 2832 voluit
302 2795 462 2844 quidem
488 2794 642 2843 afferre,
674 2806 744 2832 nec
768 2794 876 2842 pleni
902 2787 1029 2845 sunt),
1063 2805 1162 2842 quae
1188 2793 1247 2830 est
1271 2791 1398 2829 oratio
1424 2787 1563 2827 acerba
1594 2781 1700 2838 (vide

149 2853 296 2892 similia
326 2855 368 2891 in
400 2854 487 2892 adn.
514 2847 655 2906 allata)
684 2852 919 2891 Sabinarum
947 2853 1051 2890 inter
1074 2851 1294 2902 pugnantes
1319 2850 1449 2898 patres
1475 2848 1514 2885 et
1537 2845 1699 2884 maritos
