2020 3334
834 177 881 212 M.
904 177 1074 214 CICERO
1666 183 1729 219 LV

170 288 206 326 ei
231 286 455 326 faciendum
480 288 549 336 sit,
578 289 674 326 item
699 289 741 326 in
767 290 891 328 altera
917 291 1084 339 epistola
1110 291 1159 329 ad
1185 292 1350 331 eundem
1375 288 1463 346 (13,
1485 290 1523 343 2)
1545 294 1725 334 Enniano

170 359 286 385 versu
317 346 364 385 de
396 346 604 384 annalibus
637 343 762 399 [272]
792 360 871 386 non
902 360 946 388 ex
975 351 1060 388 iure
1088 362 1249 389 manum
1274 355 1487 391 consertum
1510 353 1578 391 sed
1602 354 1726 403 maqis

170 407 274 454 ferro
307 417 389 444 rem
425 408 600 453 repetunt
635 406 902 445 condicionem
938 421 1069 446 rerum
1106 422 1205 458 quae
1242 411 1326 449 illic
1365 412 1418 449 sit
1454 412 1724 451 iurisconsulti

169 465 324 503 muneri
355 465 595 503 contrariam
626 464 832 515 significat.

286 523 323 562 A
343 522 540 562 Ciceronis
566 523 678 561 libris
699 524 854 575 seiungi
872 537 949 562 non
968 527 1100 574 potest
1120 527 1170 564 ad
1188 526 1429 566 Herennium
1449 530 1725 580 cuiuscumque

172 585 231 621 est
263 584 433 621 auctoris
464 583 671 631 rhetorica,
706 595 806 632 quae
838 584 956 621 semel
988 586 1028 622 et
1058 585 1201 623 iterum
1233 586 1405 624 Ennium
1440 600 1511 637 pro
1550 590 1725 638 exemplo

168 644 308 692 poetae
347 643 417 680 aut
453 642 596 692 tragici
633 643 772 692 poetae
809 643 940 691 ponit,
972 655 1013 682 1v
1041 644 1084 691 1,
1106 645 1128 681 2
1168 656 1254 682 eum
1283 647 1480 692 possimus
1512 648 1559 685 ab
1592 648 1724 687 Ennio

165 713 314 740 sumere
345 705 414 740 aut
444 713 469 740 a
503 700 676 740 Graccho
693 712 840 749 ponere
865 702 1089 749 exemplum,
1120 703 1270 741 videtur
1295 715 1372 742 esse
1405 708 1630 754 arroqantia
1655 708 1725 745 illa

166 762 390 811 relinquere,
423 760 475 799 ad
498 772 573 798 sua
598 760 785 805 devenire,
817 762 887 798 aut
911 773 952 799 1v
973 761 1010 809 4,
1034 763 1054 798 7
1083 763 1118 799 si
1143 757 1307 813 [Ennii]
1334 763 1378 801 de
1403 764 1609 812 traqoediis
1633 766 1726 803 velis

168 821 376 858 sententias
414 820 549 868 cliqere
586 822 655 858 aut
691 819 736 857 de
766 819 1005 858 Pacuvianis
1035 822 1209 865 nuntios,
1247 821 1447 860 Ennianos
1484 835 1618 862 versus
1650 837 1727 862 non

138 883 141 886 '
168 880 312 918 multos
351 879 482 927 affert,
525 879 698 928 primum
735 891 813 916 non
851 880 934 917 sine
978 879 1099 916 Ennii
1135 881 1292 918 nomine
1329 882 1578 919 notissimum
1622 884 1660 921 et
1705 897 1727 921 a

167 938 375 988 permultis
414 938 581 976 citatum
617 938 858 988 principium
893 937 1052 976 Medeae
1094 939 1252 977 Utinam
1287 951 1334 978 ne
1365 942 1407 978 in
1441 953 1592 981 nemore
1622 943 1727 981 Pelio

167 999 206 1036 et
238 998 307 1047 qui
338 998 556 1047 sequuntur
586 1009 720 1035 versus
753 998 841 1036 octo
874 991 923 1049 (ΙΙ
950 998 1023 1045 22,
1045 992 1137 1051 34),
1170 1011 1337 1047 quorum
1367 1012 1549 1038 versuum
1575 1002 1726 1039 senten-

169 1058 246 1095 tias
280 1058 319 1095 et
351 1057 677 1107 compositionem
710 1055 844 1094 Cicero
876 1057 919 1094 in
950 1056 1083 1095 libello
1116 1057 1162 1095 de
1193 1057 1276 1096 fato
1310 1052 1397 1110 (15,
1419 1053 1493 1111 35)
1527 1061 1567 1096 et
1596 1061 1638 1098 in
1668 1061 1727 1099 to-

167 1117 268 1165 picis
307 1110 394 1169 (16,
417 1110 492 1168 61)
530 1116 701 1154 similem
738 1116 779 1152 in
817 1115 977 1154 modum
1016 1115 1217 1165 expendit,
1262 1117 1428 1155 secundo
1467 1120 1601 1156 autem
1642 1119 1727 1157 loco

168 1187 302 1214 versus
335 1175 412 1213 duo
444 1169 493 1227 (11
527 1175 594 1223 25,
616 1169 690 1228 39)
728 1175 815 1213 Eho
846 1178 888 1213 tu
919 1175 960 1213 di
991 1176 1129 1223 quibus
1161 1179 1214 1214 est
1237 1179 1408 1223 potestas
1440 1189 1519 1226 eqS,
1553 1190 1649 1226 quos
1687 1179 1728 1215 in

168 1234 338 1283 Thyeste
371 1230 472 1286 [111],
509 1246 602 1272 nam
633 1234 754 1272 Ennii
792 1246 874 1272 esse
911 1235 1044 1272 rhetor
1075 1235 1159 1284 ipse
1191 1235 1304 1284 dicit,
1342 1235 1586 1274 collocandos
1623 1237 1726 1275 duxi.

166 1293 299 1343 Atque
331 1294 404 1332 hae
437 1293 596 1343 quidem
627 1293 819 1343 reliquiae
851 1293 950 1331 duae
983 1294 1103 1331 etiam
1134 1295 1175 1331 in
1202 1293 1398 1333 Ciceronis
1430 1296 1558 1344 primo
1590 1295 1636 1333 de
1667 1297 1725 1333 in-

165 1354 348 1391 ventione
382 1348 476 1406 (49,
499 1347 572 1406 91)
605 1353 800 1403 leguntur.
839 1353 1048 1390 Praeterea
1086 1353 1281 1391 rhetorica
1320 1353 1369 1391 ad
1406 1354 1646 1392 Herennium
1684 1356 1725 1392 in

166 1413 276 1450 vitiis
298 1413 593 1462 compositionis
615 1407 676 1465 (1v
692 1413 758 1461 12,
775 1407 848 1465 18)
862 1412 981 1450 habet
1001 1423 1021 1450 o
1045 1413 1125 1451 Tite
1145 1415 1219 1451 tute
1243 1413 1330 1450 Tati
1344 1425 1410 1462 eqs
1426 1407 1532 1466 (ann.
1552 1409 1666 1466 109),
1687 1417 1727 1452 et

166 1472 334 1510 eiusdem
360 1475 495 1519 poetae
527 1466 663 1523 (quem
695 1473 811 1510 antea
836 1484 913 1510 non
940 1467 1179 1524 nominavit)
1206 1474 1410 1520 quicquam
1435 1474 1638 1520 quisquam
1658 1486 1725 1522 eqs

167 1529 285 1583 (scen.
308 1525 426 1584 422),
459 1530 601 1580 quibus
628 1530 748 1569 addas
774 1530 867 1569 ibid.
894 1532 1025 1578 flentes
1043 1532 1243 1578 plorantes
1269 1532 1516 1569 lacrimantes
1543 1532 1727 1570 obtestan-

166 1592 235 1635 tes,
271 1590 305 1628 si
342 1590 502 1639 quidem
538 1590 572 1628 is
609 1590 714 1628 idem
751 1591 810 1629 est
847 1603 935 1628 cum
967 1602 1055 1628 ann.
1086 1591 1166 1628 103
1200 1593 1408 1629 maerentes
1445 1592 1576 1637 flentes
1615 1592 1728 1629 lacri-

165 1652 314 1688 mantes
345 1651 664 1687 commiserantes.
698 1649 775 1694 Qui
800 1662 892 1688 vero
918 1662 947 1687 11
969 1650 1036 1697 24,
1058 1650 1111 1687 38
1138 1650 1324 1700 leguntur
1349 1661 1482 1688 versus
1509 1650 1725 1699 complures

166 1709 261 1746 olim
302 1708 352 1747 ad
385 1707 667 1758 Cresphontem
703 1708 824 1746 Ennii
860 1709 978 1747 relati
1015 1709 1095 1747 iam
1133 1708 1295 1746 dubium
1333 1721 1410 1747 non
1449 1710 1507 1747 est
1545 1710 1640 1758 quin
1678 1709 1726 1747 ab

167 1768 295 1806 Ennio
327 1769 367 1805 et
398 1768 446 1806 ab
477 1768 552 1806 hac
582 1768 788 1819 tragoedia
820 1769 941 1807 alieni
972 1769 1061 1806 sint.

282 1827 520 1877 Priusquam
546 1840 592 1866 ex
613 1827 853 1876 reipublicae
873 1828 1072 1866 Romanae
1091 1827 1334 1877 temporibus
1356 1827 1405 1865 ad
1424 1827 1597 1877 Augusti
1616 1828 1722 1876 prin-

166 1887 342 1936 cipatum
367 1889 625 1936 transeamus,
651 1899 752 1925 unus
780 1887 901 1925 etiam
919 1889 1038 1936 poeta
1057 1886 1176 1925 verbo
1196 1886 1470 1925 memorandus
1498 1887 1568 1935 est,
1593 1886 1634 1924 P.
1656 1887 1725 1924 Te-

166 1945 317 1984 rentius
349 1946 477 1984 Varro
509 1946 703 1985 Atacinus
737 1941 788 1999 (a.
812 1940 1083 1998 672—717)‚
1121 1947 1190 1995 qui
1227 1959 1315 1983 cum
1351 1946 1499 1983 bellum
1537 1944 1725 1994 Sequani-

167 2018 255 2043 cum
286 2006 446 2055 scripsit
476 2007 563 2043 tum
594 2007 767 2053 saturas,
806 2017 904 2054 quas
936 2005 1013 2043 sibi
1043 2017 1184 2054 parum
1221 2005 1407 2053 probatas
1450 2005 1570 2042 fuisse
1601 2004 1725 2042 Hora-

165 2065 245 2102 tius
283 2064 448 2113 fatetur,
487 2066 525 2102 et
563 2077 640 2114 quo
672 2065 841 2102 maxime
878 2064 986 2102 fama
1023 2064 1105 2102 eius
1138 2063 1303 2101 fundata
1335 2065 1437 2111 erat,
1474 2063 1726 2113 Argonautas

167 2123 373 2173 Apollonii
399 2123 545 2161 Rhodii
570 2123 712 2161 Latine
738 2124 922 2161 verterat.
956 2122 1058 2167 Quid
1084 2123 1120 2160 61
1146 2134 1234 2160 cum
1254 2120 1410 2160 Ennio?
1437 2122 1619 2159 Tantum.
1642 2121 1726 2160 Ser-

167 2183 255 2220 vius
287 2183 338 2220 ad
368 2182 464 2220 Aen.
492 2194 517 2218 x
551 2182 634 2219 396
667 2182 985 2229 semianimesque
1015 2182 1160 2219 micant
1197 2181 1307 2229 diyiti
1346 2180 1556 2229 adscripsit
1592 2193 1726 2219 versus

167 2242 367 2280 Ennianos
400 2235 507 2294 (ann.
536 2235 654 2294 472),
686 2252 783 2290 quos
809 2240 1008 2290 Vergilius
1040 2240 1219 2277 imitatus
1246 2241 1358 2287 esset,
1390 2241 1524 2278 oscitat
1553 2241 1596 2278 in
1621 2252 1722 2278 cam-

159 2301 227 2348 pis
258 2303 375 2348 caput
406 2313 430 2338 a
462 2301 603 2338 cervice
633 2300 829 2338 revulsum
865 2300 1182 2347 semianimesque
1218 2300 1362 2337 micant
1398 2299 1499 2337 oculi
1534 2299 1727 2346 lucemque

165 2361 378 2407 requirimt,
411 2361 450 2397 et
480 2359 552 2397 hoc
585 2358 713 2397 addit:
745 2370 855 2406 quem
885 2369 1038 2396 versum
1069 2353 1314 2411 (Ennianum
1345 2352 1460 2410 dicit)
1492 2359 1548 2396 ita
1579 2361 1621 2395 ut
1651 2359 1726 2405 fuit

165 2419 365 2457 transtulit
383 2418 435 2457 ad
453 2430 568 2456 suum
587 2429 742 2457 carmen
769 2418 893 2457 Varro
912 2416 1115 2456 Atacinus.
1141 2416 1204 2454 Ad
1225 2416 1329 2466 quod
1351 2429 1517 2466 carmen,
1543 2417 1724 2454 nescitur.

168 2477 245 2515 Sed
273 2479 307 2516 si
337 2478 410 2516 hoe
435 2490 572 2515 verum
597 2479 666 2526 est,
699 2478 940 2515 consectaria
965 2476 1065 2514 fiunt
1096 2476 1185 2525 duo,
1217 2477 1388 2525 primum
1414 2475 1532 2513 Ennii
1564 2476 1723 2513 annales

167 2537 288 2575 etiam
318 2538 404 2575 turn
435 2537 555 2575 lectos
583 2539 622 2575 et
647 2537 771 2575 claros
803 2536 959 2574 habitos
986 2548 1080 2583 esse,
1112 2537 1151 2573 et
1175 2537 1345 2584 poetam,
1365 2536 1434 2584 qui
1453 2548 1574 2572 unum
1600 2547 1645 2571 ex
1676 2535 1724 2571 iis

166 2608 323 2635 versum
354 2595 533 2646 sumpsit,
564 2609 642 2634 non
674 2596 799 2634 solum
831 2608 953 2632 unum
984 2596 1233 2644 sumpturum
1263 2595 1393 2632 fuisse.

285 2654 458 2706 Augusti
478 2657 607 2693 aetate
626 2656 662 2692 h.
679 2668 709 2692 e.
731 2655 775 2692 ut
794 2655 982 2692 terminos
1004 2654 1194 2703 quosdam
1212 2665 1403 2703 ponamus
1424 2652 1471 2690 ab
1492 2665 1526 2690 a.
1541 2665 1576 2689 u.
1593 2665 1622 2689 0.
1641 2652 1719 2687 711

168 2714 217 2752 ἃᾶ
252 2715 331 2752 767
371 2715 523 2753 Ennius
567 2715 683 2763 poeta
720 2714 800 2751 iam
837 2726 915 2751 non
958 2726 1002 2752 eo
1040 2714 1174 2751 favore
1213 2712 1477 2761 excipiebatur
1514 2723 1589 2759 quo
1635 2722 1722 2746 eum

169 2772 314 2822 Cicero,
345 2775 471 2812 omnis
504 2773 756 2822 antiquitatis
782 2772 982 2810 Romanae
1013 2772 1128 2811 valde
1153 2771 1360 2818 studiosus,
1393 2771 1555 2816 foverat,
1587 2780 1721 2816 quam-

167 2845 286 2881 quam
317 2833 397 2870 iam
425 2832 620 2871 Ciceronis
653 2833 764 2870 annis
797 2833 980 2870 extremis
1013 2844 1110 2881 quos
1137 2831 1233 2868 dicit
1261 2833 1432 2868 cantores
1458 2828 1722 2874 Euphorionis

168 2904 256 2929 eum
293 2895 526 2931 contemnere
563 2893 608 2929 ut
645 2892 701 2929 ait
739 2893 951 2940 coeperunt
982 2886 1113 2944 (Tusc.
1146 2890 1243 2939 disp.
1270 2901 1315 2926 111
1349 2888 1419 2934 19,
1446 2881 1531 2938 45).
1576 2885 1721 2923 Verum

1716 3038 1721 3065 ἱ
