2020 3334
359 224 496 259 xxxn
917 224 943 258 I.
970 221 1198 258 HISTORIA
1222 223 1359 258 11111111
1391 207 1396 210 '

356 336 611 374 memorabile
645 329 678 387 (1
705 336 771 383 48,
794 328 839 387 2)
872 334 919 372 de
947 333 1083 382 ybwma
1112 346 1207 373 voce
1231 335 1369 383 paucis
1394 336 1501 385 nota,
1531 337 1670 385 utpote
1701 335 1806 386 apud
1838 335 1916 373 En-

359 396 470 433 nium
501 395 627 433 solum
658 394 761 431 lecta
791 394 833 430 in
865 393 1076 431 Euhemeri
1106 392 1218 432 libris
1250 394 1372 432 versis
1401 389 1525 447 (xm),
1554 394 1698 444 quibus
1730 395 1852 434 addas
1883 395 1918 433 si

356 455 454 492 libet
484 466 585 503 quae
615 465 661 490 m
695 454 761 501 17,
784 453 838 490 10
870 451 1008 490 scribit
1037 453 1104 491 ille
1133 453 1224 491 iude
1254 453 1350 491 endo
1387 464 1502 491 suam
1534 454 1708 499 domum,
1743 465 1814 492 nos
1849 465 1916 492 no-

355 516 495 557 stram,
530 511 672 561 quibus
704 511 887 549 Enniana
918 512 1014 550 endo
1044 523 1160 550 suam
1192 512 1241 550 do
1278 506 1389 564 (ann.
1417 507 1522 564 576)
1559 513 1724 552 iocando
1761 513 1918 551 videtur

356 571 518 609 imitari.

474 629 586 668 Libri
630 631 762 668 autem
798 629 846 667 de
883 630 1021 680 lingua
1056 629 1203 669 Latina
1239 642 1320 678 sex,
1366 631 1435 680 qui
1470 630 1587 669 hodie
1623 633 1833 681 supersunt
1869 631 1917 669 de

356 690 481 728 multo
513 689 705 739 pluribus,
736 689 882 727 multos
912 690 1130 727 multorum
1166 691 1383 739 poetarum,
1415 689 1559 728 Naevii
1589 689 1724 728 Plauti
1753 690 1919 729 Pacuvii

356 749 468 787 Accii
498 747 643 787 Lucilii
675 748 843 786 aliorum
880 760 1031 797 versus,
1072 749 1113 786 in
1151 748 1292 798 quibus
1330 749 1451 786 etiam
1482 749 1602 787 Ennii
1632 750 1796 798 multos,
1830 762 1918 799 per-

357 809 613 857 scripserunt,
652 806 718 845 sed
754 820 834 845 non
870 809 959 857 pari
995 807 1154 846 modulo
1191 809 1233 845 in
1270 808 1450 846 omnibus
1485 808 1614 857 libris,
1652 821 1819 858 quorum
1850 809 1919 858 qui

356 869 436 905 tres
476 868 666 916 postremi
703 869 813 915 sunt,
851 868 990 916 utpote
1026 868 1068 904 in
1106 867 1286 905 doctrina
1311 869 1571 918 grammatica
1601 869 1801 918 occupati,
1824 868 1919 917 'per-

356 927 492 976 paucis
530 926 701 975 exceptis
738 925 839 963 nihil
876 928 1084 976 poetarum
1121 926 1323 974 exhibent,
1360 927 1480 976 primi
1516 929 1595 965 tres
1634 940 1658 965 a
1695 927 1833 976 quinto
1869 926 1919 964 ad

359 986 581 1035 septimum,
613 987 707 1035 quia
738 987 865 1035 magis
897 998 1011 1024 usum
1042 987 1231 1024 sermonis
1262 988 1563 1036 persequuntur,
1595 999 1728 1024 omnes
1760 986 1918 1036 quidem

356 1057 434 1082 non
472 1057 606 1093 parce,
643 1044 710 1082 sed
748 1043 900 1083 duobus
938 1045 1076 1094 primis
1107 1045 1232 1083 multo
1265 1046 1386 1082 etiam
1417 1045 1573 1083 uberius
1605 1047 1811 1095 septimus,
1850 1046 1919 1095 qui

358 1105 561 1153 propriam
591 1106 799 1153 poetarum
829 1105 870 1141 in
902 1103 1169 1155 significandis
1200 1104 1295 1142 locis
1328 1117 1373 1142 ac
1404 1105 1646 1154 temporibus
1671 1104 1918 1143 consuetudi-

356 1176 446 1201 nem
477 1164 708 1212 pertractat,
739 1175 827 1200 cum
859 1164 999 1201 ceteris
1030 1164 1158 1213 poetis
1188 1165 1274 1201 tum
1300 1164 1421 1201 Ennii
1453 1163 1690 1202 carminibus
1721 1164 1783 1202 usi
1813 1165 1918 1202 sunt.

359 1221 435 1260 Sed
466 1223 507 1259 in
539 1235 585 1260 ea
616 1221 797 1260 ubertate
827 1222 1018 1261 Varronis
1057 1224 1126 1272 qui
1164 1225 1225 1261 est
1261 1223 1411 1261 citandi
1447 1223 1586 1261 modus
1623 1222 1736 1261 nobis
1773 1223 1918 1261 utenti-

356 1281 429 1319 bus
459 1282 525 1319 hic
554 1281 639 1319 illic
670 1282 862 1330 quasdam
900 1281 1154 1320 difficultates
1193 1284 1308 1320 creat.
1346 1281 1473 1320 Varro
1512 1283 1615 1320 enim
1653 1295 1731 1320 non
1768 1284 1814 1319 ut
1849 1282 1921 1320 alii

357 1341 609 1391 grammatici
629 1343 698 1378 aut
718 1336 803 1390 ‘qui
822 1340 972 1391 glossas
992 1337 1261 1390 scripserunt',
1287 1342 1355 1390 qui
1374 1353 1541 1390 quorum
1559 1343 1766 1391 poetarum
1785 1353 1919 1379 versus

358 1402 634 1449 excerpseer
664 1399 805 1448 putida
837 1400 1008 1449 quadam
1039 1400 1260 1451 diligentia,
1290 1400 1403 1438 nobis
1429 1400 1588 1449 quidem
1612 1403 1809 1451 pergrata,
1833 1413 1920 1450 per-

357 1459 545 1508 scribunt,
571 1459 613 1496 in
637 1459 748 1497 libris
768 1461 1018 1508 numerisque
1037 1459 1228 1497 librorum
1247 1459 1416 1497 citandis
1435 1461 1623 1508 moratur,
1650 1460 1717 1498 sed
1739 1462 1785 1497 ut
1802 1460 1919 1497 homo

359 1518 496 1556 doctus
522 1519 591 1568 qui
616 1518 742 1556 doctis
761 1518 983 1556 hominibus
1004 1518 1141 1556 scribit
1161 1531 1206 1556 ex
1226 1519 1418 1557 immensa
1437 1520 1551 1568 copia
1570 1518 1802 1557 eruditionis
1822 1531 1919 1557 sem-

358 1590 429 1627 per
454 1577 653 1615 affluentis
678 1578 781 1627 petit
806 1578 948 1626 quibus
974 1589 1064 1616 suas
1084 1579 1297 1616 sententias
1317 1578 1491 1616 illustret
1509 1580 1549 1616 et
1567 1577 1780 1616 confirmet.
1807 1577 1917 1622 Quod

358 1648 480 1687 genus
505 1638 674 1675 maxime
700 1638 953 1686 conspicuum
979 1636 1024 1674 fit
1049 1649 1137 1674 cum
1162 1638 1380 1687 generatim
1406 1637 1544 1675 laudat
1567 1637 1641 1675 hoc
1665 1637 1782 1675 modo
1801 1649 1843 1675 VI
1865 1639 1915 1674 11
1985 1644 1988 1646 '

357 1697 445 1734 hinc
468 1699 599 1743 poetae
626 1692 798 1734 ‘aeterua
822 1697 964 1743 templa
989 1692 1100 1734 caeli'
1121 1709 1162 1734 Ἡ
1184 1696 1236 1733 67
1263 1697 1352 1734 hine
1371 1698 1486 1734 etiam
1497 1699 1634 1744 poetae
1654 1692 1919 1734 ‘murmuran-

358 1756 414 1793 tia
438 1751 570 1793 litora’
596 1767 638 1793 v1
661 1756 710 1792 71
739 1756 783 1793 in
807 1755 1009 1793 comoediis
1033 1755 1139 1793 vides
1165 1755 1241 1793 diei
1266 1768 1307 1793 VI
1336 1756 1387 1792 76
1417 1757 1557 1794 scenici
1579 1755 1757 1803 plerique
1787 1756 1921 1794 dicunt

357 1827 400 1852 VI
422 1815 473 1851 72
494 1815 530 1852 is
548 1815 616 1862 qui
634 1814 727 1852 dicit
745 1816 788 1852 in
806 1814 1005 1862 traqoedia
1024 1816 1063 1852 et
1076 1814 1223 1852 similia
1238 1814 1364 1863 plura.
1386 1813 1493 1859 Quae
1508 1814 1667 1864 quidem
1681 1814 1919 1852 consuetudo

359 1873 400 1910 id
420 1886 574 1922 quoque
594 1873 797 1922 patefacit,
817 1873 886 1922 qui
906 1873 1056 1911 factum
1075 1874 1128 1911 sit
1146 1875 1191 1911 ut
1210 1873 1337 1911 Varro
1356 1885 1512 1912 versum
1532 1874 1600 1923 qui
1621 1875 1705 1911 erat
1733 1874 1835 1922 Quos
1854 1874 1920 1911 ubi

358 1944 426 1971 rex
450 1933 561 1980 epulo
585 1934 709 1980 spexit
734 1933 770 1970 d.
796 1944 826 1970 c.
851 1944 881 1970 c.
907 1932 1010 1970 hunc
1034 1933 1076 1970 in
1101 1932 1261 1970 modum
1287 1933 1428 1970 citaret
1449 1933 1550 1981 Quos
1576 1933 1687 1980 epulo
1711 1936 1917 1980 postquam

357 1993 481 2039 spexit
498 1987 607 2044 (ann
629 1986 747 2044 421),
773 1993 843 2029 aut
863 1986 939 2043 (vn
960 1986 1034 2043 84)
1055 1991 1160 2041 apud
1181 1992 1408 2029 Terentium
1427 2005 1543 2041 quem
1563 2004 1719 2030 versum
1741 1992 1832 2029 libri
1857 2005 1920 2029 ex—

358 2050 547 2088 bibebant
574 2050 754 2096 Obsonat,
771 2053 894 2098 potat,
920 2051 992 2088 olet
1018 2053 1206 2099 ungenta:
1236 2051 1282 2089 de
1306 2062 1387 2089 meo
1412 2045 1585 2103 (adelph.
1613 2064 1627 2088 1
1654 2052 1691 2099 2,
1713 2045 1800 2103 37),
1832 2063 1920 2088 cum

358 2109 405 2148 de
435 2110 640 2148 scortando
672 2112 822 2160 ageret,
864 2110 919 2148 sic
951 2110 1108 2148 afferret
1137 2109 1348 2155 Sematur,
1372 2113 1495 2158 potat,
1526 2122 1558 2148 ο.
1590 2123 1641 2154 u.‚
1671 2110 1775 2148 hunc
1805 2109 1919 2147 nimi-

357 2183 445 2206 rum
482 2169 648 2207 miscens
686 2181 774 2206 cum
810 2181 854 2207 eo
886 2170 956 2218 qui
985 2170 1027 2206 in
1059 2169 1194 2207 eadem
1225 2181 1340 2207 scena
1370 2169 1534 2219 paulum
1566 2170 1657 2207 ante
1688 2163 1786 2221 (22)
1817 2169 1919 2219 lege-

358 2228 476 2265 batur
505 2227 679 2266 Scortari
708 2240 828 2276 ueque
852 2231 1001 2276 potare.
1040 2228 1116 2266 Sed
1148 2230 1193 2266 ut
1230 2228 1280 2266 ad
1311 2229 1487 2266 Ennium
1524 2229 1745 2276 veniamus,
1782 2241 1920 2277 quam-

360 2300 480 2336 quam
518 2287 623 2336 quod
658 2289 700 2324 in
736 2288 857 2336 hunc,
898 2287 1002 2325 idem
1039 2287 1146 2326 cadit
1182 2289 1223 2325 ’111
1261 2299 1393 2326 omnes
1431 2288 1573 2337 quibus
1614 2287 1742 2325 utitur
1770 2288 1921 2336 poetas,

359 2358 576 2395 numquam
613 2347 776 2385 annales
813 2348 929 2394 citat,
972 2347 1117 2385 nedum
1148 2358 1329 2385 numeros
1366 2347 1557 2385 librorum
1595 2346 1732 2395 addat,
1775 2357 1920 2396 paucas

360 2405 586 2455 tragoedias
618 2407 682 2443 vel
712 2406 1009 2456 tragoediarum
1039 2418 1225 2455 personas
1257 2405 1354 2444 dicit
1378 2406 1549 2456 nomine,
1580 2406 1812 2454 plerumque
1837 2407 1921 2442 tam

360 2465 501 2502 harum
535 2477 654 2513 quam
685 2465 844 2503 illorum
875 2477 1028 2514 versus,
1065 2466 1133 2514 qui
1163 2477 1459 2514 nonnumquam
1490 2465 1594 2502 inter
1625 2476 1665 2502 se
1696 2465 1920 2512 miscentur,

362 2537 468 2562 mero
513 2524 625 2562 Enni
666 2526 824 2562 nomine
865 2518 1062 2576 (Ennius,
1105 2524 1234 2568 Enni,
1278 2524 1386 2572 apud
1423 2524 1601 2562 Ennium
1642 2517 1920 2575 praemittens)

360 2583 491 2631 affert,
529 2595 646 2633 saepe
682 2584 791 2621 nullo
821 2585 961 2632 poetae
993 2584 1148 2622 nomine
1183 2582 1347 2621 adiecto.
1410 2581 1538 2627 Quare
1570 2582 1674 2632 quod
1706 2594 1921 2631 numquam

361 2642 480 2679 Ennii
506 2642 668 2680 annales
699 2642 806 2692 dicit,
838 2645 921 2681 tam
945 2643 1085 2691 hercle,
1117 2654 1237 2691 quam
1262 2655 1477 2690 numquam
1503 2642 1652 2680 Lucilii
1675 2644 1833 2679 saturas
1858 2641 1921 2678 vel

359 2703 587 2739 saturarum
629 2702 764 2746 libros,
807 2701 898 2739 inde
940 2701 1195 2751 intelligitur,
1239 2714 1339 2750 quae
1379 2702 1564 2751 leguntur
1594 2714 1620 2739 v
1648 2702 1701 2737 74
1743 2712 1837 2738 nam
1879 2702 1923 2737 ut

362 2761 525 2798 annales
556 2760 690 2798 dieunt
718 2762 821 2798 vovit
853 2760 926 2808 Opi
957 2761 1107 2798 Florae
1138 2772 1205 2809 eqs
1238 2755 1305 2813 (cf.
1333 2760 1382 2797 ad
1414 2773 1501 2798 ann.
1528 2772 1543 2797 1
1573 2760 1619 2797 fr.
1646 2753 1734 2811 ux)
1765 2771 1843 2796 11011
1874 2758 1921 2795 11-

363 2820 487 2857 cuisse
519 2832 607 2857 cum
632 2819 810 2868 Hauptio
841 2821 880 2857 et
910 2818 1163 2858 Lachmanno
1194 2819 1242 2857 de
1268 2819 1387 2856 Ennii
1418 2819 1626 2857 annalibus
1657 2818 1922 2866 interpretari,

363 2890 442 2916 non
473 2879 599 2929 magis
624 2891 682 2917 vn
709 2879 762 2916 85
796 2891 884 2916 cum
914 2878 1106 2916 traditum
1138 2879 1191 2916 sit
1220 2880 1349 2926 itaque
1379 2879 1422 2916 in
1447 2878 1540 2916 Iove
1570 2878 1638 2915 hoc
1669 2879 1703 2914 et
1726 2877 1921 2914 Homerus

363 2940 396 2974 et
433 2938 536 2975 alius
567 2938 796 2985 aliquotiens
827 2949 1013 2987 reponere
1045 2940 1079 2975 et
1108 2938 1267 2976 annalis
1298 2932 1363 2990 (ut
1393 2937 1439 2975 de
1471 2930 1637 2989 Ennio),
1672 2948 1797 2984 neque
1829 2948 1920 2972 vero
