2004 3278
274 204 303 246 4
846 197 1109 235 ANNALIUM
1133 197 1221 235 LIB.
1242 197 1259 234 I

1024 318 1075 352 XI

277 380 330 421 15
786 379 962 420 memini
993 393 1061 420 me
1092 379 1191 420 fiere
1220 393 1376 433 pavum

1017 494 1086 528 XII

274 556 327 598 16
360 555 518 597 «Lunai
550 558 736 611 portum,
767 558 832 597 est
864 570 1028 610 operae,
1059 555 1315 611 cognoscite,
1346 555 1471 598 cives.

269 711 369 736 mam
389 701 518 735 aether
536 701 716 747 adiugat»
737 702 775 736 et
792 701 934 736 Ennius
954 703 1114 737 «terram
1133 713 1266 746 corpus
1292 712 1388 746 quae
1413 701 1552 746 deperit
1569 702 1688 746 ipsam
1706 713 1833 746 capere

269 765 390 799 neque
416 754 589 799 dispendi
614 754 737 789 facere
762 754 930 790 hilum»)
1052 755 1156 789 Idem
1181 755 1272 789 ibid.
1293 767 1316 789 v
1341 758 1406 788 111
1436 754 1506 789 ‘ab
1532 754 1664 789 eadem
1688 754 1833 790 fartura-

268 807 466 842 farcimina
480 808 574 843 extis
589 807 790 853 appellata,
812 819 834 842 a
847 819 920 853 quo
934 808 974 843 in
993 819 1036 843 eo
1056 808 1156 853 quod
1176 808 1435 842 tenuissimum
1449 808 1670 843 intestinum
1682 807 1832 851 fartum,

812 863 847 883 ab
863 862 918 883 hilo

267 889 347 925 hila
366 890 414 925 ab
434 890 511 925 hilo
531 891 634 925 dicta
646 890 712 926 illo
726 890 836 936 (hila
856 891 991 925 dicta.
1006 891 1110 925 Hilo
1130 891 1225 926 Flor.
1239 903 1286 924 m.
1302 903 1355 935 pr.
1371 901 1461 925 corr.
1476 890 1735 926 Lachmannus
1749 890 1830 926 coll.

267 956 290 978 v
311 946 367 989 72)
388 944 488 988 quod
508 944 563 978 ait
582 943 723 978 Ennius
744 955 887 989 «neque
907 944 1096 989 dispendii
1115 943 1209 979 facit
1226 943 1395 979 hilum».’
1494 943 1597 978 Idem
1616 944 1708 978 ibid.
1730 957 1767 978 11
1788 947 1832 978 53

270 997 360 1041 ‘qua
378 1007 417 1031 re
436 997 476 1031 in
501 997 571 1032 hoc
598 998 737 1042 (caput)
757 997 886 1032 volunt
905 998 971 1042 (810
991 997 1260 1039 Lachmannus‚
1281 996 1391 1042 vulgo
1420 996 1615 1042 tollunt)
1635 1008 1714 1032 esse
1743 1007 1833 1032 ana-

266 1049 387 1094 logias
396 1054 412 1084 ?
429 1050 460 1069 ⁵⁴
473 1051 538 1084 sed
551 1050 711 1085 nihilum
726 1050 932 1095 (initium
945 1050 1052 1093 Flor„
1068 1062 1157 1085 corr.
1172 1050 1432 1084 Lachmannus
1446 1049 1599 1095 aliique)
1613 1050 1834 1085 vocabulum

267 1104 367 1137 recto
388 1113 476 1137 casu
490 1105 647 1148 apparet
659 1104 700 1138 in
712 1103 783 1138 hoc
797 1114 917 1148 «quae
937 1104 1036 1139 dedit
1054 1105 1115 1138 ira
1133 1108 1244 1148 caput
1262 1114 1383 1148 neque
1397 1103 1571 1148 dispendi
1584 1103 1678 1138 facit
1690 1102 1831 1139 hilum»

268 1156 367 1200 quod
388 1156 487 1190 valet
506 1167 574 1191 nec
594 1157 783 1201 dispendii
802 1156 895 1190 facit
914 1157 1140 1201 quicquam.’

383 1208 435 1242 Xl
455 1211 527 1254 (15)
572 1208 760 1243 Charisius
780 1223 793 1243 1
811 1222 846 1254 p.
863 1212 943 1252 98,4
963 1209 1006 1243 Κ.
1030 1210 1163 1254 ‘pavos
1183 1212 1221 1244 et
1238 1211 1357 1254 pa(vo.
1378 1211 1508 1255 pavus)
1528 1209 1670 1244 Ennius
1690 1211 1832 1245 «memi-

265 1263 323 1296 m't
346 1266 400 1307 wize
424 1263 505 1305 fieri
525 1273 705 1306 pavum»;
732 1264 771 1296 at
790 1262 950 1307 Per(sius
968 1263 1105 1308 pavo).’
1139 1274 1283 1298 versum
1302 1262 1415 1297 Ennii
1434 1263 1565 1308 scripsi
1585 1263 1638 1298 sic
1656 1264 1699 1297 ut
1718 1265 1774 1297 est
1793 1263 1832 1297 111

266 1315 345 1349 cod.
370 1314 537 1360 Neapol„
563 1317 686 1350 cetera
714 1315 878 1350 Keih'um
906 1318 1063 1351 secutus.
1191 1316 1359 1351 Donatus
1387 1316 1428 1350 in
1456 1315 1536 1350 Ter.
1557 1316 1671 1350 Andr.
1693 1329 1720 1350 11
1740 1320 1771 1359 5,
1788 1319 1831 1350 18

267 1368 433 1402 ‘memini
454 1368 579 1402 videre
598 1379 666 1413 pro
685 1368 832 1403 vidisse.
860 1368 1002 1403 Ennius
1023 1370 1194 1405 «memini
1218 1381 1272 1404 me
1298 1371 1375 1415 (me
1399 1369 1598 1415 minime)
1618 1381 1728 1414 quam
1751 1370 1833 1413 fieri

264 1432 398 1465 pavum
425 1421 715 1467 (pavidum)».’
842 1422 945 1456 Idem
970 1422 1011 1456 in
1036 1423 1094 1456 ad.
1115 1436 1129 1456 1
1149 1426 1179 1465 2,
1196 1426 1240 1457 26
1263 1423 1383 1457 ‘unde
1409 1422 1450 1457 id
1474 1422 1594 1458 fieret:
1620 1423 1725 1457 fieret
1748 1434 1832 1467 pro-

266 1474 379 1508 ducta
403 1474 526 1519 prima
556 1474 712 1519 syllaba.
746 1475 887 1510 Ennius
920 1477 1092 1511 «memini
1123 1487 1176 1511 me
1208 1477 1292 1521 (me
1320 1475 1504 1510 minime
1538 1474 1596 1510 vel
1629 1475 1831 1520 minime)

263 1528 344 1571 fieri
352 1539 511 1572 parvum
525 1528 594 1574 (ita
608 1527 721 1563 Oxon.
736 1540 923 1574 pravum
943 1540 1031 1564 corr.
1048 1528 1132 1564 Vat.
1147 1528 1244 1574 V)».’
1267 1528 1455 1564 Donatum
1473 1527 1699 1574 intelligitur
1718 1528 1833 1566 fiere

264 1582 306 1614 ut
334 1580 477 1615 fieret
503 1580 649 1627 legisse.
791 1582 894 1617 Idem
921 1582 962 1616 in
985 1581 1130 1616 Phorm.
1158 1595 1171 1616 1
1192 1585 1222 1624 2,
1240 1585 1284 1615 24
1309 1582 1483 1616 ‘memini
1507 1581 1669 1627 relinqui
1796 1584 1834 1616 et

264 1634 317 1668 sic
343 1634 439 1669 dixit
465 1635 641 1670 «memini
666 1634 851 1680 relinqui»
871 1637 914 1669 ut
932 1635 972 1669 in
992 1635 1136 1670 Andria
1155 1635 1332 1671 «memini
1357 1635 1498 1670 videri»
1521 1636 1559 1669 et
1581 1636 1752 1671 «memini
1778 1646 1833 1670 ‘me

263 1687 344 1730 fieri
363 1699 502 1731 pavum
528 1688 597 1733 (ita
617 1687 731 1723 Oxon.
752 1699 945 1733 parvum
966 1688 1068 1734 alii)»
1089 1688 1257 1723 Ennius!
1374 1687 1626 1723 Tertuffianus
1646 1688 1693 1722 de
1713 1699 1770 1722 an.
1787 1691 1831 1722 33

264 1753 276 1774 1
296 1752 330 1785 p.
347 1744 426 1782 357,
444 1744 486 1775 17
508 1741 564 1775 ed.
580 1741 690 1776 Vind.
715 1742 866 1786 ‘pavum
886 1753 924 1776 se
943 1742 1115 1776 meminit
1133 1741 1315 1776 Homerus
1334 1741 1455 1776 Ennio
1475 1741 1710 1776 somniante.'

264 1793 366 1828 Idem
385 1794 476 1828 ibid.
494 1797 539 1828 34
558 1806 593 1839 p.
610 1797 689 1837 358,
705 1798 750 1828 20
773 1795 859 1829 ‘sed
877 1795 1084 1830 necessarie
1110 1794 1207 1829 hanc
1233 1805 1380 1839 quoque
1400 1795 1561 1839 speciem
1580 1794 1774 1829 intulimus
1794 1796 1833 1829 et

264 1846 486 1882 exclusimus
505 1849 549 1882 ut
567 1848 821 1893 superioribus
842 1848 1111 1890 cohaerentem,
1134 1858 1207 1893 quo
1226 1848 1382 1893 perinde
1400 1848 1440 1882 in
1456 1858 1551 1892 pavo
1573 1848 1833 1883 retunderetur

263 1899 443 1934 Homerus
464 1901 561 1935 sicut
586 1901 626 1935 in
641 1900 859 1946 Pythagora
872 1901 1121 1946 Euphorbus.’
1150 1900 1203 1935 Cf.
1225 1901 1385 1935 eundem
1404 1901 1450 1935 de
1469 1912 1599 1935 resurr.
1623 1905 1640 1934 1
1662 1913 1697 1945 p.
1713 1904 1781 1935 379
1801 1900 1831 1934 Β

263 1953 402 1998 Rigalt.
480 1953 658 1989 Horatius
673 1966 728 1999 ep.
742 1967 770 1988 11
781 1959 812 1997 1,
822 1958 864 1988 51
883 1954 1039 1989 ‘Ennius
1055 1983 1061 1988 .
1077 1983 1082 1988 .
1097 1983 1103 1988 .
1118 1954 1250 1989 leviter
1263 1965 1391 1989 curare
1404 1954 1551 1988 videtur
1563 1965 1636 1999 quo
1650 1954 1832 1999 promissa

264 2007 402 2041 cadant
422 2009 460 2041 et
473 2008 617 2042 somnia
630 2007 881 2053 Pythagorea’
894 2023 901 2042 ι
923 2008 971 2042 ad
984 2007 1078 2042 haec
1091 2007 1297 2052 Porphyrio
1319 2007 1330 2023 ‘
1340 2017 1488 2041 securus
1501 2007 1577 2041 iam
1591 2006 1637 2041 de
1650 2009 1831 2051 proventu

264 2071 351 2094 suae
371 2060 494 2095 laudis
514 2062 571 2095 est
590 2060 743 2103 Ennius,
763 2062 916 2106 propter
936 2072 1047 2106 quam
1068 2062 1154 2095 ante
1175 2060 1356 2095 sollicitus
1375 2060 1415 2094 in
1433 2060 1618 2104 principio
1639 2059 1831 2094 annalium

265 2124 414 2148 suorum
439 2114 581 2149 somnio
607 2125 646 2148 se
672 2115 822 2159 scripsit
841 2115 1073 2149 admonitum
1093 2114 1193 2159 quod
1213 2114 1414 2148 secundum
1433 2112 1669 2159 Pythagorae
1694 2113 1831 2158 dogma

265 2166 389 2201 anima
408 2166 560 2201 Homeri
580 2167 620 2201 in
640 2179 747 2201 suum
768 2179 899 2212 corpus
919 2168 1107 2202 venisset.’
1215 2166 1363 2202 Persius
1376 2166 1468 2211 prol.
1485 2170 1505 2200 2
1528 2167 1615 2201 ‘nec
1628 2166 1668 2201 in
1681 2166 1831 2211 bicipiti

265 2219 468 2254 somniasse
487 2220 652 2255 Parnaso
671 2221 836 2263 memini,
857 2222 900 2255 nt
918 2222 1072 2266 repente
1092 2221 1145 2255 810
1163 2222 1277 2266 poeta
1294 2220 1508 2265 prodirem.’
1536 2219 1648 2255 schol.
1670 2219 1729 2254 ad.
1749 2219 1784 2253 h.
1805 2219 1828 2253 l.

266 2272 406 2317 ‘tangit
420 2272 583 2308 Ennium
603 2273 668 2317 qui
688 2274 785 2308 dixit
804 2285 842 2308 se
862 2274 998 2308 vidisse
1016 2285 1084 2319 per
1102 2274 1286 2309 somnium
1305 2273 1345 2307 in
1357 2273 1521 2308 Parnaso
1534 2273 1735 2308 Homerum
1754 2272 1827 2306 sibi

264 2325 450 2359 dicentem
469 2327 569 2370 quod
590 2327 669 2361 eius
689 2327 815 2361 anima
834 2327 873 2361 in
893 2338 958 2362 suo
979 2328 1076 2361 esset
1095 2327 1273 2371 corpore.'
1385 2325 1437 2360 Cf.
1453 2326 1548 2361 Acro
1562 2326 1602 2360 in
1614 2325 1700 2360 Hor.
1716 2336 1826 2360 carm.

264 2391 278 2412 1
298 2380 353 2421 28,
370 2381 432 2421 1ος
452 2389 507 2423 ep.
523 2392 551 2413 11
572 2383 602 2422 1,
618 2383 673 2414 52.
701 2380 919 2415 Lactantius
939 2380 979 2414 in
999 2379 1091 2414 Stat.
1107 2379 1221 2414 Theb.
1236 2392 1278 2413 111
1298 2381 1377 2412 484.
1399 2378 1495 2413 Vide
1509 2379 1690 2414 adnotata
1704 2379 1751 2413 ad
1766 2391 1827 2412 xn.

375 2430 444 2465 ΧΠ
470 2434 542 2476 (16)
592 2432 738 2467 Persius
765 2435 832 2467 sat.
855 2437 886 2475 6,
902 2436 922 2467 9
945 2433 1103 2469 ‘«Lunai
1130 2432 1262 2478 (Luni
1287 2432 1449 2477 Montep.
1464 2435 1531 2466 212
1551 2432 1650 2477 Vat.)
1680 2433 1829 2476 portum

264 2484 505 2529 (praetium
518 2484 784 2531 Montep.125),
798 2488 854 2520 est
867 2497 1011 2531 operae,
1024 2485 1235 2531 cognoscite
1249 2487 1310 2530 (co
1318 2496 1403 2530 gno
1412 2496 1427 2518 s
1436 2496 1455 2519 c
1464 2495 1535 2519 ere
1554 2485 1679 2530 idem),
1694 2485 1825 2519 cives».

264 2548 326 2572 cor
344 2537 451 2572 iubet
467 2537 537 2572 hoc
562 2537 659 2572 Enni
678 2540 878 2583 postquam
897 2539 1096 2574 destertuit
1114 2549 1193 2573 0880
1206 2538 1422 2573 Maeonides
1443 2536 1601 2579 Quintus
1620 2548 1763 2582 pavone
1783 2548 1827 2572 ex

262 2589 524 2636 Pythagoreo.'
550 2591 661 2625 schol.
683 2592 731 2625 ad
751 2604 781 2625 v.
800 2596 842 2626 10
866 2592 983 2627 ‘hunc
1002 2603 1147 2626 versum
1167 2592 1215 2626 ad
1236 2603 1343 2625 suum
1362 2601 1510 2625 carmen
1537 2591 1582 2624 de
1609 2589 1722 2625 Ennii
1747 2601 1826 2624 car-

263 2643 427 2678 minibus
452 2644 653 2678 transtulit.
674 2645 807 2679 merito
834 2656 922 2690 ergo
949 2646 1004 2680 ait
1024 2656 1109 2681 «cor
1127 2644 1233 2679 iubet
1257 2644 1327 2679 hoc
1346 2643 1443 2678 Enni
1462 2645 1661 2688 postquam
1687 2643 1825 2679 dester-

263 2697 371 2731 tuit».
393 2697 446 2731 sic
470 2696 611 2730 Ennius
632 2697 686 2731 ait
710 2697 749 2731 in
770 2698 961 2733 annalium
981 2709 1130 2733 suorum
1148 2697 1349 2743 principio,
1370 2697 1436 2731 ubi
1456 2696 1549 2730 dicit
1574 2707 1612 2730 se
1631 2696 1767 2730 vidisse
1786 2696 1826 2730 in

264 2750 401 2784 somnis
427 2749 627 2784 Homerum
652 2750 839 2785 dicentem
864 2750 977 2786 fuisse
1003 2751 1192 2796 quondam
1216 2761 1397 2796 pavonem
1424 2751 1461 2784 et
1480 2760 1524 2783 ex
1543 2759 1586 2783 00
1605 2749 1826 2784 translatam

264 2802 302 2836 in
323 2813 360 2837 se
381 2803 544 2837 animam
565 2813 643 2838 esse
663 2804 865 2838 secundum
884 2803 1121 2850 Pythagorae
1140 2803 1354 2849 philosophi
1374 2802 1654 2838 definitionem?

418 2928 470 2964 15
503 2926 594 2964 fiere
620 2928 847 2975 scripsimus
873 2930 906 2965 et
931 2939 995 2976 eqo
1022 2931 1056 2965 et
1079 2929 1110 2966 I
1112 2929 1279 2976 lberyius
1310 2928 1390 2965 coll.
1416 2939 1449 2965 v.
1472 2936 1556 2973 354
