2020 3334
339 170 506 206 LXXXII
755 172 757 174 '
895 169 923 204 I.
949 167 1176 204 HISTORIA
1194 167 1334 203 ENNH

340 284 490 322 ministi
509 282 710 330 plurimas
735 281 922 325 lectiones,
953 280 1092 329 quibus
1115 291 1236 328 usque
1261 279 1388 319 adhuc
1410 282 1586 319 versatus
1611 292 1662 326 es,
1692 280 1906 320 comoedias

339 342 556 386 Atellanas,
586 343 756 379 oratores
785 342 955 378 veteres.
976 369 985 378 .
1006 370 1015 378 .
1042 339 1145 388 Quid
1174 341 1295 388 iyitur
1319 339 1478 377 Ennius
1509 341 1583 388 eyit
1612 352 1724 388 quem
1754 340 1905 389 leyisti?

341 401 435 449 quid
466 400 685 448 trayoediae
716 399 769 437 ad
799 410 952 437 versum
981 398 1197 437 sublimiter
1226 398 1459 447 faciundum
1489 400 1523 437 te
1555 399 1763 438 iuverunt?
1799 398 1906 437 fflud

342 472 497 509 quoque
522 459 598 497 huc
622 459 807 508 pertinet,
839 460 884 496 ut
914 458 1166 508 intelligatur
1198 471 1275 507 quo
1307 457 1446 496 ardore
1477 458 1564 495 tum
1587 458 1772 497 Enniana
1802 460 1904 496 trac-

340 519 420 557 tari
451 519 570 557 solita
595 519 687 567 sint,
719 517 824 567 quod
849 518 900 555 M.
920 517 1146 556 Antoninus
1171 517 1282 555 iubet
1305 517 1547 555 Frontonem
1570 529 1602 554 11
1624 530 1662 567 p.
1685 519 1768 556 104
1779 529 1836 567 sq.
1855 517 1904 555 N.

340 580 446 616 mitte
476 578 573 616 mihi
603 577 755 626 aliauid
792 577 894 626 quod
923 577 993 615 tibi
1024 577 1321 615 disertissimum
1351 576 1530 614 videatur
1560 576 1661 624 quod
1693 577 1818 625 leyam
1847 577 1907 615 vel

340 640 451 675 tuum
470 640 539 676 aut
560 636 718 676 Catonis
739 667 746 674 .
767 666 776 674 .
798 667 806 674 .
826 639 895 675 aut
910 639 1049 685 poetae
1074 636 1252 674 alicuius.
1278 631 1404 690 χρῄζω
1429 633 1503 686 γὰρ
1522 632 1754 686 ἀναπαύλης
1773 639 1807 674 et
1824 647 1907 674 ma-

340 698 442 735 xime
476 697 544 735 hoc
570 708 693 745 ‚oenus
724 707 822 744 quae
852 707 912 734 me
942 696 1048 734 lectio
1080 695 1234 734 extollat
1263 698 1297 733 et
1327 695 1526 743 diffundat
1555 692 1597 732 ἐκ
1627 699 1705 732 τῶν
1734 697 1907 745 κατειλη-

347 761 480 806 φυιῶν
505 754 739 807 φροντίδων.
765 755 902 793 Etiam
925 756 961 793 si
980 754 1156 793 Lucretii
1175 757 1244 792 aut
1262 754 1373 792 Enni
1399 756 1573 801 excerpta
1597 754 1713 792 habes
1732 751 1909 804 εὔφωνα,

342 814 495 866 στιφρά,
522 817 556 853 et
579 815 703 853 sicubi
728 812 857 865 ἤθους
875 811 1073 864 ἐμφάσεις.
1099 813 1213 851 Unde
1231 813 1483 864 intelligitur,
1509 815 1646 862 poetas
1666 812 1907 862 Lucretium,

345 874 519 911 Ennium
544 887 623 912 non
647 874 729 912 iam
754 875 859 912 totos
885 874 965 924 legi
990 873 1058 911 sed
1083 875 1266 922 excerpta
1292 885 1338 910 ex
1362 873 1424 920 iis,
1457 872 1592 921 qualia
1618 872 1766 910 Fronto
1791 885 1908 922 para-

341 933 425 971 bat.
465 931 542 977 Qui
573 932 669 982 quid
700 932 751 971 ad
781 932 878 971 haec
908 932 1157 982 responderit
1187 927 1243 984 (p.
1267 932 1368 979 106,
1389 927 1434 984 4)
1466 931 1676 970 molestum
1707 933 1766 970 est
1804 931 1909 981 quod

342 1005 421 1030 non
458 993 555 1031 satis
592 992 735 1041 dispici
765 994 907 1041 potest.
946 990 1050 1036 Quid
1088 991 1193 1040 quod
1216 991 1268 1028 M.
1297 989 1440 1029 Caesar
1477 990 1527 1028 ad
1553 990 1794 1029 Frontonem
1819 1003 1861 1030 lv
1882 991 1905 1028 2

345 1046 400 1105 (p.
418 1046 549 1104 61N.)
570 1051 707 1089 scribit
719 1050 812 1089 Sota
831 1051 1045 1089 Ennianus
1063 1051 1249 1089 remissus
1268 1062 1293 1088 a
1312 1053 1346 1088 te
1365 1053 1398 1088 et
1416 1051 1458 1088 in
1478 1050 1612 1087 charta
1623 1051 1787 1097 puriore
1801 1052 1910 1088 etvo-

342 1111 488 1149 lumine
520 1112 692 1159 qratiore
716 1113 751 1149 et
773 1111 902 1149 littera
925 1111 1119 1158 festiviore
1143 1122 1261 1158 quam
1280 1112 1395 1148 antea
1418 1110 1550 1157 fuerat
1573 1109 1735 1147 videtur.
1760 1109 1909 1147 Fronto

346 1171 473 1220 igitur
503 1183 650 1208 novum
675 1170 882 1219 ’exemplar
914 1169 1032 1208 Sotae
1064 1169 1239 1207 Enniani
1270 1181 1294 1206 a
1325 1181 1365 1207 se
1396 1167 1638 1217 descriptum
1672 1170 1712 1206 et
1747 1168 1909 1217 pulchre

344 1229 582 1267 adornatum
613 1229 664 1267 ad
697 1228 904 1267 Caesarem
934 1229 1099 1276 remisit,
1132 1227 1463 1277 quemadmodum
1488 1226 1636 1265 Fronto
1668 1228 1710 1265 in
1742 1227 1910 1277 epistola

343 1288 395 1326 ad
406 1288 458 1326 M.
475 1287 682 1326 Caesarem
696 1300 710 1325 1
727 1289 748 1326 7
766 1283 821 1341 (p.
844 1289 899 1326 20
913 1282 981 1340 N.)
998 1286 1175 1326 Caesaris
1195 1300 1315 1325 manu
1335 1286 1574 1336 descriptam
1591 1286 1804 1325 Frontonis
1824 1299 1909 1324 ora-

345 1348 496 1385 tionem
526 1348 681 1398 magnis
713 1346 897 1385 laudibus
929 1348 1051 1395 effert,
1083 1349 1128 1384 ut
1158 1346 1327 1395 denique
1358 1347 1417 1384 ita
1448 1346 1556 1384 dicat
1586 1347 1786 1394 contigisse
1817 1346 1911 1394 quid

345 1407 420 1445 tale
450 1407 511 1444 M.
536 1407 673 1445 Porcio
705 1409 775 1445 aut
806 1406 946 1455 Quinto
984 1407 1118 1444 Ennio
1153 1408 1222 1444 aut
1254 1404 1295 1444 0.
1324 1404 1498 1444 Graccho
1534 1408 1604 1443 aut
1637 1405 1736 1443 Titio
1763 1407 1910 1452 poetae.

346 1461 424 1519 (De
446 1478 524 1516 qua
543 1478 586 1504 re
605 1465 695 1503 vide
715 1479 751 1515 p.
774 1477 870 1504 xxv1
891 1478 991 1514 quae
1011 1465 1059 1504 de
1078 1464 1348 1514 Lampadione
1368 1458 1540 1517 scripsi).
1565 1464 1655 1502 Non
1675 1463 1911 1515 negligenda

346 1527 438 1563 sunt
465 1537 567 1574 quae
592 1525 640 1563 de
665 1537 759 1563 voce
791 1525 996 1563 modulata
1022 1524 1171 1563 Fronto
1203 1524 1254 1562 ad
1278 1524 1527 1562 Antoninum
1557 1523 1604 1561 de
1633 1524 1860 1573 eloquentia
1887 1523 1910 1561 3

345 1598 383 1634 p.
398 1585 480 1622 149
489 1584 538 1621 Ν.
553 1585 731 1634 exponit:
746 1586 847 1623 vocis
860 1584 1080 1623 modulatae
1094 1586 1285 1622 amatores
1290 1584 1447 1631 primas
1461 1583 1616 1621 audisse
1628 1584 1810 1630 ferwntur
1822 1594 1912 1621 aves

346 1655 488 1682 vernas
513 1644 597 1681 luco
622 1655 753 1692 opaco,
770 1647 862 1692 post
878 1646 1058 1691 pastores
1082 1654 1212 1682 recens
1236 1643 1397 1690 repertis
1421 1643 1564 1689 fistulis
1587 1653 1628 1680 se
1656 1644 1768 1690 atque
1790 1653 1912 1689 pecus

344 1703 600 1741 oblectabant:
623 1704 730 1741 visae
754 1703 909 1750 fistulae
933 1703 1042 1751 lonye
1067 1703 1204 1741 avibus
1229 1701 1502 1740 modulatiores
1522 1731 1530 1739 .
1552 1731 1560 1738 .
1580 1702 1912 1739 murmurantium

345 1762 492 1800 voculis
523 1763 566 1800 in
596 1763 680 1800 luco
712 1762 946 1810 eloquentiae
971 1761 1217 1800 oblectantur.
1250 1761 1429 1799 Ennium
1460 1760 1597 1799 deinde
1628 1763 1662 1798 et
1685 1759 1849 1799 Accium
1880 1763 1914 1798 et

346 1821 574 1859 Lucretium
599 1822 787 1869 ampliore
811 1823 892 1860 iam
916 1822 1066 1870 may-itu
1084 1821 1334 1869 personantis
1359 1822 1487 1858 tamen
1506 1819 1679 1858 tolerant.
1704 1819 1751 1857 In
1772 1819 1913 1869 quibus

350 1880 399 1918 ob
426 1880 622 1919 defectum
648 1881 817 1919 maxime
844 1881 913 1930 qui
939 1883 998 1918 est
1017 1882 1110 1918 ante
1128 1880 1461 1917 murmurantium
1480 1879 1689 1917 consilium
1709 1879 1912 1928 scriptoris

351 1940 481 1977 fateor
505 1940 605 1977 mihi
630 1953 709 1978 non
734 1941 852 1989 plane
878 1942 1070 1987 constare,
1096 1939 1164 1978 sed
1187 1939 1315 1976 videri
1340 1939 1407 1989 agi
1425 1939 1467 1976 in
1486 1939 1567 1977 illis
1589 1950 1686 1987 quos
1706 1937 1803 1976 dicit
1822 1950 1913 1987 poe—

347 1999 399 2037 tis
426 1999 472 2036 de
498 2000 824 2048 pronuntiatione
849 1999 913 2037 vel
938 1999 1183 2037 recitatione.
1215 1997 1317 2036 Utut
1348 2000 1418 2046 est,
1449 1999 1554 2036 inter
1579 2010 1644 2036 eos
1675 1999 1813 2046 poetas
1845 1998 1915 2046 qui

347 2058 513 2107 plurimi
544 2059 816 2107 aestimantur,
849 2071 1044 2107 nusquam
1081 2071 1160 2096 non
1192 2057 1344 2095 Ennius
1375 2059 1550 2095 vocatur.
1588 2056 1645 2094 Ut
1676 2056 1915 2105 complectar

349 2118 534 2155 universa
553 2116 701 2156 iudicia
721 2119 866 2166 omnia,
885 2131 922 2167 p.
944 2118 1025 2155 113
1048 2130 1136 2155 cum
1154 2119 1297 2166 poetae
1318 2115 1413 2165 quid
1432 2117 1586 2166 proprii
1598 2115 1771 2154 habeant
1783 2127 1914 2154 recen-

351 2179 411 2214 set
436 2178 478 2214 in
496 2178 622 2224 poetis
647 2178 780 2226 inquit
805 2179 891 2225 quis
916 2178 1071 2226 iynorat
1095 2179 1139 2214 ut
1158 2176 1320 2225 yracilis
1337 2177 1389 2214 sit
1407 2175 1600 2219 Lucilius,
1625 2173 1816 2213 Albucius
1835 2175 1915 2212 ari-

349 2235 435 2280 dus,
459 2236 637 2274 sublimis
656 2236 878 2281 Lucretius,
896 2236 1099 2275 mediocris
1117 2236 1326 2280 Pacuvius,
1345 2235 1564 2283 inaequalis
1582 2233 1738 2278 Accius,
1757 2234 1916 2272 Ennius

349 2295 612 2343 multiformis.
645 2294 754 2340 Quae
778 2296 1002 2345 proprietas
1028 2295 1113 2333 stiJi
1138 2295 1312 2333 Enniani
1338 2307 1416 2343 qua
1442 2306 1483 2332 re
1514 2294 1684 2332 maxime
1716 2293 1916 2331 continea-

350 2356 417 2391 tur
442 2353 605 2392 dubium
631 2356 701 2402 est,
727 2356 806 2393 nisi
830 2355 933 2393 forte
958 2354 1060 2392 illud
1085 2354 1183 2392 dicit
1207 2354 1381 2392 Ennium
1411 2354 1480 2402 qui
1510 2353 1637 2391 multa
1668 2353 1915 2400 multumque

351 2412 561 2451 dissimilia
592 2426 737 2465 genera
771 2415 901 2463 poesis
934 2414 1126 2452 tractavit
1156 2413 1302 2451 multas
1334 2412 1481 2450 formas
1513 2412 1705 2450 orationis
1737 2411 1914 2449 coluisse.

352 2472 406 2510 Et
430 2485 467 2521 p.
490 2473 541 2510 62
570 2475 722 2511 veteres
755 2474 967 2522 scriptores
1000 2474 1205 2511 enumerat
1230 2472 1299 2521 qui
1328 2484 1368 2510 se
1398 2472 1442 2509 in
1473 2471 1642 2509 laborem
1671 2470 1917 2517 studiumque

352 2534 387 2570 et
403 2532 626 2579 periculum
650 2533 767 2571 verba
792 2533 1069 2571 industriosius
1094 2531 1305 2580 quaerendi
1324 2531 1592 2574 commiserint,
1617 2528 1686 2567 ubi
1706 2529 1803 2567 haec
1822 2529 1915 2567 scri-

351 2590 412 2628 bit
427 2587 527 2643 (iam
546 2603 666 2640 supra
684 2605 722 2641 p.
737 2604 834 2630 xxv1
852 2593 1016 2641 propter
1030 2590 1208 2629 Coelium
1227 2584 1409 2642 laudata)
1430 2592 1628 2627 oratorum
1639 2590 1731 2636 post
1747 2589 1917 2626 homines

352 2653 465 2688 natos
488 2661 593 2688 wnus
618 2652 790 2689 onmium
809 2651 869 2688 M.
888 2651 1051 2689 Porcius
1071 2651 1225 2698 eiusque
1248 2651 1429 2698 frequens
1453 2650 1614 2687 sectator
1635 2647 1676 2686 Ο.
1695 2647 1918 2692 Sallustius

346 2711 554 2762 ¹poetarum
577 2710 744 2747 maxime
768 2710 946 2755 Plautus,
975 2709 1094 2747 multo
1119 2710 1359 2757 maoeimeque
1384 2708 1542 2746 Ennius
1568 2718 1727 2755 eumque
1750 2706 1918 2745 studiose

355 2769 573 2806 aemulatus
598 2768 649 2806 L.
671 2768 835 2814 Coelius,
859 2780 928 2807 nec
952 2780 1030 2806 non
1049 2768 1237 2813 Naevius,
1262 2768 1483 2811 Lucretius,
1507 2765 1651 2804 Accius
1671 2767 1797 2810 etiam,
1825 2763 1918 2803 an—

355 2827 481 2872 cilius,
506 2827 703 2865 Laberius
727 2839 885 2876 quoque.

476 2886 536 2923 Ex
560 2887 728 2937 singulis
755 2886 995 2925 carminibus
1020 2886 1142 2924 Ennii
1166 2888 1324 2936 praeter
1342 2885 1475 2924 Solam
1502 2896 1621 2933 supra
1646 2885 1920 2931 memoratum,
