2004 3278
607 210 775 247 NOVAE
801 212 1042 250 EDITIONIS
1068 214 1286 250 SUBSIDIA
1589 217 1731 253 CXLm

171 336 217 362 ea
242 325 328 361 tum
353 322 512 373 quidem
531 323 654 361 etiam
673 324 858 373 sperabat
877 337 916 364 se
938 326 1149 376 aliquando
1169 339 1328 366 usurum
1350 341 1431 367 esse
1451 329 1502 367 ad
1519 331 1729 369 restituen-

172 383 267 421 dum
290 383 394 420 hunc
420 383 748 421 commentarium
773 384 815 421 in
841 397 918 434 quo
945 386 1186 425 emendando
1212 388 1367 425 tantam
1393 390 1432 426 et
1462 391 1545 426 tam
1577 389 1728 428 diutur-

170 455 263 481 nam
288 454 423 480 curam
448 442 644 491 posuerat.
671 441 779 487 Quae
806 454 891 492 spes
919 444 1106 493 quoniam
1130 446 1247 484 irrita
1271 446 1377 484 facta
1401 449 1460 486 est
1478 461 1604 497 neque
1624 449 1730 498 quis-

171 514 302 551 quam,
327 501 420 539 licet
444 500 563 539 multi
587 501 796 550 voluerint,
821 501 863 538 in
889 502 971 541 eius
996 503 1126 541 locum
1145 505 1340 554 successit,
1365 505 1533 544 Paulum
1552 507 1729 546 Wessne-

169 573 259 598 rum
290 560 372 598 adii
403 573 519 609 quem
554 559 761 598 constabat
798 562 906 598 omni
943 574 1017 610 ope
1055 562 1317 601 subsidiorum
1355 565 1519 603 collecta
1556 567 1729 605 eiusdem

171 620 382 658 commenti
415 620 682 658 recensionem
713 621 945 669 suscepisse:
976 621 1089 670 isque
1122 622 1220 659 mihi
1251 635 1297 660 ex
1328 624 1408 661 suis
1445 624 1643 663 codicibus
1678 626 1728 664 ad

170 691 305 718 versus
330 679 533 718 Ennianos
560 691 582 716 a
607 678 765 716 Donato
791 679 933 717 citatos
960 692 1060 728 quae
1086 681 1175 718 usui
1200 683 1328 719 essent
1358 681 1575 721 liberaliter
1605 685 1728 722 tradi-

171 738 240 776 dit.
278 738 513 787 Nuperrime
537 750 631 776 vero
659 739 871 787 postquam
902 738 1126 789 fragmenta
1151 740 1334 777 Enniana
1367 753 1390 778 a
1420 755 1481 779 me
1513 742 1618 780 edita
1649 745 1730 781 iam

170 797 324 846 pridem
348 797 459 847 prelo
486 796 671 835 defuncta
696 798 799 845 sunt,
827 798 946 835 etiam
972 798 1104 846 ipsum
1130 801 1393 837 commentum
1418 800 1566 839 Donati
1591 803 1633 839 in
1657 802 1727 840 Te-

169 857 290 894 rentii
321 856 418 894 duas
450 855 611 905 quidem
642 856 862 894 comoedias
891 870 912 894 a
938 856 1146 895 Wessnero
1178 858 1426 896 emendatum
1457 860 1584 898 lucem
1616 861 1727 899 vidit.

287 915 468 965 Denique
499 915 619 954 verbo
658 915 868 954 dicendum
900 917 959 954 est
996 916 1043 954 de
1073 916 1218 955 Isidori
1248 917 1495 967 Hispalensis
1533 919 1730 970 originum

170 974 293 1024 libris,
319 975 399 1024 qui,
425 974 459 1013 si
486 974 534 1013 ab
559 974 732 1013 Arevalo
757 976 798 1013 et
822 975 1104 1014 vetustioribus
1130 977 1345 1025 recesseriS,
1370 990 1448 1015 non
1474 980 1628 1017 exstant
1652 980 1730 1017 nisi

168 1035 211 1072 in
230 1035 430 1073 volumine
449 1034 567 1073 tertio
588 1035 761 1084 corporis
781 1035 1130 1085 grammaticorum
1143 1034 1376 1074 Latinorum
1389 1035 1730 1087 Lindemanniani,

170 1093 213 1132 F.
228 1093 289 1131 W.
306 1091 465 1132 Ottonis
485 1106 591 1142 cura,
611 1095 657 1132 ut
677 1093 734 1132 ait
752 1094 833 1143 ille,
853 1094 1096 1133 emaculatus
1117 1089 1170 1148 (a.
1194 1089 1344 1148 1833):
1371 1097 1479 1134 cuius
1499 1108 1592 1134 cura
1612 1110 1730 1146 quam

169 1166 247 1191 non
273 1153 510 1192 satisfecerit
534 1153 625 1191 huic
649 1153 803 1191 muneri
827 1166 941 1192 nemo
967 1154 1138 1204 ignorat,
1164 1166 1209 1192 ac
1235 1154 1388 1204 pridem
1412 1155 1548 1194 multis
1574 1156 1620 1194 de
1641 1168 1728 1194 cau-

169 1213 222 1251 sis
249 1212 514 1263 exoptandum
534 1214 631 1261 erat,
656 1214 702 1250 ut
726 1212 799 1252 hoc
825 1225 922 1262 opus
948 1213 1097 1264 insigni
1115 1214 1309 1252 varietate
1328 1226 1458 1252 rerum
1478 1216 1730 1264 conspicuum

171 1272 385 1321 aliquando
412 1272 517 1310 sanis
542 1272 763 1310 rationibus
790 1274 830 1310 et
855 1272 905 1310 ad
928 1271 1046 1310 fidem
1070 1272 1232 1311 testium
1257 1272 1299 1310 in
1323 1273 1532 1322 pristinam
1563 1274 1729 1312 formam

168 1332 454 1370 restitueretur.
488 1331 563 1369 Sed
589 1331 657 1381 qui
682 1331 755 1370 hoc
788 1331 995 1370 consilium
1027 1334 1185 1382 ceperat
1214 1332 1437 1382 multosque
1468 1333 1547 1371 iam
1579 1333 1728 1372 codices

172 1391 213 1428 in
240 1404 328 1429 eum
355 1403 468 1429 usum
493 1391 782 1441 perquisiverat
801 1393 840 1429 et
859 1391 1082 1429 contulerat
1102 1386 1211 1444 (vide
1229 1391 1461 1430 Mommseni
1481 1392 1530 1430 ad
1552 1392 1729 1431 Solinum

168 1445 330 1503 praefi),
367 1450 619 1489 Bernhardus
653 1450 891 1499 Kueblerus,
929 1463 1054 1500 nuper
1089 1452 1301 1500 postquam
1337 1450 1579 1490 vocabularii
1615 1452 1729 1490 iuris-

168 1509 402 1559 prudentiae
428 1509 569 1560 grandi
593 1510 722 1548 hercle
749 1509 858 1559 operi
883 1512 922 1547 et
940 1509 1102 1559 perutili
1122 1510 1382 1560 perpetrando
1402 1512 1528 1549 totum
1549 1522 1588 1548 se
1608 1510 1728 1559 dedit,

168 1568 363 1607 Isidorum
395 1569 475 1607 iuri
506 1569 731 1607 condonans
764 1569 812 1607 ab
845 1581 890 1608 eo
923 1582 1095 1617 munere,
1127 1570 1189 1607 cui
1220 1582 1293 1619 par
1325 1571 1364 1607 et
1394 1571 1556 1620 paratus
1588 1570 1729 1618 fuerat,

170 1628 347 1666 recessit:
372 1630 507 1666 tamen
532 1628 636 1667 idem
661 1628 759 1666 mihi
786 1628 835 1666 ad
854 1628 1043 1677 reliquias
1064 1628 1183 1666 Ennii
1204 1641 1301 1678 quas
1321 1628 1495 1667 Isidorus
1516 1629 1630 1667 affert
1649 1630 1729 1668 iam

167 1689 330 1737 paratas
355 1687 534 1726 codicum
559 1689 692 1738 copias
718 1701 795 1726 non
821 1687 971 1726 invitus
996 1687 1167 1726 reclusit.

288 1747 638 1786 Enumerationem
662 1748 764 1786 hanc
798 1747 1061 1786 subsidiorum
1094 1747 1235 1796 quibus
1267 1748 1309 1785 in
1339 1747 1584 1786 recensendis
1610 1747 1729 1785 Ennii

168 1805 345 1844 versibus
370 1806 431 1845 uti
456 1807 571 1845 licuit
600 1819 679 1845 non
712 1806 848 1845 finiam
879 1806 956 1845 nisi
984 1806 1142 1858 Georgii
1169 1805 1322 1845 Goetzii
1345 1806 1619 1846 benevolentia
1643 1807 1728 1844 lau-

168 1865 274 1915 data,
301 1878 379 1915 qua
403 1866 436 1904 is
462 1868 634 1914 corporis
654 1867 936 1915 ylossariorum
955 1866 1203 1911 Latinorum,
1227 1867 1271 1904 in
1296 1866 1399 1915 quod
1418 1868 1509 1916 post
1527 1865 1727 1904 Loewium

168 1926 230 1963 tot
255 1937 447 1964 annorum
473 1925 647 1964 studium
672 1926 877 1975 impendit,
909 1925 1125 1974 volumina,
1157 1925 1213 1963 sic
1238 1927 1283 1963 ut
1311 1925 1492 1964 absoluta
1524 1927 1647 1974 erant,
1678 1924 1729 1963 ad

168 1997 229 2022 1ne
254 1985 412 2023 mittere
437 1985 565 2023 voluit
590 1997 678 2023 cum
703 1986 833 2023 cetera
858 1987 943 2022 tum
969 1984 1150 2034 inprimis
1183 1986 1346 2032 sextum,
1378 1984 1482 2033 quod
1514 1986 1573 2022 est
1602 1984 1729 2022 instar

169 2044 357 2094 omnium,
383 2044 492 2083 cuius
517 2046 650 2094 partes
677 2044 776 2083 duae
804 2038 856 2097 (a.
880 2045 991 2082 1899
1014 2045 1053 2082 et
1075 2045 1187 2082 1900
1209 2038 1355 2096 editae)
1382 2043 1456 2081 etsi
1482 2055 1526 2081 eo
1552 2044 1727 2092 tempore

169 2102 219 2141 ad
243 2116 306 2141 me
330 2105 523 2142 venerunt
548 2116 626 2153 quo
651 2103 842 2153 reliquiae
868 2103 1073 2142 Ennianae
1100 2115 1123 2141 a
1147 2116 1208 2140 me
1233 2102 1474 2152 perscriptae
1502 2102 1582 2139 iam
1612 2102 1727 2151 typo-

168 2162 368 2201 thetarum
392 2175 532 2201 manus
558 2163 801 2211 exercebant,
825 2164 959 2201 tamen
985 2164 1018 2201 si
1043 2175 1143 2211 quae
1169 2162 1321 2212 glossae
1349 2159 1537 2199 indicium
1563 2161 1727 2210 originis

169 2221 375 2260 Ennianae
400 2223 519 2272 paulo
545 2221 690 2261 certius
715 2235 810 2272 prae
836 2235 876 2261 se
902 2222 1092 2269 ferebant,
1118 2221 1310 2270 quantum
1336 2221 1418 2258 eius
1443 2219 1528 2257 fieri
1558 2220 1726 2269 poterat,

169 2280 382 2319 adiuvante
408 2294 470 2319 me
495 2281 736 2332 Plasbergio,
763 2283 968 2331 excerptae
994 2282 1033 2318 et
1058 2281 1137 2318 suis
1163 2279 1260 2317 locis
1287 2279 1497 2317 adnotatae
1523 2280 1624 2316 sunt.

286 2340 361 2379 His
387 2340 570 2380 subsidiis
597 2340 755 2380 adiutus
782 2342 820 2379 et
838 2338 1114 2378 benevolentia
1133 2338 1336 2377 doctorum
1356 2337 1605 2376 confirmatus
1625 2337 1726 2374 hanc

168 2400 356 2438 iteratam
380 2401 646 2439 recensionem
671 2400 943 2438 Ennianarum
967 2397 1224 2446 reliquiarum
1249 2397 1432 2447 perficere
1457 2398 1503 2434 ut
1526 2397 1639 2446 potui
1664 2408 1726 2434 co-

168 2458 308 2497 nabar:
333 2460 376 2497 in
395 2472 474 2509 qua
492 2460 594 2498 hanc
612 2460 710 2498 mihi
729 2460 857 2509 legem
876 2458 1026 2507 scripsi,
1050 2458 1222 2506 primum
1241 2458 1286 2494 ut
1304 2457 1532 2495 testimonia
1550 2457 1726 2493 veterum

169 2519 350 2556 accurate
383 2520 422 2557 et
453 2531 542 2557 cum
572 2518 648 2557 fide
679 2518 1011 2569 perscriberentur
1041 2517 1100 2554 ita
1131 2515 1289 2565 quidem
1318 2517 1365 2554 ut
1396 2517 1436 2553 et
1460 2527 1536 2564 quo
1563 2514 1725 2553 consilio

167 2589 302 2616 versus
328 2577 449 2615 Ennii
474 2578 708 2616 afferrentur
733 2579 772 2616 et
797 2589 874 2626 qua
899 2576 1027 2613 forma
1053 2588 1076 2613 a
1101 2576 1182 2613 suis
1208 2574 1433 2613 auctoribus
1459 2575 1573 2612 allati
1598 2574 1726 2611 essent

168 2635 265 2675 satis
297 2637 402 2675 certo
434 2638 654 2687 appareret,
691 2650 771 2675 non
803 2648 878 2685 quo
910 2647 1064 2673 omnem
1095 2635 1314 2683 scripturae
1345 2633 1647 2683 discrepantiam
1680 2643 1724 2668 ex

169 2694 364 2734 editorum
389 2696 501 2734 libris
526 2696 625 2734 mihi
650 2694 902 2745 repetendam
929 2706 1124 2732 censerem
1153 2693 1220 2731 sed
1252 2694 1345 2742 quia
1376 2694 1532 2730 tantum
1564 2690 1723 2728 afferen-

169 2754 262 2792 dum
287 2754 381 2792 duxi
405 2757 599 2804 quantum
624 2767 721 2805 opus
748 2754 849 2792 esset
874 2752 924 2791 ad
949 2766 1032 2790 rem
1057 2752 1321 2799 iudicandam,
1353 2750 1491 2789 deinde
1522 2750 1567 2786 ut
1596 2749 1638 2786 in
1668 2748 1723 2785 al-

167 2814 253 2851 tera
284 2813 558 2864 adnotatione,
589 2815 630 2852 in
662 2826 741 2863 qua
771 2824 871 2862 quae
901 2813 1006 2850 recte
1040 2812 1188 2861 scripta
1219 2812 1258 2849 et
1290 2811 1447 2859 recepta
1478 2808 1605 2846 essent
1636 2819 1723 2844 cum

168 2872 393 2912 auctoribus
418 2875 498 2912 suis
523 2872 764 2923 perhibenda
783 2871 896 2909 erant
916 2865 1060 2923 (neque
1081 2871 1184 2908 enim
1204 2882 1333 2907 meum
1354 2880 1434 2906 esse
1454 2866 1592 2915 putavi
1612 2864 1721 2913 quid-

169 2931 263 2981 quid
288 2944 312 2969 a
331 2944 576 2982 quocumque
595 2932 834 2981 temptatum
854 2932 939 2968 erat
958 2923 1217 2982 enumerare),
1243 2940 1320 2966 non
1340 2927 1573 2973 omitterem,
1599 2936 1721 2974 quan-

1775 2974 1779 3000 'o
