2054 3282
881 195 1003 231 soer
1632 194 1718 235 217
1757 164 1759 166 ⁵

868 356 1015 400 SOTA

935 475 950 507 I

162 536 219 578 25
281 535 408 578 Ibant
433 536 582 578 malaci
610 536 722 578 viere
748 535 975 578 Veneriam
1002 534 1217 577 corollam.

923 652 956 686 Π

162 715 217 756 26
778 712 934 768 Cyprio
962 712 1062 754 bovi
1089 713 1331 754 merendam

914 830 963 863 1Ιῖ

161 894 215 934 27
279 892 402 934 Alius
430 893 472 933 in
499 891 606 933 mari
632 893 724 933 vult
750 906 905 947 magno
932 893 1075 932 tenere
1101 893 1270 932 tonsam

674 1037 677 1041 .
917 1007 967 1041 IV

159 1072 215 1112 28
561 1070 636 1112 alii
662 1069 873 1112 rhetorica
898 1071 1079 1125 tongent

159 1247 267 1270 cane:
289 1247 375 1270 nam
396 1235 434 1269 et
448 1234 599 1269 Herculi
621 1234 750 1269 eadem
771 1234 844 1269 ista
858 1235 967 1279 porta
980 1234 1155 1279 patuit».’
1260 1233 1342 1268 Duo
1355 1233 1516 1268 disticha
1533 1232 1725 1268 coniunxit

160 1289 326 1334 Scaliger
345 1288 454 1324 catal.
470 1301 505 1333 p.
524 1291 600 1323 187.

279 1371 401 1406 SOTA
439 1371 487 1405 M.
509 1371 643 1406 Caesar
658 1371 705 1405 ad.
719 1371 943 1406 Frontonem
958 1384 994 1405 1v
1009 1374 1028 1404 2
1042 1383 1077 1416 p.
1092 1374 1133 1405 61
1149 1370 1243 1405 Nab.
1259 1370 1269 1387 ‘
1280 1370 1368 1406 Sota
1387 1369 1579 1404 Ennianus
1599 1369 1726 1404 remis-

159 1437 220 1460 sus
241 1436 263 1459 a
282 1427 320 1460 te
341 1426 378 1460 et
397 1425 437 1460 in
458 1425 589 1460 charta
609 1424 759 1470 puriore
775 1426 812 1459 et
825 1424 1011 1459 volumine
1025 1424 1188 1469 gratiore
1209 1425 1246 1458 et
1264 1423 1391 1458 littera
1410 1422 1599 1458 festiviore
1614 1433 1725 1468 quam

159 1479 271 1513 antea
290 1478 413 1514 fuerat
432 1478 605 1512 videtur?
1356 1520 1366 1527 ⁴

276 1532 293 1566 I
313 1533 384 1578 (25)
423 1531 541 1566 Varro
563 1531 609 1566 de
629 1531 652 1565 1.
672 1532 710 1565 L.
725 1544 747 1566 v
769 1535 812 1566 62
833 1531 938 1566 ‘ideo
957 1531 1050 1566 haec
1065 1530 1257 1576 (Victoria)
1273 1542 1356 1565 cum
1377 1541 1512 1565 corona
1532 1531 1570 1565 et
1588 1530 1726 1575 palma,

159 1585 256 1629 quod
286 1596 420 1620 corona
446 1585 608 1619 vinclum
634 1584 770 1629 capitis
798 1586 834 1619 et
857 1585 940 1630 ipsa
960 1595 982 1619 a
1001 1584 1172 1619 vinctura
1193 1584 1331 1618 dicitur
1351 1584 1441 1619 vieri
1461 1584 1500 1618 id
1521 1585 1577 1619 est
1596 1583 1727 1618 vinciri

159 1639 226 1683 (sic
240 1638 435 1683 Scioppius
456 1638 579 1673 viere
600 1649 619 1673 e
629 1650 644 1672 s
654 1639 670 1672 t
689 1638 790 1672 vinc
800 1649 872 1672 ere
891 1638 1013 1683 Flor.),
1029 1648 1051 1672 a
1065 1648 1137 1682 quo
1152 1639 1209 1672 est
1221 1637 1260 1671 in
1275 1636 1363 1671 Sota
1377 1637 1474 1671 Enni
1489 1637 1617 1672 «ibant
1630 1637 1729 1672 mala

158 1693 286 1727 civiere
306 1704 336 1725 v.
351 1692 572 1727 corollam».'
680 1692 811 1727 Festus
832 1702 876 1726 ex
897 1702 1024 1737 apogr.
1039 1691 1062 1725 1.
1078 1704 1124 1725 xx
1144 1703 1179 1735 p.
1196 1693 1275 1733 570,
1291 1694 1334 1725 22
1349 1690 1415 1724 Th.
1434 1690 1551 1725 ‘viere
1572 1690 1728 1735 alligare

160 1745 348 1791 significat
373 1746 415 1779 ut
440 1745 503 1779 hic
528 1756 653 1779 versus
681 1745 912 1780 demonstrat
926 1745 1012 1781 «iba
1031 1766 1072 1769 —
1087 1745 1222 1779 malaci
1240 1744 1334 1779 viere
1353 1756 1383 1777 v.
1404 1744 1609 1786 corollam»,
1629 1743 1728 1777 unde

159 1798 299 1833 vimina
320 1799 357 1833 et
376 1809 464 1833 vasa
485 1798 672 1833 viminea.'
778 1799 923 1843 Fragm.
940 1798 985 1833 de
1005 1797 1133 1832 metris
1153 1797 1193 1832 G.
1207 1798 1244 1831 L.
1258 1797 1300 1831 K.
1313 1810 1350 1831 v1
1362 1809 1398 1842 p.
1412 1800 1490 1840 613,
1505 1800 1547 1831 15
1563 1796 1727 1831 ‘ionicus

160 1851 392 1897 septenarius
408 1851 538 1888 «ibant
558 1853 658 1887 mala
676 1853 791 1887 cluere
810 1864 840 1886 v.
856 1851 1075 1887 coronam»)
1182 1850 1234 1886 Cf.
1249 1850 1392 1885 Nonius
1406 1863 1441 1895 p.
1459 1853 1537 1894 189,
1549 1854 1590 1884 21
1610 1850 1728 1884 ‘viere

159 1905 297 1940 vincire
316 1905 514 1940 inflectere.
530 1905 646 1940 Varro
671 1905 717 1939 de
739 1916 778 1940 re
798 1905 938 1940 rustica
957 1905 1021 1939 lib.
1034 1918 1047 1939 1
1064 1905 1135 1951 [23,
1149 1905 1213 1950 5].’
1237 1903 1272 1939 C.
1289 1903 1344 1938 Gl.
1361 1904 1399 1938 L.
1414 1917 1465 1939 vn
1485 1916 1520 1949 p.
1535 1907 1615 1938 415.
1638 1903 1727 1938 Use-

160 1969 269 1993 nerus
290 1958 412 1993 annal.
429 1958 608 1993 Fleckeis.
625 1971 695 1993 cvn
711 1960 830 2004 (1873)
851 1971 886 2003 p.
904 1962 982 1993 398.

276 2011 309 2045 Π
330 2013 403 2057 (26)
441 2011 579 2046 Paulus
605 2011 707 2046 Festi
733 2024 768 2056 p.
787 2015 844 2054 41,
860 2015 903 2045 25
925 2011 990 2045 Th.
1009 2010 1188 2055 ‘«Cyprio
1214 2010 1301 2045 bovi
1326 2010 1563 2045 merendam»
1584 2009 1726 2044 Ennius

161 2063 335 2099 Sotadico
358 2075 463 2098 versu
490 2075 574 2098 cum
594 2063 690 2099 dixit
709 2064 934 2109 significavit
953 2064 993 2099 id
1012 2064 1112 2108 quod
1133 2063 1228 2099 solet
1247 2064 1327 2098 fieri
1346 2064 1386 2098 in
1405 2063 1528 2098 insula
1548 2063 1668 2108 Cypro
1688 2063 1727 2097 in

161 2128 236 2160 qua
256 2117 367 2151 boves
390 2117 552 2151 humano
580 2119 738 2152 stercore
758 2117 994 2162 'pascuntur’
1130 2116 1183 2152 Cf.
1198 2116 1336 2151 Paulus
1356 2117 1458 2151 Festi
1478 2129 1513 2161 p.
1529 2120 1586 2160 89,
1603 2120 1643 2150 11
1660 2116 1725 2150 Th.

164 2170 393 2204 ‘merendam
407 2170 554 2215 antiqui
568 2170 744 2205 dicebant
757 2181 824 2215 pro
837 2170 1008 2215 prandio,
1020 2170 1119 2214 quod
1133 2170 1277 2205 scilicet
1291 2170 1414 2205 medio
1429 2170 1489 2204 die
1504 2170 1725 2214 caperetur.'

163 2223 318 2258 Plautus
338 2223 496 2258 mostell.
513 2226 580 2258 966
602 2225 639 2258 et
659 2234 754 2267 quae
768 2223 966 2258 Lorenzius
987 2223 1191 2258 adnotavit.
1207 2223 1416 2268 Hesychius
1437 2224 1527 2269 βοῦς
1541 2223 1724 2267 Κύπριος·

162 2276 425 2322 κοπροφοίγος.
444 2306 449 2311 .
466 2275 635 2322 σημαίνει
656 2276 696 2312 δὲ
716 2274 877 2312 ἀτοπίαν
895 2283 968 2312 τῶν
988 2275 1167 2320 Κυπρίων
1183 2305 1188 2311 .
1207 2306 1213 2311 .
1230 2275 1286 2311 ὅτι
1305 2282 1623 2321 κοπροφαγοῦσιν.

280 2330 331 2364 ΠΙ
350 2331 422 2375 (27)
461 2331 592 2365 Festus
612 2342 647 2375 p.
665 2334 743 2373 540,
758 2334 780 2365 4
794 2330 860 2364 Th.
879 2330 1045 2365 ‘tonsam
1070 2329 1211 2364 Ennius
1240 2329 1429 2375 significat
1454 2340 1606 2373 remum,
1629 2330 1728 2374 quod

167 2383 274 2427 quasi
294 2383 495 2418 tondeatur
514 2383 622 2427 ferro,
644 2395 726 2418 cum
746 2383 800 2418 ait
819 2383 842 2417 l.
857 2396 908 2418 v11
928 2383 1040 2429 [230]
1062 2382 1151 2418 item
1174 2383 1273 2429 [ann.
1290 2383 1374 2429 231]
1396 2384 1434 2418 et
1453 2383 1492 2418 in
1511 2387 1643 2419 nasota
1664 2383 1727 2429 (in

163 2435 269 2471 Sota
290 2436 330 2470 O.
351 2436 551 2471 Muellerus
571 2449 606 2482 p.
623 2439 705 2482 413)
721 2436 840 2473 «alius
857 2465 862 2470 .
878 2465 883 2470 .
899 2465 904 2470 .
920 2437 1117 2472 tonsam».'

278 2489 329 2523 IV
344 2490 415 2535 (28)
453 2490 591 2524 Paulus
606 2490 707 2525 Festi
720 2502 755 2535 p.
769 2493 848 2533 539,
865 2493 884 2524 6
899 2490 965 2523 Th.
983 2490 1157 2535 ‘tongere
1177 2501 1284 2525 nosse
1305 2492 1371 2533 est,
1392 2501 1479 2525 nam
1494 2490 1727 2525 Praenestini

161 2542 410 2587 tongitionem
437 2542 566 2578 dicunt
585 2543 786 2578 notionem.
808 2542 948 2577 Ennius
969 2543 1060 2579 «alii
1079 2543 1264 2578 rhetorica
1284 2544 1491 2589 tongent».'
1514 2544 1644 2579 Festus
1662 2544 1672 2560 ‘
1684 2565 1726 2569 -—

164 2617 205 2621 —-
221 2595 257 2630 lo
273 2595 328 2630 ait
346 2606 496 2630 noscere
517 2607 595 2630 esse
613 2596 615 2642 1
634 2618 676 2622 -
693 2618 736 2622 -
750 2596 891 2630 tionem
912 2596 1040 2631 dicant
1059 2607 1125 2641 pro
1145 2607 1192 2631 no
1210 2596 1213 2643 1
1231 2617 1274 2622 -—
1291 2618 1334 2622 —
1349 2597 1424 2631 tius
1445 2596 1640 2632 dominari.
1657 2597 1728 2630 En-

161 2648 244 2683 nius
262 2649 266 2695 Ι
283 2670 327 2674 -
349 2670 391 2674 -
413 2650 620 2695 tongent».'
744 2649 960 2684 Sotadicum
981 2650 1134 2695 agnovit
1154 2649 1320 2696 Scaliger
1340 2650 1494 2685 coniect.
1511 2650 1549 2684 in
1564 2650 1667 2684 Varr.
1683 2649 1729 2683 de

160 2701 183 2735 l.
199 2702 237 2735 L.
252 2714 288 2746 p.
305 2705 361 2746 28,
381 2702 446 2746 qui
465 2702 563 2737 hunc
584 2714 667 2737 cum
688 2702 875 2747 superiore
896 2702 1096 2738 coniunxit.

282 2874 334 2910 28
368 2873 560 2912 Putabam
586 2875 676 2912 ole'm
708 2873 775 2912 alii
804 2868 1018 2926 (denique)
1045 2874 1241 2914 rhetorica
1266 2877 1307 2919 t„
1334 2877 1377 2913 ut
1406 2874 1605 2913 rhetorica
1632 2877 1728 2913 esset

161 2933 480 2980 quemadmodum
498 2932 707 2972 Hectorem
727 2934 825 2972 dixit
842 2933 1002 2973 Ennius
1019 2946 1118 2972 scen.
1135 2931 1186 2970 82
