2054 3282
341 196 396 237 36
889 188 1148 224 ANNALIUM
1171 188 1258 224 LIB.
1279 187 1330 224 VI

343 315 423 356 197
456 313 598 355 Vosne
629 311 732 353 velit
763 325 817 352 an
846 325 915 352 me
945 323 1122 365 regnare
1154 323 1225 350 era
1256 308 1411 363 quidve
1441 309 1552 351 ferat
1581 308 1687 351 Fors

454 383 627 424 Virtute
658 381 935 436 experiamur.
968 382 1010 421 et
1040 379 1123 421 hoc
1154 378 1283 421 simul
1313 379 1457 434 accipe
1489 379 1667 422 dictum:

342 454 423 496 199
455 453 644 503 Quorum
675 452 824 494 virtuti
855 451 958 493 belli
989 451 1163 492 fortuna
1193 451 1396 506 pepercit,

453 523 698 565 Eorundem
729 523 906 565 libertati
936 536 999 564 me
1029 535 1201 576 parcere
1232 523 1396 563 certum
1427 524 1503 563 est.

337 595 419 636 201
454 594 590 649 Dono,
622 593 774 648 ducite,
805 593 943 647 doque
974 591 1219 634 volentibus
1250 606 1348 634 cum
1379 593 1546 649 magnis
1578 593 1654 635 dis.

1071 702 1156 737 XIII

337 766 422 808 202
454 765 570 815 «Quo
602 765 725 806 vobis
755 766 931 817 mentes,
956 765 1095 805 rectae
1128 778 1236 818 quae
1267 766 1379 806 stare
1411 763 1606 806 solebant

452 834 657 890 Antehac,
688 835 904 877 dementes
937 849 1027 876 sese
1059 834 1215 876 flexere
1246 834 1362 876 viai?

335 1007 423 1049 204
849 1005 945 1048 «sed
976 944 1159 1062 630ῗίἵὲ
1190 1007 1332 1048 animo
1364 1006 1574 1048 lamentor

335 1176 535 1210 secundum
556 1175 729 1219 antiquos
749 1185 865 1218 serva,
886 1177 928 1210 ut
948 1176 1048 1221 apud
1063 1176 1248 1211 Lucilium
1268 1178 1305 1211 et
1317 1175 1479 1210 Ennium
1498 1175 1710 1210 invenitur.’
1732 1175 1898 1211 Pertinet

335 1230 382 1264 ad
399 1233 475 1263 199.
493 1232 560 1263 200
581 1230 618 1263 et
630 1228 725 1263 falso
740 1228 830 1263 olim
844 1228 1005 1263 editores
1025 1229 1206 1264 versiculo
1227 1229 1292 1273 qui
1305 1229 1464 1274 Vergilii
1484 1230 1541 1264 est
1553 1229 1715 1263 Ennium
1734 1229 1897 1274 locuple-

335 1284 468 1316 tarunt.
567 1282 609 1316 V.
621 1285 688 1316 196
709 1282 835 1317 Servio
854 1282 895 1316 in
913 1282 1004 1317 Aen.
1019 1295 1072 1317 x11
1093 1286 1160 1317 709
1181 1283 1409 1318 addiderunt
1428 1283 1525 1318 Itali.

450 1335 534 1369 XIH
548 1337 643 1380 (202)
670 1334 795 1370 Cicero
809 1334 886 1370 Cat.
895 1336 982 1371 mai.
993 1340 1024 1379 6,
1036 1340 1079 1371 16
1093 1337 1103 1353 ‘
1113 1337 1162 1371 ad
1170 1336 1286 1381 Appii
1297 1336 1444 1371 Claudii
1456 1338 1685 1371 senectutem
1695 1336 1897 1371 accedebat

334 1389 456 1431 etiam,
470 1391 512 1423 ut
526 1399 656 1423 caecus
677 1390 790 1432 esset3
811 1391 937 1424 tamen
956 1389 999 1431 is,
1021 1401 1105 1424 cum
1124 1390 1310 1424 sententia
1329 1391 1479 1424 senatus
1493 1389 1692 1424 inclinaret
1705 1389 1753 1424 ad
1765 1400 1897 1434 pacem

333 1454 415 1477 cum
434 1442 573 1486 Pyrrho
594 1442 799 1486 foedusque
824 1442 1050 1486 faciendum,
1070 1454 1145 1478 non
1171 1443 1359 1478 dubitavit
1378 1443 1500 1478 dicere
1519 1443 1597 1486 illa,
1618 1453 1714 1487 quae
1732 1443 1897 1477 versibus

332 1497 545 1540 persecutus
565 1496 622 1530 est
640 1495 782 1530 Ennius
804 1507 901 1540 «quo
920 1495 1025 1531 vobis
1047 1525 1052 1530 .
1071 1525 1077 1530 .
1095 1525 1100 1530 .
1123 1497 1313 1531 dementes
1333 1507 1412 1531 sese
1437 1496 1570 1531 flexere
1595 1498 1680 1532 via»
1700 1498 1897 1540 ceteraque

333 1549 566 1593 gravissime3
585 1550 716 1583 notum
729 1549 829 1583 enim
841 1549 946 1584 vobis
960 1560 1110 1584 carmen
1123 1550 1206 1584 est.'
1228 1549 1335 1584 Hanc
1355 1550 1586 1585 dementes
1607 1560 1703 1585 sese
1722 1549 1897 1584 flexere

334 1602 403 1636 via
421 1602 609 1647 potiorum
628 1602 799 1636 codicum
818 1603 1041 1647 scripturam
1060 1613 1150 1646 esse,
1172 1613 1217 1637 ex
1236 1614 1310 1647 qua
1329 1614 1403 1638 non
1423 1603 1503 1638 sine
1522 1603 1677 1638 consilio
1698 1603 1896 1638 dementi

333 1666 376 1689 se
403 1655 471 1700 (vel
498 1657 609 1701 sese)
635 1655 811 1690 flexere
830 1656 904 1690 via
923 1657 961 1690 et
979 1656 1160 1691 nonnulla
1179 1656 1293 1691 etiam
1312 1656 1488 1691 liberiora
1506 1656 1679 1691 videntur
1697 1655 1832 1699 efficta,
1853 1667 1898 1691 ex

334 1708 534 1743 Christiani
565 1708 693 1744 Dahlii
725 1709 870 1744 duobus
901 1709 1039 1744 libellis
1067 1709 1160 1744 ‘Zur
1184 1709 1604 1744 Handschriftenkunde
1629 1709 1694 1744 des
1720 1708 1810 1744 Cato
1830 1710 1894 1751 m.'

334 1761 607 1807 (Christianiae)
627 1776 641 1797 1
661 1764 782 1807 (1885)
808 1775 843 1808 p.
867 1766 910 1797 13
937 1764 975 1797 et
993 1776 1021 1797 11
1041 1765 1160 1808 (1886)
1186 1775 1221 1808 p.
1244 1766 1299 1805 22,
1326 1764 1364 1797 et
1389 1773 1434 1797 ex
1454 1762 1486 1796 S.
1509 1762 1549 1797 G.
1572 1763 1618 1797 de
1637 1762 1774 1797 Vriesii
1799 1774 1897 1797 com-

333 1815 627 1851 mentatiuncula
653 1816 699 1850 de
725 1816 805 1851 cod.
832 1815 905 1851 Cic.
928 1815 1006 1851 Cat.
1031 1816 1117 1852 mai.
1139 1815 1485 1851 Ashburnhamensi
1504 1827 1602 1851 nunc
1621 1815 1735 1850 Paris.
1764 1816 1894 1861 (Lugd.

334 1869 412 1904 Bat.
436 1872 540 1915 1889)
560 1882 596 1915 p.
618 1873 663 1904 26
683 1869 928 1915 cognoscitur.

449 1922 534 1957 XIV
550 1924 647 1968 (204)
685 1923 853 1958 Donatus
872 1923 911 1957 in
931 1922 1011 1957 Ter.
1026 1923 1172 1958 Phorm.
1187 1936 1209 1959 v
1222 1927 1256 1966 4,
1271 1927 1291 1957 2
1307 1923 1460 1968 ‘parare
1479 1922 1519 1957 in
1539 1922 1679 1957 animo:
1695 1924 1733 1957 et
1744 1924 1896 1957 venuste

453 2095 535 2132 197
569 2107 636 2133 era
656 2106 758 2143 pars
786 2095 972 2133 librorwm
1000 2094 1095 2133 hera
1122 2095 1256 2143 ‹vulyoe
1280 2095 1506 2143 intelliyitur
1530 2096 1669 2139 autem,
1691 2097 1800 2142 puto,
1827 2106 1895 2132 era

334 2153 446 2204 Fors3
466 2155 521 2192 sic
538 2153 620 2192 Leo
645 2165 792 2202 quoque
809 2155 1003 2198 intellexit,
1023 2155 1134 2192 cuius
1152 2155 1239 2192 vide
1257 2148 1741 2206 amal.Plau‹t.1(Gottin9.
1764 2148 1893 2206 1896)

329 2224 368 2259 p.
388 2221 441 2248 20
553 2213 634 2251 198
657 2214 805 2263 accipe:
826 2214 872 2261 cf.
887 2213 1084 2261 Reisiyius
1103 2214 1253 2252 conieci.
1267 2214 1310 2251 in
1324 2212 1444 2251 Arist.
1453 2225 1494 2261 p.
1514 2221 1566 2260 35
1680 2213 1762 2250 199
1790 2211 1894 2257 Quo-

334 2284 419 2308 rum
432 2272 515 2310 Pal.
534 2272 653 2310 Bern.
672 2284 692 2310 c
715 2285 930 2322 quorumve
949 2273 1071 2317 ceteri,
1093 2284 1187 2310 corr.
1202 2271 1336 2310 Ambr.
1351 2272 1491 2310 Bamb.
1600 2272 1740 2309 virtuti
1759 2269 1896 2310 Ambr.

339 2330 452 2368 Rern.
472 2342 490 2368 c
508 2332 655 2369 virtute
676 2331 817 2370 meb.
837 2345 885 2370 m.
899 2343 963 2380 pr.
985 2331 1103 2370 Herb.
1124 2331 1244 2369 Rern.
1261 2332 1283 2369 b
1414 2332 1500 2369 200
1522 2330 1747 2369 Eorundem
1767 2331 1894 2378 trisyl-

336 2389 476 2433 labum,
497 2392 615 2437 tetiqit
631 2391 912 2429 Lachmannus
938 2392 991 2429 ad
1009 2391 1127 2429 Iacer.
1142 2402 1184 2428 VI
1198 2387 1282 2437 456
1414 2390 1591 2428 libertati
1614 2402 1677 2427 me
1695 2390 1813 2428 idem:
1833 2402 1895 2427 me

336 2446 509 2485 libertati
619 2451 699 2488 201
722 2450 849 2499 Dono,
869 2450 1010 2498 ducite,
1031 2449 1178 2499 doque:
1198 2450 1244 2497 cf.
1256 2449 1363 2497 Very.
1375 2447 1472 2486 Aen.
1486 2461 1513 2486 v
1529 2446 1582 2494 38
1589 2457 1611 2495 5
1632 2448 1771 2487 ducere
1791 2448 1895 2486 dona

335 2506 434 2544 iube.
547 2508 610 2546 De
633 2511 859 2557 imperativo
884 2510 1105 2557 interposito
1130 2509 1213 2547 dixi
1237 2509 1280 2546 in
1298 2519 1467 2556 prooem.
1495 2505 1605 2543 1880
1624 2520 1665 2555 p.
1689 2506 1738 2543 16

338 2565 420 2603 203
441 2567 522 2603 viai
534 2570 625 2614 posi
635 2568 875 2607 Lambinwm
888 2563 959 2621 (ad
970 2568 1068 2606 Hor.
1084 2580 1200 2606 carm.
1215 2579 1261 2604 m
1278 2575 1314 2616 5,
1324 2561 1400 2620 45)
1414 2566 1693 2604 Lachmannus
1707 2567 1759 2604 ad
1773 2566 1892 2604 lawr.

336 2636 350 2660 1
375 2633 441 2672 29,
455 2627 521 2672 qui
540 2638 563 2662 a
575 2638 650 2673 pro
670 2628 709 2664 ai
727 2628 770 2665 in
787 2628 848 2666 his
863 2628 1028 2675 genetivi
1042 2627 1180 2674 formis
1198 2638 1313 2674 saepe
1330 2626 1447 2664 scribi
1462 2627 1505 2663 in
1524 2625 1628 2663 codd.
1643 2625 1894 2664 Lucretiams

330 2684 493 2730 probat,·
518 2685 570 2722 ad
594 2688 821 2724 sententiam
843 2687 942 2724 nihil
966 2687 1180 2734 simplicius
1206 2688 1275 2724 aui
1298 2686 1439 2733 aptius,
1465 2696 1583 2732 quam
1608 2696 1685 2733 quo
1711 2685 1792 2722 viai
1812 2696 1893 2722 sese

336 2742 474 2781 flexere
481 2756 495 2788 ;
518 2743 725 2782 Lucreti-us
744 2757 790 2781 m
811 2743 894 2793 498
921 2745 1101 2784 feruntur
1127 2758 1206 2794 qua
1232 2745 1347 2794 quasi
1369 2745 1605 2782 consuerunt
1630 2745 1669 2799 et
1693 2745 1785 2781 sunt
1809 2756 1893 2781 mu-

336 2803 422 2839 nita
445 2803 548 2848 viai,·
571 2802 696 2841 Iliad.
717 2815 814 2842 xxm
838 2813 913 2840 201
937 2802 968 2842 ὥ
988 2818 1055 2854 μοι
1079 2809 1134 2858 πῇ
1155 2803 1205 2854 δή
1224 2817 1283 2842 τοι
1302 2800 1443 2854 φρένες
1462 2796 1617 2853 οἴχονθ’
1639 2799 1689 2857 ’ᾗς
1707 2801 1750 2841 τὸ
1769 2802 1894 2854 πάρος

336 2874 406 2911 περ
426 2856 523 2899 ἔκλε’
546 2856 607 2900 ἐπ’
631 2859 894 2912 ἀνθρώπους,·
911 2875 980 2901 nec
999 2864 1046 2901 de
1056 2864 1190 2910 positu
1209 2863 1386 2901 dubitare
1403 2863 1498 2900 sinit
1514 2862 1572 2898 vel
1593 2860 1754 2899 Ovidius
1774 2873 1847 2899 cmi.
1863 2873 1894 2898 11

349 2929 362 2954 1
379 2929 411 2968 1,
433 2930 445 2954 1
472 2932 524 2967 sq.
648 2922 732 2958 204
759 2921 825 2958 sed
847 2921 941 2969 quid
961 2934 1032 2971 ego
1053 2934 1098 2960 επ
1116 2923 1200 2960 dett.
1222 2922 1424 2970 vulyatur;
1443 2921 1489 2967 ef.
1508 2929 1591 2966 314
