2004 3278
256 228 365 264 CLIV
772 228 815 263 H.
843 228 907 263 DE
927 228 1080 264 LIBRIS
1099 228 1332 264 ENNIANIS

255 341 371 380 hodie
391 340 622 391 fragmentis
642 339 823 390 vestigia.
844 339 943 378 Iliae
962 341 1078 389 enim,
1096 342 1143 379 ut
1160 342 1249 391 ipsa
1268 343 1406 380 narrat
1426 336 1604 396 (xxvm),
1627 356 1698 394 per
1717 355 1818 382 som-

255 401 365 438 nium
390 400 505 450 pater
530 399 696 449 apparet
720 398 910 449 illamque
935 411 1047 438 suam
1073 401 1236 451 gnatam
1262 401 1450 450 appellat.
1477 400 1587 448 Quae
1613 404 1682 452 qui
1700 403 1818 452 plane

256 471 302 497 ac
328 457 560 508 simpliciter
585 458 771 507 Ennium,
803 470 883 496 non
909 458 1083 508 obscure,
1108 460 1284 498 locutum
1308 460 1453 510 volent,
1483 473 1599 512 aegre
1624 474 1714 500 cum
1739 462 1819 500 edi—

254 518 406 557 toribus
432 517 479 555 de
504 518 634 556 nescio
661 529 739 567 quo
764 518 943 569 longiore
969 518 1215 569 cognationis
1241 519 1367 570 gradu
1394 519 1631 571 intelligent.
1658 520 1818 560 Patrem

257 579 390 615 autem
415 577 474 614 ibi
498 576 674 615 Aeneam
700 576 779 615 dici
803 578 867 616 vel
892 577 975 616 sine
999 578 1088 616 istis
1113 578 1351 617 testimoniis
1382 579 1474 617 inde
1506 581 1684 629 apparet,
1716 580 1821 629 quod

256 634 470 686 ‘Eurydica
499 633 766 688 prognatam’,
797 637 861 675 cui
894 637 1089 675 somnium
1120 639 1278 676 enarrat
1308 637 1401 687 nia,
1435 635 1678 688 ‘germanam
1705 651 1812 678 soro-

254 692 354 734 rem'
380 696 608 746 alloquitur.
642 696 882 746 Eurydicam
907 697 1011 734 enim
1036 696 1193 735 Aeneae
1225 709 1387 736 uxorem
1410 696 1575 736 Lesches
1608 700 1648 736 et
1675 697 1820 748 Cypria

253 755 504 794 tradiderunt
535 757 636 794 teste
666 755 864 794 Pausania
882 768 908 793 x
930 757 998 805 26,
1020 758 1062 794 1:
1094 754 1273 808 Λέσχεως
1307 753 1349 795 δὲ
1379 755 1444 795 καὶ
1475 755 1549 807 ἔπη
1580 755 1626 795 τὰ
1658 756 1819 809 Κύπρια

257 813 435 853 διδόασιν
468 813 702 867 Εὐρυδίκην
738 818 908 867 γυναῖκα
938 814 1090 870 Αἰνείᾳ.
1129 814 1187 854 Cf.
1213 815 1442 854 Welckerus
1480 815 1527 854 de
1559 816 1669 865 cyclo
1702 829 1760 867 ep.
1789 829 1819 854 11

255 888 293 924 p.
316 875 412 912 248.
438 874 494 913 Ut
519 874 655 912 eadem
682 874 857 912 carmina
882 873 1031 912 Graeca
1057 887 1158 925 quae
1184 875 1407 925 Eurydicae
1434 875 1554 913 etiam
1578 875 1676 914 Iliae
1702 876 1820 927 origi-

255 946 345 972 nem
370 933 522 972 dedisse
549 934 756 983 suspicere.
782 934 880 972 Iliae
907 946 1017 973 soror
1042 946 1130 972 cum
1157 931 1285 972 ‘anus’
1314 947 1337 972 a
1362 936 1480 984 poeta
1499 934 1654 973 dicatur
1674 929 1819 987 (neque

255 993 359 1032 enim
384 993 431 1032 de
457 992 620 1031 diversis
647 993 902 1043 cogitandum
925 994 984 1032 est
1002 988 1212 1047 personis),
1237 1006 1314 1032 non
1334 994 1453 1043 paulo
1474 1006 1560 1032 eam
1581 995 1711 1032 aetate
1730 1007 1819 1043 pro-

254 1052 467 1091 vectiorem
498 1052 575 1090 Ilia
605 1052 727 1091 fuisse
758 1064 914 1091 necesse
946 1047 1058 1106 est.*)
1096 1053 1183 1092 Illis
1217 1054 1349 1091 autem
1382 1054 1565 1091 convenit
1602 1054 1819 1103 aptissime,

256 1112 362 1161 quod
380 1111 457 1150 Ilia
471 1111 663 1150 Venerem
685 1109 937 1162 ‘genetricem
955 1113 1082 1162 patris
1102 1109 1241 1151 nostri'
1261 1114 1301 1150 et
1315 1109 1555 1162 ‘cognatam’
1571 1112 1669 1150 dicit
1682 1107 1818 1165 (xm)

255 1174 295 1209 et
326 1171 414 1220 ipsa
440 1168 521 1208 ‘dia
546 1168 683 1220 nepos'
711 1171 936 1221 appellatur
961 1184 985 1210 a
1010 1171 1161 1210 Venere
1189 1165 1335 1225 (xxm).
1370 1170 1445 1216 Qui
1474 1171 1635 1221 quidem
1659 1183 1819 1210 consen-

256 1242 320 1268 sus
340 1231 424 1280 ipse
444 1230 527 1268 iure
547 1230 619 1268 illa
637 1230 747 1280 Iliae,
773 1231 870 1268 haec
888 1230 1045 1280 Veneri,
1070 1242 1150 1268 non
1170 1232 1239 1280 qui
1258 1230 1380 1281 vulgo
1401 1230 1634 1269 credebatur
1650 1229 1819 1279 Aeneae,

255 1290 400 1328 ascribi
424 1289 606 1328 ostendit.
632 1290 773 1339 Itaque
799 1290 950 1328 Ennius
970 1302 1059 1328 cum
1077 1289 1253 1328 Aeneam
1272 1290 1352 1328 fere
1372 1291 1554 1340 attigisse
1573 1290 1722 1329 Romae
1742 1291 1817 1328 ori-

255 1349 388 1401 ginem
418 1348 555 1400 fingat,
587 1348 687 1387 nihil
719 1348 766 1387 de
797 1348 957 1387 condita
981 1349 1087 1388 Alba
1118 1349 1243 1399 deque
1267 1349 1514 1388 Albanorum
1543 1362 1684 1400 regum
1715 1361 1818 1388 com-

254 1409 442 1447 menticia
479 1409 577 1447 serie
613 1409 811 1447 narravit:
850 1420 947 1458 quas
985 1421 1046 1447 res
1084 1410 1225 1448 notum
1261 1410 1321 1447 est
1356 1410 1495 1459 postea
1526 1410 1569 1447 in
1599 1408 1819 1447 Romanam

254 1468 463 1507 historiam
486 1468 652 1506 insertas
679 1480 760 1506 esse
781 1467 829 1506 ab
850 1467 916 1517 eis,
942 1469 1012 1518 qui
1030 1480 1176 1519 magna
1194 1468 1299 1507 inter
1317 1468 1459 1507 Troiae
1478 1469 1627 1507 exitum
1646 1469 1686 1507 et
1703 1469 1821 1507 initia

254 1527 403 1566 Romae
428 1527 641 1566 intervalla
667 1527 822 1577 explere
847 1540 919 1577 pro
944 1527 1053 1566 virili
1077 1529 1191 1578 parte
1215 1522 1615 1581 periclitarentur.**)

373 1585 522 1625 Verum
553 1586 603 1624 ad
633 1587 739 1625 hunc
769 1587 900 1625 locum
928 1599 1007 1626 non
1031 1599 1109 1625 uno
1134 1587 1292 1626 nomine
1319 1588 1498 1637 quaestio
1524 1587 1571 1626 de
1596 1587 1819 1637 temporum

255 1646 409 1684 ratione
434 1647 619 1695 pertinet,
645 1658 724 1695 qua
743 1645 895 1684 Ennius
921 1658 993 1684 sua
1013 1647 1144 1685 aetate
1162 1646 1199 1684 h.
1221 1659 1252 1684 e.
1273 1648 1364 1684 ante
1385 1659 1532 1684 annum
1552 1646 1601 1684 ab
1621 1659 1657 1685 u.
1679 1658 1709 1684 c.
1732 1646 1815 1684 585

255 1705 391 1743 urbem
415 1705 583 1744 Romam
613 1706 716 1743 circa
748 1706 1086 1756 septingentorum
1118 1717 1311 1744 annorum
1335 1705 1456 1744 fuisse
1487 1704 1664 1744 tradidit.
1698 1703 1818 1743 Cuius

254 1765 352 1803 haec
377 1766 468 1803 sunt
493 1776 517 1802 a
536 1764 714 1802 Varrone
740 1764 787 1802 de
805 1777 847 1803 re
866 1764 1015 1803 rustica
1033 1777 1079 1802 111
1101 1766 1137 1813 1,
1159 1765 1182 1802 2
1205 1766 1437 1803 conservata
1454 1764 1575 1803 verba
1592 1765 1820 1813 septinycnti

254 1826 346 1862 sumt
363 1824 486 1872 paulo
498 1823 593 1872 plus
612 1826 681 1861 aut
698 1825 829 1862 minus
848 1824 956 1869 armi,
980 1822 1157 1872 Auyusto
1177 1825 1342 1872 auyurio
1353 1826 1561 1872 postquam
1579 1823 1714 1862 inclita
1732 1835 1819 1862 con-

256 1884 339 1922 dita
363 1883 491 1921 Roma
519 1885 584 1927 est,
616 1895 716 1932 quae
749 1895 839 1921 cum
869 1883 989 1933 vulgo
1015 1883 1093 1932 ipsi
1119 1883 1301 1921 conditae
1334 1883 1444 1921 urbis
1475 1882 1699 1921 narrationi
1729 1882 1819 1921 sub-

256 1942 454 1990 iiciantur,
482 1943 645 1991 propter
669 1941 833 1979 nimiam
858 1942 1160 1993 ambiguitatem
1184 1943 1309 1981 malui
1333 1942 1374 1980 in
1399 1942 1560 1981 incertis
1585 1941 1818 1992 fragmentis

257 1996 364 2054 (ann.
385 2001 450 2040 lib.
471 2002 546 2039 inc.
566 1996 741 2054 xxxvm)
762 2003 918 2051 apponi.
944 2001 1022 2039 Illa
1039 2002 1163 2052 igitur
1180 2003 1405 2052 temporum
1424 2001 1684 2051 descriptione
1700 2003 1819 2051 poeta

257 2060 430 2110 amplius
455 2060 610 2098 saeculo
637 2074 660 2098 a
683 2062 842 2111 recepta
866 2060 1134 2099 Romanorum
1159 2060 1438 2100 consuetudine
1457 2060 1620 2099 recedit:
1646 2060 1751 2110 quod
1769 2073 1818 2098 ne

258 2121 344 2169 quis
370 2120 613 2171 ignorationi
632 2121 702 2158 aut
721 2120 988 2170 negligentiae
1009 2120 1153 2158 eruditi
1171 2121 1311 2170 poetae
1331 2119 1553 2168 ascriberet,
1578 2118 1817 2158 Niebuhrius

256 2180 347 2218 hist.
374 2179 484 2217 Rom.
505 2191 519 2216 1
538 2192 575 2229 p.
598 2179 683 2218 300
704 2181 743 2217 et
764 2180 847 2218 315
875 2179 1023 2230 duplici
1049 2179 1273 2230 explicandi
1297 2180 1451 2219 ratione
1475 2178 1682 2229 proposita
1702 2178 1816 2218 cavit.

256 2238 416 2277 Etenim
441 2238 614 2276 Ennium
640 2238 807 2288 cyclicos
833 2251 956 2278 annos
974 2239 1012 2276 h.
1033 2252 1063 2277 e.
1083 2239 1153 2288 qui
1172 2239 1360 2278 denorum
1379 2238 1572 2277 mensium
1592 2239 1721 2277 essent
1739 2238 1818 2276 cal-

258 2298 346 2337 culo
372 2297 608 2346 adhibuisse,
629 2298 822 2348 quoniam
848 2298 1088 2349 septingenti
1115 2298 1253 2348 cyclici
1278 2298 1359 2336 fere
1384 2298 1692 2349 quingentorum
1711 2298 1818 2335 octo-

258 2358 371 2408 ginta
401 2357 626 2407 vulgarium
657 2370 865 2396 numerum
896 2358 1135 2408 exaequant,
1166 2359 1236 2396 aut
1261 2370 1307 2395 ex
1340 2353 1522 2406 ‘antiqua
1546 2356 1718 2396 formula
1742 2355 1817 2394 La-

257 2413 358 2454 tina’
394 2418 589 2455 trecentos
626 2416 793 2467 triginta
829 2418 909 2456 tres
945 2429 1068 2456 annos
1099 2417 1203 2455 inter
1234 2416 1377 2454 Troiae
1409 2417 1556 2454 exitum
1588 2417 1628 2454 et
1657 2415 1818 2453 initium

258 2476 405 2514 Romae
431 2477 678 2525 computasse
704 2476 951 2525 opinabatur.
977 2475 1033 2514 At
1056 2476 1168 2514 illam
1187 2474 1397 2513 definiendi
1415 2473 1604 2524 temporis
1622 2474 1816 2513 rationem

259 2534 378 2572 Ennii
404 2536 534 2573 aetate
560 2535 754 2573 exoletam
780 2535 938 2574 omnino
957 2536 1000 2573 in
1019 2547 1135 2573 usum
1154 2546 1294 2573 vocare
1312 2546 1391 2572 non
1411 2533 1558 2572 debuit.
1584 2533 1712 2572 Varro
1733 2533 1816 2582 qui-

376 2669 407 2715 *)
432 2670 474 2705 Id
494 2681 562 2716 ego
583 2671 718 2706 erravi:
744 2682 841 2707 anus
859 2671 959 2706 enim
978 2670 1052 2706 ista
1071 2670 1184 2706 tertia
1204 2680 1362 2716 persona
1381 2670 1448 2712 est,
1468 2679 1565 2713 quae
1583 2670 1627 2704 ut
1645 2668 1817 2703 ministra

259 2717 361 2754 iussa
385 2717 511 2753 lumen
536 2718 666 2753 attulit
685 2717 804 2763 (Ovid.
825 2720 975 2753 metam.
996 2731 1033 2753 111
1047 2719 1140 2763 679),
1167 2719 1205 2753 et
1230 2716 1399 2753 condicio
1423 2727 1546 2751 rerum
1572 2726 1616 2751 ea
1641 2715 1718 2751 fere
1737 2717 1818 2751 erat

259 2776 356 2810 quae
382 2766 439 2800 est
462 2765 502 2799 in
527 2765 616 2800 Aen.
632 2778 679 2808 1v‚
705 2765 771 2800 ubi
796 2765 894 2800 Dido
914 2769 983 2801 634
1002 2766 1153 2801 Annam
1178 2776 1266 2801 cara
1290 2765 1381 2800 mihi
1404 2764 1533 2799 nutrix
1557 2763 1627 2799 huc
1650 2764 1734 2798 siste
1760 2774 1815 2798 so-

259 2823 373 2848 rorem
399 2814 438 2847 et
457 2815 523 2847 641
549 2814 601 2848 sic
625 2814 697 2848 ait:
724 2813 791 2848 illa
815 2813 971 2858 yradum
994 2813 1117 2849 studio
1140 2813 1318 2848 celerabat
1341 2812 1485 2847 anilem.
1518 2811 1620 2844 Anus
1645 2810 1817 2844 Enniana

261 2870 356 2904 quae
381 2861 455 2896 cita
478 2871 560 2895 cum
578 2860 740 2895 tremulis
759 2861 912 2896 artubus
930 2861 1095 2896 attulisse
1114 2861 1234 2896 lumen
1253 2859 1390 2894 dicitur
1409 2857 1625 2902 depingitur
1643 2858 1686 2891 ut
1704 2862 1818 2902 γρηῦς

260 2907 298 2942 111
326 2906 492 2951 Odyssea
510 2919 601 2942 xxm
616 2910 635 2940 3
662 2907 826 2952 γούνατα
846 2905 884 2942 δ’
912 2907 1132 2951 ἐρρώσαντο,
1156 2905 1271 2948 πόδες
1294 2903 1328 2942 δ’
1354 2903 1672 2949 ὑπερικταίνοντο.

360 2953 409 2999 ⁰¹)
435 2953 487 2989 cf.
514 2953 784 2989 Mommsenum
808 2953 831 2989 1.
853 2964 882 2989 c.
903 2965 938 2999 p.
961 2957 1071 2989 26811.

1997 515 2004 536 ....
2000 499 2004 506 .
1995 289 2004 489 ..Ama—*-
