2004 3278
249 205 343 241 CXX
368 208 375 215 '
806 203 833 238 Ι.
858 201 1086 237 HISTORIA
1104 201 1242 237 ENNII

245 317 468 369 Vergilium
487 316 600 365 sequi
617 315 803 354 videatur
822 315 891 364 qui
903 313 1000 353 Aen.
1015 326 1072 352 ΧΠ
1088 314 1172 353 407
1182 325 1266 364 sqq.
1284 315 1345 353 ita
1363 314 1503 354 scribit
1520 309 1634 369 (nam
1651 312 1808 365 plenius

248 375 446 415 afferenda
477 376 569 413 sunt
600 387 678 424 quo
709 374 838 425 magis
869 373 1089 412 similitudo
1121 367 1332 426 appareat)
1362 374 1446 412 iam
1466 375 1630 423 pulvere
1660 374 1809 413 caelum

247 435 360 474 Stare
384 434 524 478 vident,
548 434 785 482 subeuntqiie
810 434 951 481 equites
977 435 1012 471 et
1027 433 1181 481 spicula
1199 434 1338 471 castris
1356 432 1478 472 densa
1495 433 1642 473 eadunt
1658 433 1808 472 mediis.

249 493 306 533 Cf.
325 493 480 543 Ieepius
499 493 526 531 1.
546 505 580 531 c.
599 507 637 543 p.
658 503 765 531 cxrv.
796 492 853 531 Ut
878 492 1062 530 omittam
1086 503 1242 530 rumore
1267 492 1434 531 secundo
1460 486 1684 545 (Claudian.
1706 505 1736 531 c.
1756 506 1807 531 m.

246 566 329 592 xxv
349 547 443 605 63),
467 553 603 601 fusum
627 552 770 591 crebris
794 551 999 590 hastilibus
1023 551 1215 590 imbrem
1235 545 1324 604 (m
1345 545 1470 604 352),
1495 548 1593 600 ‘fors
1611 553 1722 590 iuvat
1739 563 1809 590 aue

245 608 387 651 dentes'
406 612 534 660 prisci
557 612 747 650 sententia
771 612 872 649 vatis
898 605 1018 663 (cm.
1039 622 1109 648 xm
1129 605 1187 663 9),
1218 621 1309 655 reon,
1339 611 1436 649 mihi
1461 612 1626 650 centenis
1646 613 1812 658 pateant

246 673 283 710 si
312 671 468 710 vocibus
499 682 570 709 ora
597 665 631 723 (1
658 664 752 723 55),
783 683 885 720 quae
917 669 1093 708 dubitari
1128 682 1209 708 non
1246 669 1413 708 debebat
1450 670 1547 719 quin
1576 669 1811 721 Vergiliana

246 732 392 779 essent,
423 742 503 768 non
527 729 711 768 Enniana
744 724 855 782 (nam
879 729 1080 780 Vergilius
1112 730 1172 767 est
1202 730 1353 779 priscus
1383 729 1459 767 iste
1491 741 1609 779 quem
1634 729 1812 780 appellat

247 783 391 842 vates),
417 801 518 839 quae
536 789 724 840 leguntur
741 802 768 828 v
788 789 874 827 410
892 789 934 826 hi
951 789 1080 826 vultus
1102 788 1237 826 avidos
1257 791 1291 827 et
1309 789 1435 827 adhuc
1452 789 1650 836 spirantia
1667 789 1812 827 vellunt

246 850 409 893 lumina,
422 851 620 887 trwneatos
633 848 705 886 alii
717 859 883 896 rapuere
896 848 1068 892 lacertos,
1088 847 1137 886 iis
1152 849 1221 897 qui
1233 849 1338 886 recte
1358 847 1572 886 contulerit
1585 848 1706 886 Ennii
1724 860 1808 886 ver-

247 921 312 947 sus
333 902 442 960 (ann.
458 908 542 945 472
552 901 628 960 sq.)
650 908 690 946 et
709 919 806 956 quos
825 906 883 945 ibi
902 906 1094 957 adscripsi
1105 906 1369 958 Vergilianos,
1387 907 1587 958 intelliget
1606 906 1712 956 quod
1729 907 1811 945 illis

247 968 402 1017 proprii
427 968 486 1005 est
512 967 685 1005 alienum
711 979 793 1005 esse
819 978 843 1004 a
869 964 1087 1004 Claudiano
1113 978 1184 1004 nec
1209 966 1316 1016 quod
1333 966 1398 1004 hic
1416 966 1618 1016 scripserit
1635 967 1811 1015 potuisse

249 1026 297 1065 ab
329 1026 410 1064 illis
442 1025 543 1064 duci.
581 1026 673 1064 Non
703 1026 830 1077 magis
857 1026 1102 1075 comparatio
1128 1025 1326 1064 constabit
1349 1025 1447 1064 haec
1473 1020 1545 1078 (xv
1566 1019 1640 1078 28)
1666 1026 1702 1063 si
1725 1036 1812 1064 mea

246 1086 447 1124 mansuris
471 1087 695 1123 meruerunt
717 1086 871 1123 moenia
894 1086 1016 1129 nasci,
1041 1084 1232 1132 Iuppiter,
1258 1085 1449 1133 auyuriis,
1472 1085 1509 1122 si
1532 1087 1637 1122 stant
1653 1086 1812 1123 immota

246 1144 417 1194 Sibyllae
430 1145 609 1182 earmina
622 1144 840 1182 conferenti
853 1156 941 1182 cum
955 1143 1076 1182 Ennii
1089 1143 1265 1182 versibus
1281 1138 1389 1196 (ann.
1403 1144 1484 1182 501
1496 1138 1572 1196 sq.)
1585 1145 1813 1192 septinqenti

246 1206 339 1242 sunt
358 1233 366 1241 .
388 1233 396 1241 .
415 1205 524 1247 anni,
556 1206 718 1252 auyusto
750 1205 916 1252 auyurio
933 1205 1143 1251 postquam
1167 1203 1303 1242 inclita
1327 1203 1481 1241 condita
1505 1203 1633 1241 Roma
1657 1205 1722 1247 est,
1750 1203 1813 1240 vel

249 1264 283 1302 si
301 1263 429 1301 mavis
449 1275 539 1300 cum
553 1263 620 1301 96.
646 1262 710 1300 An
730 1263 896 1313 augurio
917 1262 1117 1301 conditam
1130 1262 1298 1300 Romam
1317 1274 1411 1310 esse,
1429 1262 1503 1300 hoc
1524 1274 1679 1311 quoque
1698 1260 1811 1301 Clau-

249 1322 389 1361 dianus
410 1321 459 1360 ab
479 1322 608 1360 Ennio
629 1321 776 1360 discere
797 1319 958 1360 debuit?
983 1321 1061 1360 Hla
1079 1334 1171 1359 vero
1193 1334 1294 1371 quae
1315 1319 1555 1360 Claudianus
1576 1315 1625 1374 (c.
1645 1335 1696 1359 m.
1711 1315 1811 1374 xxx)

247 1381 458 1420 Alcestidis
468 1379 617 1419 Graeca
624 1380 760 1419 fabula
771 1381 948 1419 indicata
958 1393 1123 1432 pergens
1134 1380 1272 1419 scribit
1279 1375 1323 1433 (1
1330 1375 1375 1433 5)
1384 1381 1470 1419 Hoc
1479 1380 1581 1420 Grai
1590 1383 1812 1419 memorant.

248 1441 380 1479 Latiis
404 1443 527 1479 movet
551 1451 621 1478 ora
649 1440 829 1479 Camenis
846 1441 1031 1488 praescia
1054 1441 1227 1488 fatorum
1255 1440 1450 1488 Tanaquil
1474 1441 1544 1489 qui
1568 1438 1815 1490 comparabit

250 1512 339 1539 cum
363 1499 485 1538 Ennii
509 1511 625 1538 versu
645 1494 754 1552 (ann.
777 1493 821 1551 2)
845 1495 964 1550 Grai]
984 1500 1129 1538 Musas
1153 1511 1251 1547 quas
1269 1501 1494 1544 memorant,
1517 1510 1629 1538 nosce
1646 1510 1717 1537 nos
1736 1510 1814 1538 esse

252 1559 444 1599 Camenas
480 1554 623 1610 [dicere
649 1553 724 1611 (sic
749 1559 854 1596 enim
878 1571 1036 1597 versum
1060 1558 1309 1597 scribendum
1334 1558 1444 1607 duxi,
1474 1558 1610 1597 Birtus
1636 1559 1815 1608 sequitur

251 1631 315 1657 eos
335 1617 403 1668 qui
422 1618 464 1655 in
482 1618 545 1656 his
564 1618 694 1656 nescio
715 1617 812 1667 quid
823 1617 1021 1656 Naeviani
1034 1612 1312 1670 augurantur),
1331 1618 1443 1656 dabit
1456 1617 1728 1657 similitudinis
1743 1618 1814 1655 ali-

252 1677 350 1727 quid
373 1677 416 1715 in
439 1676 581 1724 verbis,
606 1677 759 1715 nullam
783 1677 826 1714 in
851 1677 1047 1716 sententia
1073 1678 1258 1726 conspici,
1283 1677 1428 1715 nedum
1447 1678 1492 1715 ut
1511 1689 1558 1716 ea
1577 1689 1677 1726 quae
1698 1675 1813 1715 Clau-

252 1736 392 1776 dianus
425 1735 607 1785 deinceps
639 1748 685 1773 ex
718 1735 864 1774 fabulis
889 1735 1078 1775 Romanis
1111 1735 1226 1774 affert
1256 1735 1305 1774 ab
1331 1736 1460 1774 Ennio
1493 1735 1583 1775 duci
1614 1736 1813 1775 concedat.

253 1795 482 1834 Sententiae
513 1796 790 1846 cognationem
820 1795 973 1833 nullam
1001 1807 1083 1834 esse
1108 1807 1157 1833 ne
1181 1796 1224 1832 in
1248 1795 1310 1834 his
1336 1795 1496 1844 quidem
1521 1797 1689 1845 apparet
1714 1808 1814 1845 quae

250 1868 281 1892 r.
295 1854 338 1892 P.
351 1866 398 1892 m
413 1848 577 1907 (mm)
593 1855 645 1892 37
673 1854 854 1904 Iuppiter
873 1867 896 1892 a
914 1854 1070 1893 Natura
1088 1855 1290 1893 incusatus
1310 1854 1408 1893 dicit
1422 1866 1664 1903 parcumque
1683 1854 1816 1893 Iovem

251 1925 292 1953 se
316 1914 432 1952 divite
457 1913 610 1958 clamat,
636 1912 712 1962 Qui
736 1924 891 1961 campos
915 1914 1069 1952 horrere
1092 1914 1171 1951 situ
1189 1913 1391 1961 dumisque
1409 1914 1550 1962 repleri
1568 1914 1684 1952 Rura
1701 1915 1816 1953 velim

253 1985 342 2011 cum
366 1972 488 2011 Ennii
512 1985 629 2011 versu
654 1985 771 2022 quem
796 1972 1035 2011 adscribunt.
1062 1971 1139 2018 Qui
1162 1973 1204 2010 in
1225 1972 1407 2023 Scipione
1427 1967 1538 2026 (vm)
1565 1985 1655 2012 cum
1678 1973 1816 2012 scribit

251 2033 402 2080 sparsis
438 2032 560 2070 hastis
596 2032 721 2081 lonqis
754 2043 944 2080 campus
980 2032 1152 2080 splendet
1182 2035 1215 2070 et
1244 2032 1416 2077 horret,
1455 2033 1542 2081 quis
1579 2045 1659 2071 non
1695 2032 1815 2080 videt,

252 2091 355 2130 hanc
379 2091 497 2141 plane
523 2090 721 2130 diversam
746 2103 828 2129 esse
853 2091 1036 2129 horrendi
1060 2089 1389 2142 significationem
1414 2092 1454 2129 et
1478 2104 1602 2130 usum.
1635 2091 1814 2141 Denique

258 2149 520 2189 Claudianum
539 2162 628 2189 cum
649 2144 754 2203 (xm
777 2150 858 2188 163
868 2144 973 2202 sqq.)
994 2149 1223 2189 Stilichonis
1243 2150 1304 2189 sui
1321 2163 1449 2189 mores
1471 2151 1529 2189 ita
1549 2150 1745 2199 describit,
1770 2152 1815 2189 ut

256 2221 385 2260 pauca
415 2209 598 2260 seligam,
628 2220 709 2248 non
737 2211 838 2248 inter
861 2210 1007 2258 poeula
1030 2221 1155 2249 sermo
1183 2212 1379 2258 captatur,
1408 2222 1519 2258 pura
1548 2210 1615 2248 sed
1645 2210 1817 2249 libertate

254 2268 434 2317 loquendi
450 2267 565 2307 Seria
589 2269 749 2317 quisque
772 2270 866 2307 iocis
884 2269 996 2307 nulla
1019 2268 1229 2317 formidine
1252 2270 1453 2308 miscet...
1472 2272 1506 2307 te
1530 2269 1662 2307 doctus
1678 2270 1816 2317 prisca

254 2328 477 2376 loquentem,
506 2327 557 2367 Te
580 2330 739 2366 matura
756 2339 870 2366 senex
889 2328 1011 2373 audit,
1035 2330 1070 2367 te
1086 2329 1207 2377 fortia
1224 2328 1334 2366 miles
1351 2327 1536 2376 Aspersis
1553 2328 1714 2373 salibus,
1733 2329 1816 2377 qui-

255 2387 326 2425 bus
349 2387 457 2425 haud
480 2385 706 2435 Amphiona
730 2388 936 2435 quisquam
959 2387 1175 2435 Praeferat,
1207 2388 1289 2425 eius
1315 2387 1493 2436 picturae
1519 2387 1666 2426 colores
1692 2400 1739 2425 ex
1765 2387 1815 2425 iis

255 2445 431 2485 versibus
469 2446 624 2485 duxisse
662 2446 803 2495 quibus
835 2446 986 2485 Ennius
1017 2448 1202 2484 naturam
1232 2447 1272 2484 et
1302 2446 1505 2496 ingenium
1536 2447 1654 2484 amici
1685 2446 1814 2485 nescio

257 2505 367 2545 cuius
382 2504 537 2544 Gemini
551 2504 711 2543 Servilii
730 2505 937 2555 descripsit
954 2506 998 2544 in
1017 2505 1221 2544 annalium
1236 2505 1404 2555 septimo
1419 2499 1526 2557 (xrv)
1541 2505 1609 2554 qui
1622 2504 1815 2543 credimus

257 2577 346 2603 cum
370 2565 406 2603 si
431 2564 526 2614 quid
550 2564 652 2603 forte
677 2565 819 2603 similis
845 2566 904 2602 est
922 2565 1141 2603 sententiae
1161 2559 1272 2617 (nam
1290 2565 1398 2602 totus
1416 2565 1531 2602 tenor
1550 2565 1590 2601 et
1609 2564 1816 2603 consilium

257 2623 531 2673 descriptionis
556 2623 711 2663 diversa
736 2617 858 2675 sunt),
883 2624 926 2661 in
951 2625 1128 2662 oratione
1154 2623 1305 2661 nullam
1324 2634 1407 2661 esse
1432 2622 1732 2662 similitudinem
1756 2624 1815 2661 in-

257 2683 485 2733 telligimus.
515 2681 657 2720 Confer
681 2681 734 2721 sis
761 2695 861 2732 quae
888 2681 985 2721 Cato
1012 2682 1220 2721 Tullianus
1246 2676 1306 2735 (4,
1328 2676 1401 2734 12)
1428 2682 1475 2720 de
1500 2681 1622 2720 Fabio
1642 2681 1815 2720 Maximo

260 2741 368 2789 dicit,
392 2754 441 2780 ne
465 2741 566 2780 talia
590 2742 667 2780 nisi
693 2741 799 2791 apud
823 2741 996 2780 Ennium
1021 2754 1100 2780 non
1126 2743 1278 2780 exstare
1304 2741 1448 2780 credas.

377 2800 552 2839 Tandem
578 2800 788 2839 deventum
813 2802 873 2839 est
897 2800 948 2839 ad
974 2799 1183 2840 Claudiani
1207 2812 1359 2848 versus,
1386 2812 1553 2849 quorum
1577 2811 1695 2837 causa
1720 2799 1816 2838 haec

260 2860 386 2898 omnis
412 2859 630 2908 disputatio
655 2860 736 2897 iam
761 2860 879 2898 nimis
904 2860 1060 2909 prolixa
1084 2861 1270 2898 instituta
1289 2861 1359 2906 est,
1385 2871 1449 2897 eos
1469 2858 1556 2896 dico
1577 2858 1717 2907 quibus
1737 2858 1814 2896 En-

259 2919 370 2956 nium
396 2931 484 2957 cum
510 2917 693 2969 Scipione
718 2918 971 2958 familiariter
996 2919 1139 2958 vixisse
1164 2917 1423 2958 vividioribus
1454 2917 1649 2956 coloribus
1681 2917 1816 2967 depin—
