2054 3282
334 186 417 227 134
1005 174 1206 212 801³]ch

1061 293 1146 328 vm

334 374 416 416 103
449 371 557 421 Quid
584 371 663 413 fit?
690 369 840 412 seditio
868 368 1035 410 tabetne
1060 382 1115 409 an
1139 382 1335 410 numeros
1361 367 1565 424 augifieat
1589 367 1718 409 suos?

1079 494 1129 530 IX

334 573 417 615 104
449 571 530 615 Sed
557 570 678 626 quasi
703 572 778 612 aut
802 569 962 611 ferrum
988 571 1062 610 aut
1086 567 1198 624 lapis
1225 569 1361 624 durat,
1380 570 1570 611 rarenter
1589 568 1798 625 gemitum
1820 581 1888 610 co-

1393 642 1520 683 natur
1544 639 1712 682 trahens

1091 750 1124 785 X

335 826 416 868 105
438 793 773 869 *Andromachae
797 838 954 867 nomen
979 824 1054 879 qui
1079 823 1246 878 indidit,
1272 827 1385 866 recte
1411 824 1450 867 ei
1475 824 1641 867 indidit.

1082 952 1132 986 XI

334 1028 416 1070 106
448 1027 560 1070 Nam
586 1042 722 1081 neque
748 1026 846 1067 irati
871 1041 1009 1081 neque
1034 1025 1180 1069 blandi
1207 1026 1432 1081 quicquam
1459 1026 1621 1069 sincere
1645 1029 1814 1070 sonunt.

451 1191 533 1226 VHI
552 1192 647 1236 (103)
687 1190 829 1226 Nonius
849 1203 882 1236 p.
902 1194 956 1234 76,
973 1195 991 1225 2
1015 1190 1216 1237 ‘augificat
1235 1192 1356 1237 auget.
1374 1191 1514 1226 Ennius
1534 1190 1796 1228 Andromacha
1815 1193 1893 1237 (an-

332 1246 517 1289 dromaca)
539 1245 651 1289 «quid
669 1273 673 1278 .
692 1273 698 1278 .
715 1244 858 1280 tabesne
878 1255 926 1279 an
945 1255 1119 1281 numerus
1138 1254 1169 1280 a.
1186 1245 1321 1280 suos».'

448 1304 497 1337 IX
512 1305 607 1349 (104)
633 1303 776 1339 Nonius
790 1316 825 1349 p.
842 1307 920 1345 515,
937 1307 981 1338 26
998 1303 1185 1339 ‘rarenter
1197 1333 1202 1338 .
1218 1333 1223 1338 .
1238 1333 1243 1338 .
1257 1303 1399 1339 Ennius
1412 1304 1675 1340 Andromacha
1685 1305 1773 1342 «sed
1787 1305 1895 1349 quasi

332 1359 396 1392 aut
416 1358 512 1401 (aut
531 1368 600 1392 om.
616 1356 728 1392 Wolf.
743 1356 888 1402 Bamb.)
905 1357 1044 1392 ferrum
1059 1385 1064 1391 .
1082 1386 1088 1391 .
1106 1386 1112 1391 .
1129 1358 1284 1393 conatur
1304 1357 1489 1394 trabem»)
1610 1358 1663 1392 De
1686 1358 1892 1393 ‘rarenter'

332 1410 375 1445 cf.
393 1410 532 1445 Gellius
552 1423 579 1445 11
600 1414 655 1453 25,
671 1415 702 1446 8,
725 1410 913 1445 Charisius
933 1423 961 1445 11
979 1423 1014 1456 p.
1031 1414 1110 1454 217,
1127 1415 1171 1446 14
1185 1410 1227 1446 Κ.

448 1470 481 1504 X
501 1472 597 1516 (105)
623 1470 740 1506 Varro
762 1470 808 1505 de
826 1470 850 1505 l.
866 1470 904 1505 L.
919 1483 971 1505 vn
985 1473 1029 1505 82
1047 1471 1168 1516 ‘apud
1189 1470 1350 1506 Ennium
1370 1470 1677 1507 «Andromachae
1692 1499 1698 1505 .
1716 1499 1721 1505 .
1739 1500 1745 1505 .
1760 1475 1851 1507 recte
1863 1473 1897 1507 ei

330 1524 502 1561 indidit».
517 1524 608 1560 item
623 1525 710 1571 [53].
732 1524 873 1559 imitari
893 1524 981 1559 dum
1001 1524 1119 1560 voluit
1136 1524 1354 1570 Euripidem
1374 1526 1412 1559 et
1429 1535 1567 1570 ponere
1588 1524 1721 1570 ἔτυμον
1741 1525 1798 1560 est
1814 1524 1896 1570 lap-

331 1590 410 1622 sus3
429 1589 517 1614 nam
530 1578 727 1623 Euripides
748 1578 849 1623 quod
863 1577 1006 1613 Graeca
1023 1578 1150 1624 posuit
1169 1578 1283 1623 ἔτυμα
1303 1579 1390 1613 sunt
1409 1579 1548 1624 aperta.
1570 1577 1635 1613 ille
1655 1578 1710 1614 ait
1727 1578 1812 1614 ideo
1831 1589 1896 1614 no-

331 1643 415 1667 men
435 1632 606 1667 additum
624 1631 910 1667 Andromachae
929 1632 1029 1677 quod
1049 1632 1161 1677 ἀνδρὶ
1180 1631 1353 1678 μάχεταις
1372 1632 1443 1667 hoc
1464 1631 1577 1667 Ennii
1596 1631 1679 1677 quis
1697 1633 1823 1678 potest
1841 1633 1896 1668 in-

332 1685 501 1731 telligere
522 1685 592 1733 [in]
612 1695 758 1720 versum
778 1685 989 1730 significare
1009 1685 1316 1721 «Andromachae
1335 1696 1470 1720 nomen
1489 1685 1554 1730 qui
1574 1685 1714 1720 indidit
1732 1690 1822 1722 recte
1841 1686 1897 1721 in-

333 1739 452 1775 didit»
473 1739 558 1773 aut’
575 1749 649 1784 eqs.
759 1738 897 1773 Versus
918 1738 1080 1774 Graecus
1100 1739 1139 1773 in
1159 1738 1363 1784 Euripiden,
1382 1738 1578 1785 tragoedia
1597 1750 1671 1774 non
1692 1741 1803 1775 extat.
1824 1739 1897 1775 En—

332 1792 415 1827 nius
434 1794 561 1827 tamen
587 1792 753 1827 dubitari
778 1803 852 1827 non
871 1793 996 1837 potest
1021 1793 1111 1837 quin
1134 1802 1282 1827 sensum
1301 1792 1461 1827 nominis
1480 1793 1610 1827 tenore
1630 1793 1898 1828 sententiarum

334 1845 594 1881 declaraverit:
618 1845 683 1890 qui
702 1846 810 1880 tenor
828 1845 950 1890 qualis
976 1845 1090 1881 fuerit
1108 1845 1167 1881 vel
1191 1856 1290 1881 nunc
1310 1845 1436 1891 aliquo
1458 1846 1568 1881 modo
1589 1856 1634 1880 ex
1652 1846 1695 1881 fr.
1710 1859 1786 1882 vm.
1801 1860 1848 1882 11.
1863 1860 1896 1882 x.

333 1913 370 1934 11
389 1899 596 1945 dispicitur.
620 1898 896 1935 seditionem
918 1899 1017 1935 enim
1035 1901 1126 1945 (vm)
1143 1899 1314 1945 intelligo
1337 1910 1411 1934 non
1435 1899 1571 1935 civium
1593 1899 1658 1934 sed
1681 1910 1764 1935 eam
1786 1911 1899 1946 quam

333 1953 527 1989 Terentius
548 1953 642 1989 dicit
660 1952 774 1988 Andr.
789 1955 859 1988 830
875 1952 1012 1988 ‘filiam
1031 1954 1074 1988 ut
1093 1954 1221 1988 darem
1240 1952 1279 1988 in
1299 1952 1522 1988 seditionem
1547 1953 1660 1997 atque
1678 1952 1718 1988 in
1737 1952 1899 1989 incertas

334 2007 519 2052 nuptias’3
533 2008 571 2042 et
583 2006 846 2042 Andromacha
865 2006 1015 2052 captiva
1034 2008 1090 2042 tot
1110 2006 1235 2042 clades
1255 2016 1431 2052 perpessa
1444 2005 1540 2040 nihil
1556 2005 1747 2051 indignius
1766 2005 1900 2042 habuit

335 2072 447 2105 quam
471 2062 557 2106 post
581 2060 779 2095 Hectorem
805 2060 870 2095 alii
889 2060 967 2095 viro
993 2060 1031 2095 in
1058 2060 1273 2106 coniugium
1299 2059 1396 2095 dari:
1423 2059 1480 2094 ita
1497 2059 1664 2104 loquitur
1682 2059 1815 2095 Troad.
1832 2063 1899 2095 658

336 2113 414 2149 ἐπεὶ
434 2113 503 2159 γὰρ
523 2112 680 2161 ᾑρέθην,
698 2112 879 2161 Ἀχιλλέως
898 2127 941 2159 με
967 2120 1056 2155 παῖς
1081 2113 1269 2160 ἐβουλήθη
1289 2114 1416 2160 λαβεῖν
1442 2112 1627 2157 δάμαρτα·
1653 2113 1838 2149 δουλεύσω
1859 2111 1897 2148 δ’

337 2166 376 2201 ἐν
403 2167 598 2203 αὐθεντῶν
617 2166 756 2213 δόμοι-ς.
777 2168 835 2203 κεί
853 2168 920 2212 μὲν
934 2164 1317 2212 παρώσασ”Έκτορος
1332 2165 1442 2211 φίλον
1462 2165 1560 2210 κάρα
1576 2165 1669 2210 πρὸς
1679 2166 1746 2202 τὸν
1759 2165 1899 2211 παρόν-

336 2233 381 2254 τα
395 2218 504 2255 πόσιν
518 2221 717 2264 ἀναπτύξω
732 2220 865 2267 φρένα,
882 2220 978 2267 κακὴ
997 2226 1191 2266 φανοῦμαι
1209 2223 1259 2267 τῷ
1278 2218 1456 2256 θανόντι·
1471 2218 1581 2255 τόνδε
1601 2217 1638 2255 δ’
1655 2217 1703 2255 αὖ
1725 2218 1896 2265 στυγοῦσ’

338 2273 496 2319 ἐμαυτῆς
521 2273 717 2316 δεσπόταις
741 2275 949 2321 μισήσομαι.
970 2273 1093 2310 καίτοι
1118 2273 1287 2320 λέγουσιν
1307 2274 1356 2315 ὡς
1374 2271 1427 2318 μί’
1446 2271 1612 2319 εὐφρόνη
1639 2275 1734 2322 χαλᾷ
1752 2273 1794 2308 τὸ
1815 2274 1900 2308 δυσ-

338 2326 445 2372 μενὲς
462 2327 639 2372 γυναικὸς
658 2328 711 2370 εἰς
730 2328 870 2372 ἀνδρὸς
887 2327 1005 2375 λέχος·
1022 2326 1204 2364 ἀπέπτυσ’
1222 2326 1352 2372 αὐτήν,
1366 2325 1445 2372 ἥτις
1465 2326 1587 2371 ἄνδρα
1605 2326 1670 2362 τὸν
1686 2326 1807 2371 πάρος
1819 2340 1900 2362 και-

339 2385 435 2415 νοῖσι
461 2378 622 2423 λέκτροις
644 2380 874 2428 ἀποβαλοῦσ’
899 2381 1010 2417 ἄλλον
1030 2384 1141 2426 φιλεῖ,
1161 2383 1199 2416 ct
1219 2384 1286 2416 673
1304 2393 1383 2426 sqq.
1398 2391 1467 2415 nec
1485 2380 1557 2416 hoc
1576 2380 1739 2415 alienum
1759 2380 1807 2415 ab
1827 2380 1901 2414 An-

339 2433 541 2468 dromacha
559 2433 696 2478 Eurip„
712 2435 756 2469 cf.
774 2438 827 2469 38.
846 2439 923 2469 111.
942 2439 1019 2471 112,
1035 2435 1081 2470 al.

458 2492 507 2526 XI
527 2494 622 2537 (106)
655 2493 796 2528 Nonius
815 2507 850 2539 p.
867 2498 946 2537 505,
962 2498 982 2528 9
1000 2495 1010 2511 ‘
1020 2495 1156 2530 sonunt
1175 2494 1288 2529 etiam
1308 2493 1396 2528 inde
1409 2493 1584 2528 manavit.
1607 2493 1748 2528 Ennius
1768 2493 1900 2527 andro-

338 2556 443 2580 mace
456 2546 714 2591 ethemapotide
728 2548 769 2590 (a
777 2558 796 2581 e
806 2559 825 2582 c
832 2547 855 2581 h
863 2560 900 2582 m
909 2548 951 2582 al
959 2559 979 2582 0
988 2548 1055 2583 tid
1064 2558 1084 2582 e
1102 2547 1275 2592 Rothius)
1289 2557 1399 2582 «nam
1415 2575 1420 2580 .
1439 2575 1444 2580 .
1462 2574 1468 2581 .
1483 2547 1658 2591 quiquam
1671 2558 1697 2580 s.
1714 2545 1898 2580 sonunt»)

462 2742 544 2780 103
571 2741 730 2780 tabetne
749 2741 930 2790 Lipsius:
950 2742 1110 2782 tabesne
1254 2754 1434 2780 numeros
1456 2742 1556 2779 edd:
1575 2752 1758 2779 numerus

344 2802 427 2839 104
455 2803 598 2839 conatu
624 2801 784 2840 trahens
808 2801 972 2850 Lipsius
1125 2802 1287 2841 Verswm
1312 2802 1395 2840 licet
1419 2802 1462 2839 im
1486 2801 1583 2839 duos
1607 2801 1835 2839 distribuere
1858 2794 1903 2851 (a

342 2854 489 2913 durat),
504 2861 605 2908 quod
617 2861 815 2908 plerisque
827 2861 1065 2909 praefertur,
1081 2873 1144 2910 eqo
1160 2861 1285 2900 malui
1296 2862 1581 2909 penta-metrum
1595 2859 1827 2898 trochaicum
1840 2859 1901 2897 cle-

341 2920 515 2963 seribere,
536 2920 582 2967 cf.
598 2920 650 2957 ad
670 2929 746 2965 130
900 2920 981 2958 106
1008 2921 1218 2969 quicquam
1238 2920 1328 2958 olim
1347 2931 1461 2957 coma:
1483 2920 1671 2968 quiquam
