2020 3334
360 207 511 242 LXXIV
917 207 945 242 I.
970 206 1198 243 HISTORIA
1215 207 1354 243 ENNH

359 320 499 358 lectari
529 317 754 357 subindicat
778 317 825 356 de
850 319 913 357 ira
936 330 983 356 111
1004 319 1071 367 37,
1092 319 1131 367 5,
1161 319 1233 358 illa
1257 321 1389 359 aetate
1419 320 1602 372 neglecta
1631 321 1838 368 innuerint,
1869 332 1915 358 ex

357 380 407 417 iis
432 378 682 427 perspicuum
707 376 753 415 fit
778 389 878 427 quae
901 378 1014 427 epist.
1037 378 1105 426 58,
1126 379 1150 416 5
1177 378 1317 417 scribit
1339 390 1419 417 non
1441 379 1485 418 id
1508 391 1580 429 ayo
1603 391 1708 419 nunc
1730 380 1803 418 hac
1827 379 1915 418 dili-

354 438 486 486 qentia
509 439 553 474 ut
577 436 786 481 ostendam,
816 439 1005 485 quantum
1032 439 1179 485 tempus
1209 438 1318 486 apud
1343 440 1641 487 grammaticum
1663 438 1916 486 perdiderim,

357 496 424 534 sed
448 498 492 533 ut
515 506 560 533 ex
583 495 652 533 hoc
682 495 878 544 intellegas
903 499 1092 544 quantum
1122 497 1230 544 apud
1255 497 1434 535 Ennium
1464 500 1499 536 et
1520 497 1685 537 Accium
1713 498 1916 535 verborum

356 556 454 593 situs
479 555 737 602 occupaverit,
768 566 855 593 cum
885 555 993 602 apud
1021 556 1123 594 hunc
1152 567 1299 604 quoque
1328 558 1395 604 qui
1424 557 1560 595 cotidie
1589 557 1777 595 exciditur
1801 550 1915 608 (Ver—

359 613 501 664 gilium
525 607 641 665 dicit)
668 614 802 661 aliqua
826 614 937 652 nob-is
960 614 1149 653 subducta
1172 616 1261 653 sint.
1297 615 1374 653 Sed
1399 615 1572 653 Ennium
1603 615 1787 665 quantuli
1816 615 1915 653 fece-

357 673 423 720 rit,
458 673 709 722 cognoscitur
733 686 780 710 ex
804 674 854 711 iis
881 686 981 722 quae
1005 674 1049 711 in
1073 674 1186 723 epist.
1210 674 1291 712 108
1319 675 1491 724 exponit,
1521 686 1609 712 cum
1639 674 1714 712 hoc
1746 675 1843 724 agat
1872 675 1918 711 ut

360 731 560 770 Ciceronis
584 731 706 770 libros
732 731 779 769 de
804 745 846 770 re
874 732 1034 781 publica
1058 745 1137 771 non
1173 733 1309 771 eadem
1339 735 1470 772 mente
1506 733 1719 782 eodemque
1753 733 1916 771 consilio

357 791 637 840 philosophum
662 792 702 828 et
726 791 974 841 philologum
999 793 1038 830 et
1062 793 1365 842 grammaticum
1390 792 1498 830 adire
1525 792 1684 839 doceat,
1708 792 1813 830 hunc
1837 792 1916 841 pri-

357 863 465 888 mum
490 849 683 888 vocabula
709 863 876 899 quorum
901 863 993 889 usus
1018 853 1195 889 mutatus
1220 852 1274 889 sit
1307 853 1468 899 sectari,
1498 852 1635 890 deinde
1664 851 1796 901 pergit
1821 844 1917 902 (33)

357 909 566 947 Ennianos
597 909 740 957 colliyit
768 921 902 948 versus
933 912 967 948 et
998 911 1040 948 in
1062 911 1207 957 primis
1236 911 1322 948 illos
1353 911 1399 949 de
1423 910 1617 958 Africano
1646 911 1808 957 scriptos
1840 905 1919 948 ‘cu-i

355 979 465 1006 nemo
484 968 578 1006 civis
596 979 716 1015 neque
733 969 850 1006 hostis
869 970 992 1016 quivit
1001 980 1078 1017 pro
1090 971 1205 1017 factis
1218 969 1376 1008 reddere
1391 971 1475 1017 opis
1481 965 1668 1017 pretium'
1684 963 1826 1021 (epigr.
1840 963 1917 1020 111).

358 1039 403 1065 ex
427 1038 468 1065 eo
491 1038 532 1065 se
557 1028 614 1065 ait
632 1028 855 1076 intellegere,
881 1039 989 1075 opem
1014 1029 1121 1076 apud
1146 1029 1324 1076 antiquos
1348 1040 1427 1066 non
1451 1031 1601 1067 tantum
1626 1028 1819 1066 auxilium
1842 1028 1918 1075 siq-

356 1087 537 1133 nijicasse
560 1086 627 1124 sed
651 1097 820 1134 operam,
845 1088 902 1124 ait
919 1088 1021 1125 enim
1039 1087 1198 1125 Ennius
1215 1089 1406 1126 neminem
1417 1089 1591 1135 potuisse
1608 1086 1782 1134 Scipioni
1799 1098 1920 1134 neque

357 1146 476 1184 civem
499 1156 619 1193 neque
638 1145 784 1183 hostem
814 1146 971 1184 reddere
1001 1158 1139 1194 operae
1159 1147 1341 1193 pretium.
1373 1146 1540 1185 Felicem
1565 1146 1701 1184 deinde
1727 1157 1768 1183 se
1790 1147 1919 1193 putat,

359 1204 461 1252 quod
486 1205 674 1242 invenerit
697 1204 800 1242 wnde
821 1206 948 1243 visum
972 1206 1023 1243 sit
1048 1205 1214 1254 Verqilio
1233 1205 1357 1244 dicere
1377 1201 1503 1253 ‘quem
1520 1216 1637 1252 super
1654 1206 1790 1252 inqens
1801 1206 1920 1252 porta

359 1266 466 1301 tonat
497 1258 620 1301 caeli'.
659 1263 838 1301 Ennium
868 1264 936 1302 hoc
967 1265 1023 1302 ait
1047 1264 1216 1302 Homero
1240 1265 1498 1312 subripuisse,
1530 1264 1663 1302 Fstmio
1696 1263 1920 1311 Verqilium,

358 1333 437 1360 esse
463 1323 564 1360 enim
589 1322 697 1369 apud
725 1321 943 1361 Ciceronem
967 1324 1011 1361 in
1034 1323 1094 1361 his
1119 1324 1216 1370 ipsis
1247 1323 1292 1361 de
1322 1335 1365 1361 re
1388 1323 1550 1370 publica
1580 1323 1649 1360 hoc
1680 1323 1919 1370 epiyramma

358 1381 469 1419 Enni
495 1378 553 1429 [1v
575 1376 650 1431 23]
670 1377 720 1418 ‘si
744 1382 809 1429 fas
835 1382 930 1419 endo
948 1382 1092 1430 plaqas
1116 1382 1318 1420 caelestum
1343 1382 1546 1420 ascendere
1574 1383 1756 1429 cuiquam
1775 1383 1839 1425 est,
1864 1382 1918 1418 mi

356 1441 430 1478 soli
455 1440 551 1478 caeli
575 1441 749 1478 maxima
766 1443 885 1487 porta
903 1438 1039 1488 patet'.
1075 1440 1152 1478 Sed
1175 1453 1223 1479 ne
1249 1443 1282 1479 et
1305 1442 1387 1488 ipse
1412 1441 1505 1478 dum
1531 1440 1642 1479 aliud
1666 1451 1738 1488 ayo
1763 1441 1805 1478 in
1829 1440 1920 1486 phi-

358 1499 524 1547 loloqum
549 1501 617 1537 aut
638 1501 937 1547 yrammatieum
962 1500 1122 1538 delabar
1147 1513 1224 1549 eqs.
1251 1500 1432 1549 Apparet
1458 1499 1646 1538 Senecam
1670 1511 1742 1537 nec
1768 1497 1919 1536 Cicero-

358 1571 448 1596 nem
472 1570 599 1607 neque
625 1558 798 1595 Ennium
823 1558 959 1609 magni
982 1559 1122 1597 facere.
1150 1558 1226 1597 Sed
1250 1561 1297 1596 ut
1320 1560 1399 1608 ipsi
1423 1559 1520 1597 haec
1545 1558 1593 1597 de
1618 1571 1659 1597 re
1678 1557 1838 1607 publica
1858 1555 1919 1595 Ci-

359 1618 522 1665 aaronis,
555 1629 654 1666 quae
679 1616 791 1655 nobis
817 1620 974 1655 servata
999 1630 1078 1655 non
1103 1620 1207 1666 sunt,
1232 1620 1395 1667 accepta
1419 1618 1655 1665 referuntur,
1685 1618 1745 1655 ita
1770 1616 1818 1654 ab
1849 1616 1919 1655 illo

359 1677 481 1714 etiam
506 1675 706 1725 iniquiora
732 1676 778 1714 de
798 1676 928 1714 Ennio
953 1675 995 1714 in
1019 1676 1160 1715 iisdem
1185 1676 1363 1726 epistolis
1389 1678 1595 1725 proposita
1614 1674 1763 1714 Gellius
1790 1688 1920 1713 serva-

358 1736 418 1772 vit
443 1747 499 1772 xn
521 1736 558 1783 2,
583 1735 686 1773 unde
712 1735 828 1773 facile
853 1737 1102 1784 perspicitur,
1128 1748 1247 1784 quam
1273 1735 1428 1774 diversa
1452 1736 1602 1773 fuerint
1633 1734 1786 1773 diverso
1823 1736 1919 1772 tem-

358 1807 453 1843 pore
479 1793 527 1832 de
552 1793 681 1832 Ennio
707 1793 865 1832 iudicia.
891 1794 930 1832 Is
955 1794 1079 1844 igitur
1102 1794 1161 1832 ita
1186 1789 1297 1847 (nam
1322 1807 1446 1843 paene
1470 1796 1601 1832 totum
1627 1795 1747 1843 caput
1775 1793 1919 1831 descri-

357 1853 528 1891 bendum
553 1847 629 1905 est)
655 1853 751 1891 mih-i
775 1853 822 1891 de
846 1854 951 1891 omni
975 1855 1057 1892 eius
1083 1847 1255 1905 (Annaei
1281 1847 1469 1906 Senecae)
1494 1854 1647 1902 inqenio
1673 1853 1791 1900 deque
1815 1853 1922 1890 omni

356 1913 498 1959 scripto
528 1912 718 1950 iudicium
749 1924 1024 1960 censuramque
1052 1913 1181 1960 facere
1211 1924 1288 1950 non
1319 1924 1514 1950 necessum
1545 1914 1615 1956 est,
1645 1912 1713 1950 sed
1743 1911 1845 1959 quod
1875 1911 1922 1950 de

358 1972 419 2009 M.
441 1971 620 2009 Cicerone
644 1973 678 2009 et
703 1970 745 2019 Q.
765 1971 898 2009 Ennio
924 1974 957 2009 et
980 1972 1024 2009 P.
1052 1971 1221 2020 Verqilio
1240 1972 1438 2015 iudicavit,
1464 1983 1509 2009 ea
1528 1982 1589 2009 res
1608 1972 1719 2008 cuius
1738 1971 1842 2008 modi
1860 1971 1922 2014 sit,

359 2030 412 2068 ad
436 2030 759 2068 considerandum
777 2041 978 2078 ponemus.
1004 2030 1057 2068 In
1081 2031 1179 2068 libro
1205 2032 1306 2068 enim
1334 2031 1510 2068 vicesimo
1541 2030 1707 2068 secundo
1738 2029 1920 2077 epistula-

357 2101 448 2127 rum
471 2089 690 2133 moralium,
715 2101 813 2137 quas
838 2089 890 2127 ad
909 2089 1110 2127 Lucilium
1129 2091 1348 2137 composuit,
1373 2089 1604 2127 deridiculos
1621 2100 1755 2126 versus
1776 2088 1818 2137 Q.
1838 2088 1922 2125 En-

357 2149 469 2186 nium
493 2148 539 2186 de
566 2147 722 2196 Cetheqo
753 2149 911 2196 antiquo
942 2150 1025 2186 viro
1055 2150 1190 2196 fecisse
1214 2149 1280 2186 lws
1306 2148 1417 2186 dicit:
1449 2145 1498 2186 ‘is
1530 2143 1683 2186 dictust’
1711 2159 1778 2196 eqs
1811 2141 1920 2199 (ann.

361 2201 625 2258 306—308).
650 2205 710 2245 Ac
735 2207 870 2245 deinde
890 2208 1047 2254 scripsit
1064 2207 1111 2245 de
1128 2207 1265 2245 iisdem
1286 2207 1457 2245 versibus
1475 2207 1592 2245 verba
1610 2207 1722 2245 haee:
1746 2206 1922 2244 admiror

360 2266 683 2313 eloquentissimos
710 2267 814 2304 viros
845 2269 880 2304 et
908 2266 1054 2304 deditos
1078 2266 1212 2304 Ennio
1240 2277 1312 2313 pro
1343 2267 1497 2314 optimis
1527 2266 1698 2304 ridicula
1728 2265 1922 2303 laudasse.

362 2324 492 2363 Cicero
518 2327 613 2363 certe
633 2319 762 2377 (Bmt.
787 2325 853 2373 15,
874 2319 948 2378 58)
974 2326 1074 2363 inter
1098 2325 1214 2363 bonos
1240 2326 1322 2363 eius
1346 2336 1480 2363 versus
1506 2325 1624 2363 ethos
1642 2326 1769 2372 refert.
1794 2322 1922 2371 Atque

359 2384 402 2422 id
432 2385 547 2422 ctiam
578 2384 623 2422 de
651 2383 830 2422 Cicerone
861 2384 972 2422 dicit:
1005 2395 1083 2421 non
1113 2386 1246 2428 miror,
1275 2385 1413 2431 inquit,
1443 2385 1567 2431 fuisse
1597 2385 1664 2431 qui
1693 2383 1761 2420 hos
1786 2393 1920 2420 versus

352 2443 554 2489 scriberet,
585 2455 672 2480 eum
707 2443 825 2491 fuerit
856 2444 923 2491 qui
953 2443 1150 2488 laudaret,
1186 2444 1264 2480 nisi
1294 2443 1391 2490 forte
1424 2441 1555 2480 Cicero
1585 2452 1761 2479 summus
1792 2443 1923 2479 orator

361 2502 496 2550 ayebat
526 2513 686 2540 causam
715 2513 829 2539 suam
860 2505 894 2540 et
923 2502 1070 2540 volebat
1098 2503 1166 2540 lios
1196 2512 1329 2539 versus
1359 2501 1484 2539 videri
1519 2501 1647 2538 bonos.
1684 2500 1822 2538 Postea
1855 2500 1923 2537 hoc

361 2562 476 2599 etiam
501 2560 653 2598 addidit
675 2561 942 2599 insulsissime.
974 2560 1096 2608 Apud
1120 2562 1250 2608 ipsum
1274 2571 1431 2607 quoque,
1455 2560 1592 2607 inquit,
1621 2558 1839 2597 Ciceronem
1862 2559 1922 2596 in-

360 2621 487 2657 venies
512 2621 627 2657 etiam
645 2621 688 2657 in
700 2630 823 2666 prosa
842 2621 1014 2658 orat-ione
1032 2619 1235 2666 quaedam,
1260 2630 1304 2657 eac
1323 2619 1461 2666 quibus
1480 2618 1689 2665 intelleqas,
1714 2617 1827 2655 illum
1844 2628 1923 2655 non

354 2678 574 2726 perdidisse
598 2689 755 2725 operam
779 2678 880 2726 quod
905 2679 1082 2716 Ennium
1108 2678 1207 2726 leqit.
1240 2678 1357 2715 Ponit
1387 2677 1523 2715 deinde
1554 2687 1653 2724 quae
1684 2676 1793 2723 apud
1820 2675 1922 2714 Cice-

360 2748 492 2774 ronem
515 2737 767 2784 reprehendat
791 2738 905 2784 quasi
930 2737 1133 2781 Enniana,
1164 2737 1266 2784 quod
1289 2738 1345 2774 ita
1369 2736 1567 2783 scripserit
1589 2736 1633 2773 in
1663 2735 1774 2773 libris
1806 2735 1852 2772 de
1878 2746 1924 2772 re

354 2796 536 2843 publica:
566 2791 626 2833 ‘ut
648 2796 829 2833 Menelao
856 2795 1009 2834 Laconi
1039 2796 1230 2843 quaedam
1259 2796 1338 2842 fuit
1365 2795 1638 2842 suaviloquens
1667 2789 1921 2837 iucunditas'‚

361 2857 396 2891 et
419 2854 520 2901 quod
544 2855 622 2892 alio
646 2856 690 2892 in
718 2855 795 2892 loco
827 2855 968 2893 dixerit
998 2850 1352 2902 ‘breviloquentiam
1382 2855 1426 2892 in
1455 2853 1613 2891 dicendo
1644 2848 1769 2891 colat.'
1791 2873 1843 2877 —
1868 2873 1920 2878 —

361 2913 422 2952 De
458 2913 624 2962 Verqilio
650 2925 796 2961 quoque
821 2914 948 2952 eodem
972 2914 1015 2951 in
1040 2914 1118 2952 loco
1144 2913 1261 2952 verba
1284 2914 1376 2952 haec
1393 2913 1526 2961 ponit:
1562 2911 1753 2961 Veryilius
1778 2922 1924 2959 quoque
