2054 3282
798 177 1048 216 IPHIGENJA
1619 178 1700 223 161

818 366 1022 392 IPHIGENIA

140 419 227 461 245
259 418 549 462 Acherontem
575 419 708 474 obibo,
734 419 809 461 ubi
834 419 989 462 Mortis
1014 420 1206 462 thesauri
1231 420 1429 462 obiacent.

260 547 400 590 Quibus
426 547 547 583 verbis
567 547 753 583 Ciceronis
780 548 826 582 de
846 547 952 582 Tusc.
974 547 1068 593 disp.
1090 561 1103 582 1
1122 551 1179 591 48,
1196 552 1262 582 116
1288 548 1385 583 hanc
1410 548 1579 583 fabulam
1603 548 1704 583 locu-

140 601 339 646 pletarunt,
361 611 405 636 ea
418 601 529 647 vulgo
550 611 617 636 nee
636 603 735 637 recte
755 601 895 646 scripta
914 602 980 636 aut
998 601 1114 646 probe
1133 601 1380 646 interpretata
1393 612 1472 636 esse
1486 612 1606 646 neque
1619 612 1704 636 vero

140 654 256 689 ullam
284 654 394 689 huius
423 655 641 701 tragoediae
666 656 812 700 partem
844 655 1043 698 continere,
1071 654 1161 689 satis
1194 654 1326 699 opinor
1356 654 1511 700 probavi
1542 666 1703 700 prooem.

143 708 304 755 1879s80
323 720 359 753 p.
377 711 419 743 13
435 720 487 753 sq.

141 896 237 931 quae
257 896 318 920 eos
339 886 403 931 qui
423 886 658 930 quaesissent
676 887 714 921 et
733 897 821 921 cura
847 888 885 921 et
910 886 1061 932 negotio
1087 886 1281 930 solverent,
1303 886 1435 931 cuique
1459 888 1588 921 contra
1607 887 1706 922 Galli

141 939 266 974 studia
292 939 501 984 disputanti
526 940 565 974 in
593 950 654 974 ore
681 950 826 985 semper
848 941 929 975 erat
950 939 1014 975 ille
1038 939 1233 985 (Osannus,
1260 939 1346 974 illa
1366 940 1459 985 cod.)
1484 940 1529 974 de
1551 940 1707 985 Ifigenia

140 992 304 1028 Achilles
326 993 621 1039 «astrologorum
642 1022 647 1027 .
666 1022 671 1028 .
689 1022 695 1028 .
717 995 765 1029 sit
783 993 1052 1028 observationis
1069 1022 1074 1028 .
1092 1022 1098 1028 .
1116 1022 1121 1027 .
1137 993 1322 1039 plagas».’
1445 993 1548 1028 Idem
1568 994 1614 1028 de
1634 994 1704 1028 div.

141 1059 168 1080 11
193 1050 247 1090 13,
262 1049 307 1080 30
329 1046 582 1082 ‘Democritus
602 1048 729 1082 tamen
754 1058 829 1082 non
854 1047 988 1082 inscite
1013 1048 1177 1093 nugatur
1199 1048 1241 1081 ut
1263 1046 1450 1092 physicus,
1475 1058 1548 1091 quo
1572 1057 1706 1092 genere

140 1099 236 1134 nihil
261 1100 520 1146 adrogantius:
542 1100 665 1145 «quod
687 1129 692 1134 .
710 1129 716 1135 .
734 1129 740 1135 .
761 1101 945 1146 plagas».’
1076 1100 1136 1135 Ad
1155 1100 1235 1135 Ter.
1257 1100 1314 1135 ad.
1334 1113 1376 1134 111
1396 1103 1428 1143 3,
1444 1104 1487 1134 32
1511 1100 1629 1135 ‘istuc
1652 1102 1708 1136 est

142 1164 287 1198 sapere,
311 1164 385 1188 non
411 1153 511 1198 quod
537 1155 624 1189 ante
645 1154 760 1199 pedes
785 1154 934 1189 modost
958 1154 1100 1198 videre,
1128 1154 1192 1188 sed
1219 1154 1334 1189 etiam
1359 1153 1427 1188 illa
1456 1165 1552 1199 quae
1580 1154 1708 1189 futura

142 1209 228 1242 sunt
246 1206 471 1252 prospicere’
488 1207 655 1242 Donatus
677 1208 872 1242 adnotavit
887 1208 1007 1252 ‘quod
1028 1209 1115 1242 ante
1133 1208 1249 1253 pedes
1268 1207 1378 1242 modo
1400 1209 1457 1242 est
1475 1207 1617 1243 videre:
1637 1208 1708 1242 hoc

142 1260 301 1305 sumpsit
318 1262 432 1305 poeta
451 1261 497 1295 de
516 1260 581 1295 illo
601 1261 641 1295 in
659 1260 857 1306 physicum
876 1261 941 1306 (in
961 1273 1110 1306 syrum
1133 1261 1191 1295 vel
1217 1273 1366 1305 syrum
1390 1261 1495 1296 codd,
1514 1262 1605 1306 opt.)
1625 1271 1708 1306 per-

141 1313 293 1359 vulgato
321 1313 480 1348 ancillae
506 1314 606 1349 dicto
633 1314 757 1359 «quod
786 1316 872 1349 ante
897 1315 1012 1360 pedes
1039 1316 1096 1349 est
1120 1325 1194 1349 non
1219 1314 1322 1349 videt
1347 1314 1585 1360 <vident):
1613 1314 1708 1349 caeli

142 1368 328 1402 scrutatur
348 1368 653 1413 (scrutantur)
674 1367 858 1414 plagas».'
875 1368 977 1410 Quae
995 1378 1223 1413 quamquam
1242 1367 1404 1402 Enniani
1417 1367 1575 1402 Achillis
1596 1367 1708 1403 verba

141 1420 315 1456 videntur
333 1420 487 1464 referre,
510 1422 637 1455 tamen
657 1421 862 1456 cavendum
888 1422 944 1456 est
968 1432 1014 1456 ne
1034 1421 1234 1456 Achillis
1259 1420 1317 1455 vel
1342 1420 1554 1455 Achillae
1573 1431 1708 1456 nomen

142 1484 363 1518 reponamus
390 1484 457 1518 pro
484 1474 726 1510 ancillae:
753 1485 826 1518 quo
853 1475 898 1509 de
925 1474 1003 1509 dixi
1028 1485 1189 1519 prooem.
1214 1474 1375 1521 1888s89
1404 1486 1439 1519 p.
1463 1477 1506 1508 15
1527 1485 1579 1518 sq.
1605 1474 1709 1509 Idem

143 1527 285 1562 dictum
305 1527 464 1562 ancillae
485 1527 533 1562 ad
546 1527 741 1562 Thaletem
760 1527 799 1562 in
812 1529 967 1573 puteum
981 1527 1176 1563 cadentem
1191 1527 1513 1563 accommodatum
1527 1539 1611 1563 cum
1624 1528 1709 1563 Pla-

143 1582 181 1615 to
195 1580 308 1615 refert
322 1580 473 1615 Theaet.
491 1584 557 1615 174
572 1592 595 1616 a
607 1582 688 1616 tum
702 1581 768 1616 alii
787 1583 913 1626 testes,
933 1593 1025 1626 quos
1045 1582 1247 1626 praetereo.
1372 1580 1512 1616 Seneca
1532 1581 1578 1616 de
1600 1583 1706 1616 mort.

144 1632 271 1668 Claud.
284 1637 305 1667 8
322 1634 332 1651 ‘
343 1634 434 1679 quid
447 1634 486 1668 in
500 1634 670 1669 cubiculo
686 1645 750 1669 suo
764 1634 882 1670 faciat
895 1635 1030 1670 nescIt:
1052 1635 1178 1669 etiam
1193 1634 1311 1671 «caeli
1325 1636 1512 1669 scrutatur
1528 1634 1683 1680 plagas»
1693 1640 1709 1670 ⁶?

144 1687 234 1722 deus
254 1687 338 1721 fieri
359 1687 482 1722 vult?'
607 1687 658 1723 Cf.
671 1688 789 1722 Varro
809 1688 973 1733 Menipp.
986 1691 1054 1722 233
1069 1688 1109 1722 B.
1125 1688 1262 1723 ‘oculis
1283 1687 1378 1722 caeli
1398 1688 1526 1723 rimari
1545 1688 1706 1734 plagas.'

256 1740 418 1781 *Achillis
439 1741 665 1776 sententiam
684 1742 783 1776 unde
805 1742 952 1777 duxerit
964 1741 1106 1776 Ennius
1123 1751 1198 1776 non
1212 1741 1360 1776 videtur
1374 1740 1499 1776 afferri
1512 1752 1622 1787 posse
1636 1742 1709 1776 nisi

145 1794 334 1829 cavillatio
355 1794 571 1829 Calchantis
592 1796 629 1829 et
649 1796 785 1838 vatum,
807 1806 903 1839 quae
923 1797 980 1830 est
1005 1795 1106 1840 apud
1124 1794 1343 1839 Euripidem
1364 1798 1433 1829 955
1454 1806 1531 1840 sqq.
1553 1796 1710 1840 πικροὺς

144 1847 185 1883 δὲ
205 1847 392 1894 προχύτας
410 1846 584 1894 χέρνιβάς
601 1846 637 1883 τ’
656 1847 847 1893 ἐνάρξεται
860 1848 1011 1895 Κάλχας
1025 1848 1043 1883 ὁ
1058 1847 1203 1894 μάντις·
1225 1846 1280 1889 τίς
1299 1847 1341 1883 δὲ
1360 1847 1491 1892 μάντις
1510 1846 1583 1884 ἔστ’
1601 1849 1708 1893 ἀνήρ,

144 1899 185 1942 ὃς
198 1899 291 1946 ὀλίγ’
309 1901 444 1947 ἀληθῆ,
458 1901 575 1937 πολλὰ
589 1901 630 1938 δὲ
643 1903 766 1947 ψευδῆ
779 1901 875 1947 λέγει
887 1903 1019 1949 τυχών,
1035 1900 1124 1938 ὅταν
1141 1901 1183 1937 δὲ
1203 1901 1250 1947 μὴ
1270 1902 1373 1949 τύχῃ,
1394 1900 1591 1948 διοίχεται,
1613 1913 1708 1946 quae

145 1955 175 1988 si
196 1955 343 1989 secutus
363 1955 420 1989 est
438 1954 580 1989 Ennius
607 1955 697 1990 satis
723 1955 840 1990 libere
862 1957 996 2000 poetae
1017 1955 1149 1990 Graeci
1168 1955 1393 1990 sententiam
1413 1955 1621 1990 aemulatus
1642 1957 1707 1990 est.

262 2007 346 2041 XIII
362 2009 458 2053 (245)
490 2008 620 2042 Festus
641 2019 686 2043 ex
705 2019 832 2054 apogr.
847 2008 870 2042 l.
886 2021 947 2043 xrv
960 2021 995 2053 p.
1012 2012 1091 2052 236,
1107 2012 1127 2042 8
1143 2008 1209 2042 Th.
1227 2008 1295 2043 ‘ob
1314 2008 1592 2053 praepositione
1613 2009 1708 2043 anti-

145 2071 236 2104 quos
262 2071 347 2094 usos
368 2071 447 2095 esse
467 2072 534 2105 pro
555 2061 604 2095 ad
622 2061 728 2096 testis
749 2062 807 2095 est
825 2061 966 2095 Ennius
987 2073 1098 2105 quom
1118 2061 1173 2095 ait
1191 2061 1229 2095 L.
1245 2074 1326 2095 xnn
1341 2062 1408 2107 [rx]
1425 2090 1431 2095 .
1448 2090 1455 2095 .
1472 2090 1478 2095 .
1494 2063 1532 2096 et
1550 2061 1589 2096 in
1608 2061 1708 2106 Iphi-

145 2113 256 2159 genia
276 2113 546 2149 «Acherontem
570 2114 679 2150 adibo
700 2142 707 2149 .
725 2143 730 2148 .
748 2142 753 2148 .
776 2114 994 2150 adiacent»)
1119 2114 1221 2156 Quae
1246 2114 1466 2159 Iphigeniae
1486 2114 1598 2150 verba
1617 2115 1708 2149 Her-

145 2178 302 2201 mannus
326 2167 374 2202 ad
394 2167 598 2212 Euripidea
620 2171 710 2202 1375
730 2170 937 2204 κατθανεῖν
957 2167 1023 2212 μέν
1043 2181 1105 2212 μοι
1119 2169 1202 2213 (μου
1216 2168 1260 2202 H.
1272 2167 1432 2202 Weilius
1451 2169 1564 2214 recte)
1578 2167 1708 2204 δέδοκ-

144 2234 217 2265 ται,
238 2220 418 2256 Columna
444 2222 569 2256 autem
595 2221 644 2256 ad
665 2224 755 2256 1503
780 2224 955 2257 θανοῦσα
981 2218 1018 2257 δ’
1042 2221 1110 2256 οὐκ
1135 2219 1340 2266 ἀναίνομαι
1364 2220 1559 2256 referenda
1585 2222 1707 2256 duxit:

145 2274 238 2308 mihi
263 2274 383 2319 magis
410 2274 644 2309 valedicendi
669 2274 743 2309 vim
769 2274 941 2310 videntur
965 2274 1121 2318 habere;
1149 2275 1192 2309 ut
1216 2285 1261 2308 ex
1283 2274 1341 2308 his
1360 2274 1486 2319 potius
1509 2278 1599 2309 1506
1619 2277 1707 2320 λαμ-

146 2330 336 2374 παδοῦχος
355 2326 474 2372 ἁμέρα
494 2327 585 2368 Διός
602 2340 641 2362 τε
662 2326 809 2373 φέγγος,
831 2327 955 2372 ἕτερον
976 2326 1130 2372 ἕτερον
1150 2328 1295 2364 αἰῶνα
1315 2328 1392 2363 καὶ
1418 2333 1587 2373 μοῖραν
1607 2328 1708 2373 οἰκή-

147 2392 268 2425 σομεν,
287 2379 394 2427 χαῖρέ
412 2393 485 2425 μοι,
507 2379 617 2425 φίλον
638 2380 736 2425 φάος
756 2391 930 2426 expressa
950 2381 1034 2416 sint.

268 2577 350 2614 245
379 2576 494 2615 obibo
522 2579 556 2615 et
579 2577 771 2621 obiacent,
792 2588 890 2625 quae
910 2577 1051 2615 Festus
1075 2579 1248 2626 requirit,
1272 2579 1437 2616 restituit
1459 2579 1540 2616 iam
1558 2577 1709 2617 Aldina

265 2636 327 2674 Dc
352 2636 491 2674 Mortis
516 2637 710 2674 thesauris
736 2636 794 2674 vel
820 2635 911 2674 Orci
928 2636 1113 2675 thesauro
1134 2631 1251 2690 (Gen.
1272 2650 1286 2674 1
1316 2647 1382 2685 24,
1399 2632 1442 2690 2)
1469 2638 1545 2675 vid.
1565 2638 1708 2676 Dielsii

147 2695 211 2742 fol.
228 2694 358 2744 Sibyll.
372 2693 485 2743 1246
508 2698 541 2733 et
562 2695 603 2734 O.
617 2695 778 2734 Diltheii
789 2707 958 2744 prooem.
975 2695 1140 2745 Gottiny.
1162 2694 1270 2744 1878
1275 2692 1295 2747 s
1301 2706 1353 2744 79
1372 2709 1413 2745 p.
1432 2706 1451 2744 7
1465 2710 1478 2742 ,·
1500 2696 1608 2734 dives
1635 2694 1707 2733 Or-

149 2766 215 2792 eus
238 2755 319 2792 Tib.
334 2767 379 2791 111
395 2764 432 2802 3,
449 2753 500 2800 38
511 2769 525 2801 ,·
548 2754 756 2793 Claudiam.
771 2757 872 2803 rapt.
894 2765 926 2804 1,
944 2764 963 2790 2
977 2765 990 2790 1

222 2992 374 3019 Emms
395 2993 440 3019 ed.
452 2994 578 3020 Vahlen.
1384 2984 1425 3015 ll
