2054 3282
309 177 364 219 70
841 168 1100 205 ANNALIUM
1125 168 1214 203 ΜΒ.
1234 166 1319 202 xiv

1064 285 1098 320 Π

307 354 392 395 386
423 351 603 393 Labitur
634 351 761 391 uncta
792 347 946 402 carina,
977 346 1094 388 volat
1127 360 1255 400 super
1286 345 1473 401 impetus
1503 346 1640 388 undas

1057 450 1108 485 H]

308 517 390 559 387
425 515 530 557 Cum
562 513 712 569 procul
742 512 955 567 aspiciunt
985 511 1133 554 hostes
1165 511 1361 554 accedere
1390 512 1531 554 ventis

423 585 616 628 Navibus
648 583 844 626 velivolis

308 752 392 794 389
423 751 571 793 Litora
601 750 689 791 lata
720 751 879 791 sonunt
1060 687 1112 722 IV

309 892 394 934 390
1003 828 1172 945 ruiiipia

309 1043 504 1088 fecistique
524 1044 565 1078 ut
579 1043 835 1089 intellegerem
848 1042 960 1077 verba
973 1042 1041 1077 illa
1055 1053 1099 1077 ex
1113 1041 1242 1077 annali
1255 1044 1388 1087 quarto
1403 1042 1547 1078 decimo
1560 1042 1672 1078 Ennii
1686 1043 1869 1078 amoenis-

309 1098 417 1140 sima,
444 1107 539 1141 quae
570 1096 722 1131 minime
747 1096 1015 1142 intellegebam
1041 1097 1221 1133 «verrunt
1241 1125 1248 1131 .
1266 1124 1296 1131 ..
1319 1098 1469 1142 spumat
1494 1107 1593 1132 mare
1614 1125 1620 1131 .
1644 1125 1650 1131 .
1671 1097 1869 1142 pulsum»;

312 1151 343 1171 ²²
355 1161 430 1185 non
449 1150 548 1185 enim
567 1149 763 1185 videbatur
783 1150 995 1185 caeruleum
1012 1160 1115 1184 mare
1135 1161 1219 1184 cum
1231 1160 1414 1184 marmore
1427 1149 1523 1185 flavo
1537 1150 1742 1185 convenire.
1759 1150 1791 1170 ²³
1804 1151 1869 1185 sed

310 1216 392 1239 cum
406 1204 464 1247 sit,
476 1203 530 1238 ita
544 1205 586 1239 ut
599 1203 738 1246 dixisti,
749 1203 865 1239 flavus
880 1203 980 1238 color
994 1214 1013 1238 e
1027 1203 1137 1238 viridi
1151 1204 1189 1238 et
1202 1203 1288 1238 albo
1301 1203 1451 1247 mixtus,
1459 1203 1707 1248 pulcherrime
1719 1214 1870 1249 prorsus

310 1268 458 1302 spumas
478 1256 628 1292 virentis
647 1257 761 1291 maris
780 1257 915 1292 flavom
932 1267 1095 1291 marmor
1113 1256 1303 1302 (flavum
1322 1256 1380 1291 vel
1405 1256 1528 1292 flavo
1552 1267 1745 1292 marmor
1769 1257 1870 1303 libri)

310 1310 540 1355 appellavit’
615 1310 827 1345 Priscianus
847 1324 870 1346 v
888 1322 925 1356 p.
948 1314 1027 1354 171,
1043 1314 1085 1344 11
1106 1310 1151 1345 Η.
1175 1309 1257 1345 ‘hic
1282 1312 1321 1346 et
1338 1310 1409 1344 hoc
1429 1310 1506 1345 sal.
1524 1339 1530 1345 .
1548 1339 1554 1344 .
1570 1310 1685 1346 etiam
1703 1310 1774 1346 hoc
1793 1311 1871 1345 sale

309 1364 450 1398 Ennius
469 1363 626 1408 protulit
645 1364 684 1399 in
698 1377 778 1399 x1111
793 1365 904 1409 (xv11
919 1363 1045 1410 Sang.)
1060 1363 1253 1398 annalium
1267 1363 1503 1400 «caeruleum
1523 1375 1549 1398 s.
1563 1364 1639 1399 sale
1654 1392 1660 1398 .
1677 1393 1683 1398 .
1698 1364 1871 1409 pulsum»

309 1428 376 1462 pro
401 1428 503 1451 mare
530 1419 628 1463 (pro
653 1428 832 1453 ma**re
858 1428 902 1452 ex
927 1428 1107 1452 manere
1134 1417 1243 1452 Halb.
1265 1417 1381 1463 Lugd.
1405 1428 1485 1462 per
1508 1428 1629 1452 mare
1655 1418 1768 1452 ceteri
1794 1417 1871 1452 fere

311 1483 393 1505 cum
413 1472 492 1505 arte
512 1470 690 1505 Bernensi
710 1470 852 1516 Hagen.
875 1471 1003 1505 anecd.
1018 1471 1122 1506 Helv.
1137 1484 1172 1516 p.
1191 1475 1268 1514 112,
1285 1475 1316 1513 5,
1333 1471 1398 1505 sed
1417 1471 1510 1506 haec
1530 1471 1578 1505 ad
1597 1471 1708 1506 Ennii
1728 1481 1872 1506 versum

310 1524 438 1559 referri
458 1524 503 1558 de
523 1523 667 1559 Krehlii
686 1524 902 1568 Hertziique
922 1524 1097 1569 opinione
1116 1536 1191 1560 non
1209 1525 1406 1570 possunt).'

428 1577 461 1611 Π
474 1579 571 1623 (386)
602 1577 813 1612 Macrobius
828 1577 903 1613 Sat.
918 1591 955 1613 v1
971 1581 1001 1621 1,
1011 1582 1054 1613 51
1072 1577 1233 1613 ‘labitur
1246 1580 1360 1612 uncta
1374 1578 1480 1612 vadis
1495 1577 1598 1612 abies
1607 1578 1710 1623 (Aen.
1722 1591 1788 1613 v111
1803 1580 1871 1623 91).

312 1630 453 1665 Ennius
473 1631 511 1665 in
531 1644 611 1665 xnn
631 1630 796 1667 «labitur
817 1659 823 1666 .
841 1659 847 1665 .
865 1660 871 1665 .
892 1631 1063 1667 undas».’
1087 1630 1139 1667 cf.
1154 1634 1223 1666 478
1244 1630 1405 1666 ‘labitur
1423 1632 1538 1666 uncta
1557 1631 1705 1666 carina’
1725 1633 1763 1667 et
1781 1631 1871 1666 Aen.

313 1697 349 1719 1v
370 1688 436 1718 398
459 1685 587 1719 ‘natat
604 1685 720 1719 uncta
740 1684 893 1719 carina.‘

430 1737 479 1771 111
499 1739 595 1783 (387)
633 1737 844 1772 Macrobius
865 1738 940 1773 Sat.
961 1751 998 1772 v1
1019 1741 1050 1781 5,
1067 1741 1110 1772 10
1133 1737 1364 1783 ‘despiciens
1388 1748 1491 1772 mare
1517 1737 1715 1772 velivolum
1735 1738 1839 1783 (Aen.
1861 1743 1874 1772 '1

315 1792 405 1836 224).
422 1791 546 1825 Livius
567 1791 613 1836 (L
626 1801 648 1825 a
659 1802 679 1826 e
689 1804 710 1825 v
721 1791 769 1825 iu
780 1803 796 1826 s
816 1790 1058 1836 Ribbeckius)
1073 1791 1112 1826 in
1126 1791 1269 1826 Helena
1282 1793 1347 1827 «tu
1365 1791 1429 1836 qui
1448 1801 1664 1836 permensus
1677 1791 1784 1836 ponti
1797 1802 1874 1825 ma-

314 1844 370 1878 ria
390 1845 468 1878 alta
486 1844 678 1880 velivola».
696 1844 839 1880 Ennius
858 1844 899 1879 in
917 1858 998 1879 xnn
1019 1856 1126 1881 «cum
1147 1873 1153 1879 .
1170 1873 1176 1879 .
1194 1873 1199 1879 .
1216 1844 1415 1880 velivolis».
1437 1845 1538 1879 idem
1557 1845 1596 1880 in
1616 1844 1875 1879 Andromache

315 1899 354 1942 (1)
376 1897 497 1942 «rapit
523 1908 566 1932 ex
592 1897 668 1933 alto
694 1908 806 1932 naves
827 1897 1054 1933 velivolas».'
1190 1898 1337 1933 Servius
1363 1899 1403 1932 in
1422 1899 1512 1933 Aen.
1533 1912 1546 1932 1
1567 1902 1635 1933 224
1658 1898 1875 1932 ‘velivolum

316 1951 408 1985 duas
427 1962 484 1985 res
505 1951 702 1996 significat,
723 1953 760 1987 et
779 1952 880 1996 quod
899 1951 990 1986 velis
1004 1952 1150 1987 volatur
1169 1953 1211 1986 ut
1230 1952 1299 1986 hoc
1318 1951 1400 1986 loco
1421 1953 1458 1986 et
1478 1951 1577 1996 quod
1597 1951 1688 1986 velis
1708 1951 1819 1993 volat,
1833 1952 1876 1985 ut

316 2003 456 2038 Ennius
477 2015 611 2040 «naves
631 2004 812 2050 (navius
833 2004 931 2040 Cass.
946 2017 994 2039 m.
1009 2007 1078 2051 pr.)
1098 2005 1296 2040 velivolas»
1318 2005 1382 2049 qui
1402 2006 1440 2039 et
1458 2004 1607 2050 proprie
1628 2004 1749 2039 dixit?

317 2056 369 2092 Cf.
391 2057 636 2092 Buechelerus
657 2068 766 2092 carm.
789 2058 904 2104 epigr.
928 2062 1031 2102 1533,
1045 2062 1075 2092 2.

434 2109 486 2143 IV
505 2113 602 2156 (389)
646 2111 860 2146 Priscianus
885 2125 922 2146 1x
947 2123 982 2156 p.
1005 2115 1085 2155 474,
1100 2116 1120 2146 2
1140 2112 1184 2146 H.
1208 2111 1336 2146 ‘sonui
1362 2110 1525 2146 sonitum
1547 2139 1552 2144 .
1576 2139 1582 2145 .
1606 2139 1611 2144 .
1633 2110 1725 2145 haec
1750 2111 1876 2145 tamen

316 2163 400 2207 ipsa
414 2164 452 2197 ct
465 2164 667 2198 secundum
679 2164 831 2200 tertiam
844 2165 1086 2200 vetustissimi
1099 2165 1299 2210 protulisse
1313 2164 1551 2200 inveniuntur
1564 2163 1877 2209 coniugationem,

317 2218 360 2251 ut
378 2216 519 2250 Ennius
539 2216 577 2250 in
597 2231 633 2251 xx
654 2218 781 2253 annali
802 2219 879 2265 [v1].
901 2218 1002 2253 idem
1021 2218 1061 2253 in
1079 2232 1159 2253 xnn
1181 2220 1276 2262 (v111
1296 2218 1428 2263 Lugd.)
1450 2217 1585 2253 «litora
1603 2217 1626 2251 l.
1643 2217 1828 2252 sonunt».’

435 2269 469 2303 V
484 2271 578 2314 (390)
599 2270 739 2305 Gellius
753 2284 775 2306 x
790 2275 876 2315 25‚4
890 2272 1001 2306 ‘item
1014 2272 1161 2317 rumpia
1173 2271 1292 2316 (rupi
1302 2283 1323 2306 a
1336 2271 1423 2306 libri
1437 2271 1502 2306 sed
1516 2281 1628 2316 supra
1639 2274 1659 2304 2
1674 2270 1878 2315 rumpiae

318 2323 376 2357 vel
395 2322 568 2368 rupiae)
590 2334 705 2368 genus
722 2325 788 2359 teli
809 2327 865 2360 est
878 2325 1067 2360 Thraecae
1087 2325 1250 2359 nationis
1263 2325 1502 2369 positumque
1515 2324 1586 2359 hoc
1606 2323 1827 2358 vocabulum
1839 2323 1878 2358 in

319 2376 448 2419 Quinti
461 2376 558 2410 Enni
572 2377 763 2413 annalium
776 2379 864 2413 xiv.'
970 2377 1021 2413 Cf.
1043 2378 1168 2413 Livius
1187 2391 1274 2414 m1
1294 2381 1351 2422 39,
1367 2381 1407 2412 11
1425 2378 1488 2423 (ad
1502 2388 1534 2412 a.
1549 2389 1584 2412 u.
1601 2378 1682 2422 554)
1699 2376 1879 2411 ‘Thracas

319 2549 441 2587 Rhen.
467 2560 493 2585 x
523 2556 603 2596 277
632 2560 668 2600 n.
696 2549 816 2587 flavo:
843 2549 1074 2589 Caeruleum
1106 2551 1264 2600 spumat
1289 2549 1410 2597 vulgo.
1447 2547 1577 2586 Cicero
1609 2548 1762 2596 quidem
1791 2550 1880 2586 teste

319 2608 448 2646 Nonio
461 2620 503 2655 p.
531 2605 623 2655 162,
643 2617 695 2656 29
719 2608 812 2657 quid
836 2622 944 2647 mare
970 2622 1099 2648 nonne
1125 2607 1375 2647 caeruleum?
1399 2608 1443 2646 at
1467 2609 1548 2645 eius
1575 2607 1682 2644 unda
1707 2619 1795 2644 cum
1821 2608 1880 2645 est

320 2667 436 2716 pulsa
466 2667 583 2704 remis
614 2669 874 2718 purpurascit.
901 2670 969 2706 sed
996 2669 1186 2717 Ver-mlius
1214 2666 1311 2706 Aen.
1338 2680 1411 2706 v111
1438 2665 1519 2714 672
1552 2662 1618 2718 (de
1647 2660 1783 2718 clipeo)
1813 2665 1879 2704 sed

321 2727 443 2764 fluctu
463 2726 702 2775 spumabant
726 2728 883 2765 caerula
901 2740 998 2766 cano
1006 2742 1020 2774 ;
1039 2727 1184 2766 Seneca
1201 2725 1340 2776 Ayam.
1363 2735 1441 2773 441
1468 2725 1733 2774 dirimuntque
1760 2737 1880 2763 canae

322 2786 522 2824 caerulum
542 2797 703 2835 spumae
722 2798 829 2824 mare
837 2800 851 2831 ,·
862 2786 984 2825 Silius
1000 2799 1015 2824 1
1031 2795 1113 2835 575
1128 2787 1289 2838 fugiunt
1306 2784 1458 2824 tumido
1477 2797 1547 2834 per
1566 2797 1728 2834 spmnea
1748 2797 1880 2822 caeru-

321 2845 362 2882 la
380 2845 476 2883 velo.
494 2847 674 2883 neutrum
686 2845 864 2894 probavi,
884 2846 951 2884 sed
972 2845 1089 2885 Gellii
1104 2846 1230 2885 verbis
1248 2847 1426 2884 accurate
1445 2845 1613 2884 excussis
1634 2855 1713 2882 non
1732 2844 1881 2882 videtur

322 2905 547 2951 satisfacere
564 2905 643 2944 nisi
663 2916 708 2944 ea
726 2916 844 2954 quam
860 2916 965 2944 nunc
985 2906 1154 2954 expressi
1172 2906 1451 2944 distinctionem
