2054 3282
319 235 405 276 228
1015 225 1166 261 VARIA

1063 343 1114 377 XI

215 412 297 453 132
433 408 594 450 Deinde
618 406 811 461 Iuppiter
834 408 1061 460 postquam
1088 403 1314 458 quinquies
1345 405 1480 445 terras
1511 403 1708 445 circuivit
1738 403 1872 446 omni-

317 482 476 533 busque
502 477 646 519 amicis
673 479 799 531 atque
824 475 1017 531 cognatis
1044 475 1131 516 suis
1157 474 1337 528 imperia
1362 474 1507 516 divisit
1524 474 1782 529 reliquitque
1800 474 1874 516 ho-

315 549 499 593 minibus
530 549 644 603 leges
676 561 814 587 mores
846 547 1143 600 frumentaque
1180 545 1348 600 paravit
1384 546 1603 600 multaque
1640 545 1724 587 alia
1759 545 1873 588 bona

314 620 425 674 fecit,
439 618 654 660 inmortali
672 617 810 673 gloria
826 616 1115 671 memoriaque
1135 615 1324 658 adfectus
1345 615 1603 672 sempiterna
1621 630 1873 659 monumen-

212 696 293 738 136
313 694 357 732 ta
382 690 468 731 suis
494 688 677 743 reliquit.
698 686 733 711 ‘²⁶
755 690 891 729 aetate
916 701 1086 742 pessum
1113 689 1207 729 acta
1231 686 1275 728 in
1298 685 1424 729 Creta
1441 687 1573 729 vitam
1594 687 1874 733 commutavit

313 763 355 802 et
380 760 432 802 ad
452 760 550 801 deos
572 759 676 800 abiit
696 773 877 813 eumque
898 757 1070 800 Curetes
1090 757 1170 799 filii
1191 757 1256 799 sui
1277 760 1531 800 curaverunt
1549 758 1873 801 decoraverunt-

210 837 291 878 138
314 846 394 886 que
420 845 533 886 eum3
567 833 609 872 et
634 829 904 884 sepulchrum
931 829 1020 871 eius
1047 831 1111 871 est
1136 828 1180 870 in
1207 827 1332 871 Creta
1362 829 1406 871 in
1438 829 1596 885 oppido
1631 828 1796 872 Gnosso
1830 832 1873 872 et

312 902 467 943 dicitur
486 901 618 943 Vesta
636 901 745 942 hanc
769 901 917 942 urbem
945 901 1170 956 creavisse3
1196 901 1324 956 inque
1350 901 1574 956 sepulchro
1601 901 1691 943 eius
1717 903 1782 943 est
1807 900 1872 942 in-

209 978 292 1019 140
312 972 516 1027 scriptum
555 972 741 1027 antiquis
779 971 933 1013 litteris
967 970 1136 1013 Graecis
1179 978 1282 1010 ZAN
1311 977 1524 1011 ΚΡΟΝΟΤ
1552 971 1595 1013 id
1626 974 1691 1014 est
1720 971 1872 1014 Latine

311 1042 503 1098 Iuppiter
529 1042 711 1086 Saturni.

1054 1159 1121 1193 XII

208 1226 291 1268 142
427 1220 573 1264 Venus
603 1220 743 1275 prima
773 1223 907 1262 artem
944 1220 1228 1263 meretriciam
1260 1220 1449 1263 instituit
1485 1223 1716 1276 auctorque
1747 1220 1872 1263 muli-

311 1291 450 1333 eribus
477 1292 521 1333 in
548 1290 687 1346 Cypro
714 1292 808 1347 fuit,
834 1292 897 1333 uti
924 1293 1054 1347 vulgo
1080 1306 1256 1346 corpore
1283 1294 1506 1347 quaestum
1526 1292 1730 1334 facerent:
1757 1291 1872 1347 quod

311 1362 465 1404 idcirco
498 1363 734 1417 imperavit,
759 1377 813 1404 ne
839 1364 929 1404 sola
960 1365 1128 1417 praeter
1160 1363 1263 1405 alias
1293 1363 1491 1405 mulieres
1518 1363 1719 1418 inpudica
1744 1366 1786 1404 et
1811 1363 1871 1404 vi-

310 1448 451 1475 rorum
480 1433 681 1488 adpetens
707 1433 932 1476 videretur.

1045 1550 1131 1585 XIH

209 1608 290 1650 146
1013 1613 1160 1667 gluma

309 1763 389 1807 ipse
415 1762 486 1797 sibi
512 1762 600 1798 fana
624 1764 664 1799 in
689 1763 818 1799 multis
840 1763 932 1798 locis
953 1764 1198 1799 constituerit.
1223 1763 1255 1783 ²²
1274 1774 1384 1800 «nam
1405 1775 1488 1799 cum
1510 1792 1539 1798 ..
1557 1792 1565 1799 .
1583 1763 1721 1799 dedit».
1743 1763 1776 1784 ²¹²
1795 1763 1870 1798 sive

309 1816 425 1861 igitur
438 1828 459 1851 a
473 1816 656 1860 Mehsseo,
673 1817 770 1852 sicut
784 1817 967 1862 Didymus
981 1817 1150 1861 tradidit,
1170 1817 1409 1852 colendorum
1429 1817 1582 1852 deorum
1602 1817 1695 1852 ritus
1715 1816 1870 1859 effluxit,

309 1869 385 1903 sive
399 1869 445 1904 ab
459 1870 540 1914 ipso
556 1869 652 1913 Iove,
665 1872 709 1905 ut
725 1870 966 1915 Euhemerus,
987 1870 1033 1905 de
1052 1871 1220 1915 tempore
1239 1872 1366 1905 tamen
1386 1871 1533 1905 constat
1552 1871 1700 1915 quando
1722 1870 1776 1905 dii
1797 1870 1870 1905 coli

309 1923 523 1967 coeperint.'
547 1922 598 1958 Cf.
614 1924 777 1969 epitome
799 1927 854 1966 19,
869 1928 900 1958 4.
1016 1923 1137 1958 Aliter
1155 1923 1384 1959 Euhemerus
1404 1923 1505 1969 apud
1525 1923 1729 1958 Diodorum
1750 1936 1786 1959 v1
1809 1934 1868 1968 ap.

309 1975 439 2010 Euseb.
454 1987 579 2021 praep.
596 1987 648 2011 ev.
665 1990 693 2011 11
713 1980 744 2019 2,
760 1980 815 2011 58.

426 2029 475 2063 XI
489 2031 585 2075 (132)
614 2030 831 2065 Lactantius
846 2030 917 2065 div.
933 2030 1018 2065 inst.
1034 2043 1046 2065 1
1062 2034 1116 2073 11,
1129 2034 1173 2065 44
1190 2030 1200 2046 ‘
1211 2041 1324 2075 quare
1339 2030 1370 2064 si
1384 2029 1507 2065 Iovem
1521 2031 1559 2064 et
1572 2040 1616 2064 ex
1629 2029 1739 2064 rebus
1753 2030 1869 2076 gestis

308 2082 347 2116 et
359 2092 403 2116 ex
415 2083 579 2117 moribus
593 2083 782 2118 hominem
795 2083 911 2118 fuisse
925 2084 964 2118 in
978 2085 1150 2129 terraque
1168 2094 1342 2129 regnasse
1360 2083 1682 2128 deprehendimus,
1703 2084 1871 2128 superest

307 2136 350 2168 ut
368 2137 522 2169 mortem
542 2147 689 2181 quoque
709 2136 788 2171 eius
808 2137 1083 2182 investigemus.
1104 2137 1134 2157 ⁴⁵
1147 2137 1289 2171 Ennius
1309 2137 1347 2171 in
1369 2148 1473 2171 sacra
1491 2136 1649 2171 historia
1672 2136 1869 2181 descriptis

309 2188 478 2222 omnibus
504 2200 598 2233 quae
624 2190 663 2223 in
688 2190 766 2224 vita
791 2201 858 2224 sua
883 2190 1000 2235 gessit
1019 2190 1067 2225 ad
1086 2190 1261 2224 ultimum
1281 2190 1334 2225 sic
1354 2190 1409 2225 ait
1428 2189 1586 2226 «deinde
1608 2218 1614 2223 .
1632 2218 1637 2223 .
1655 2218 1661 2223 .
1684 2189 1867 2225 Saturni».

312 2240 342 2260 ⁴⁷
355 2240 426 2275 hoc
451 2244 549 2277 certe
573 2253 646 2277 non
666 2244 799 2288 poetae
819 2243 982 2286 tradunt,
1005 2243 1069 2278 sed
1090 2244 1328 2289 antiquarum
1342 2253 1465 2278 rerum
1479 2243 1705 2287 scriptores)
1723 2242 1774 2277 Cf.
1791 2243 1869 2288 epi-

309 2295 408 2329 tome
431 2298 485 2337 13,
500 2299 531 2329 4.

426 2347 493 2381 XII
506 2350 602 2393 (142)
623 2349 839 2385 Lactantius
854 2350 925 2384 div.
937 2350 1022 2384 inst.
1035 2363 1048 2383 1
1064 2353 1118 2392 17,
1130 2353 1150 2384 9
1165 2350 1175 2367 ‘
1185 2350 1276 2395 quid
1289 2349 1422 2394 loquar
1434 2349 1703 2384 obscenitatem
1714 2348 1868 2383 Veneris

308 2400 473 2435 omnium
492 2400 713 2436 libidinibus
732 2404 956 2447 prostitutae
972 2431 978 2437 .
995 2431 1001 2437 .
1022 2403 1052 2423 ¹⁰
1065 2414 1161 2448 quae
1175 2403 1341 2448 «prima»
1362 2404 1405 2437 ut
1423 2403 1462 2437 in
1482 2402 1640 2437 historia
1659 2413 1764 2437 sacra
1784 2413 1869 2437 con-

308 2454 449 2488 tinetur
468 2455 608 2490 «artem
625 2483 630 2488 .
648 2483 654 2488 .
672 2483 677 2489 .
694 2456 929 2492 videretur».'
952 2456 1004 2491 Cf.
1027 2456 1188 2500 epitome
1209 2459 1241 2498 9,
1258 2460 1287 2490 1.

426 2507 510 2541 XIII
529 2509 626 2553 (146)
658 2508 773 2543 Varro
799 2520 866 2543 rer.
887 2510 976 2543 rust.
998 2522 1010 2543 1
1030 2513 1087 2551 48,
1104 2513 1121 2542 1
1145 2509 1204 2543 ‘in
1231 2509 1671 2554 segetibufffrumentum
1695 2519 1767 2553 quo
1792 2507 1868 2542 cul-

308 2572 389 2594 mus
410 2561 552 2603 extulit,
574 2561 694 2606 spica3
715 2572 758 2596 ea
778 2573 874 2607 quae
893 2562 1068 2596 mutilata
1087 2573 1160 2596 non
1182 2564 1259 2596 est.
1277 2591 1283 2596 .
1298 2562 1371 2597 tria
1390 2562 1505 2597 habet
1524 2562 1765 2604 continentia,
1785 2572 1868 2606 gra-

307 2626 395 2648 num
415 2614 581 2659 glumam
601 2614 774 2650 aristam.
792 2643 798 2650 .
815 2644 821 2650 .
837 2627 991 2661 granum
1015 2616 1156 2650 dictum
1176 2615 1275 2660 quod
1296 2617 1352 2650 est
1370 2615 1543 2650 intimum
1565 2615 1721 2657 soldum,
1741 2613 1868 2659 gluma

308 2668 372 2712 qui
392 2669 449 2702 est
473 2667 662 2703 folliculus
688 2668 766 2702 eius
788 2697 793 2703 .
812 2697 817 2702 .
835 2697 841 2704 .
866 2668 879 2688 ²
899 2669 1014 2704 arista
1034 2670 1071 2703 et
1090 2679 1247 2713 granum
1270 2668 1440 2703 omnibus
1466 2667 1543 2703 fere
1568 2669 1713 2703 notum:
1740 2667 1868 2712 gluma

430 2840 510 2876 136
532 2839 593 2877 sui
613 2850 700 2884 cum
714 2838 763 2876 L.
777 2840 968 2878 Muellero
981 2840 1187 2878 Brandtus
1310 2839 1392 2876 138
1413 2850 1555 2889 gnosso
1576 2838 1632 2875 vel
1652 2849 1789 2875 cnosso
1808 2837 1867 2875 vel

308 2909 429 2946 gnoso
455 2898 513 2935 vel
538 2911 651 2936 nosso
678 2899 767 2936 libri
920 2900 1003 2936 140
1028 2911 1309 2938 ΖΕΥΣΚΙΟΝΟΥ
1331 2898 1423 2935 Par.
1443 2898 1483 2934 R
1635 2898 1716 2935 143
1746 2896 1865 2947 vulgo

309 2957 397 2993 libre·
426 2969 512 2994 vere
537 2957 699 3007 vulgato
721 2958 802 2995 edd.
816 2968 941 3004 prave
960 2959 1006 2995 de
1025 2959 1239 2996 coniectura
1263 2957 1394 2995 Crew'i
