2020 3334
297 216 349 252 IV
855 215 882 250 I.
908 214 1137 250 HISTORIA
1160 214 1300 250 ENNII

298 332 467 368 vestrum
496 328 641 375 panxit
675 328 849 365 maxima
879 328 987 374 facta
1009 329 1191 374 patrum,
1228 340 1329 376 quae
1366 340 1391 366 a
1419 329 1538 377 poeta
1568 340 1679 366 sene
1716 329 1865 378 scripta

302 390 407 436 sunt,
432 399 521 425 cum
545 387 626 424 iam
652 385 870 424 carminum
895 385 1023 436 gloria
1047 386 1201 436 vigeret
1222 398 1324 435 quae
1348 387 1391 424 in
1415 386 1573 425 laudem
1597 387 1865 426 Romanorum

299 448 456 485 fecerat.

418 503 611 542 Graviora
647 503 695 542 de
731 503 861 542 Ennio
898 516 945 542 ex
981 503 1108 554 ipsius
1144 503 1257 542 libris
1295 505 1488 553 excerpsit
1522 504 1573 543 M.
1611 504 1758 554 Varro,
1795 505 1866 554 qui

301 576 399 614 quos
430 563 552 601 libros
591 563 639 601 de
669 564 797 612 poetis
835 564 994 613 scripsit
1024 575 1159 601 eorum
1189 563 1232 600 in
1262 563 1390 613 primo
1422 563 1470 601 de
1501 563 1622 601 Ennii
1651 564 1736 602 vita
1767 563 1867 614 egit3

300 626 341 661 et
370 625 416 660 ut
446 623 515 661 ille
545 623 773 672 posterioris
805 623 948 660 aetatis
980 621 1236 672 scriptoribus
1260 622 1594 672 locupletissimus
1620 624 1757 661 auctor
1781 624 1868 661 erat

300 683 348 720 de
373 682 516 730 Ennio,
546 683 606 719 ita
635 683 766 731 ipsum
795 682 1000 731 putaveris
1032 693 1111 719 non
1142 681 1284 720 adiisse
1315 681 1392 720 nisi
1417 681 1714 731 limpidissimos
1738 682 1867 720 fontes

299 743 337 779 h.
379 754 409 780 e.
455 741 670 779 attendisse
714 742 749 779 si
793 753 893 790 quae
935 741 1089 779 Ennius
1132 740 1216 790 ipse
1259 741 1306 778 de
1350 753 1390 779 se
1430 741 1473 778 in
1510 740 1748 779 carminibus
1785 741 1868 779 suis

300 802 569 848 memorasset,
612 800 683 849 qui
726 800 887 849 quidem
925 800 1046 838 etia'm
1082 799 1131 837 de
1167 799 1321 838 Naevio
1351 800 1554 849 perhibuit
1584 813 1684 849 quae
1721 800 1790 838 ille
1826 801 1868 837 in

303 860 475 898 carmine
507 861 677 897 testatus
710 861 795 896 erat
827 854 923 912 (vid.
958 853 1086 911 Geli).
1136 858 1277 908 Itaque
1307 859 1353 896 de
1379 859 1508 897 Ennio
1527 859 1747 897 Varronem
1771 859 1868 896 haec

301 919 469 956 scribere
505 919 619 956 testis
651 917 801 956 Gellius
839 920 899 957 est
936 912 1044 971 (ann.
1077 930 1135 955 ΧΠ
1160 918 1206 955 fr.
1233 913 1278 971 v)
1321 917 1532 957 Claudium
1560 921 1594 956 et
1629 918 1869 956 Tuditanum

302 979 476 1016 consules
519 974 681 1029 (quibus
726 979 817 1015 ante
861 977 961 1015 dixit
999 975 1150 1015 Gellius
1193 976 1352 1015 Livium
1388 977 1659 1016 Andronicum
1699 978 1869 1027 primam

301 1037 479 1075 fabulam
522 1031 718 1089 docuisse)
758 1039 973 1084 sequuntur
1013 1036 1055 1084 Q.
1100 1036 1281 1075 Valerius
1321 1039 1356 1075 et
1398 1036 1438 1075 0.
1478 1037 1689 1075 Mamilius
1730 1037 1870 1084 quibus

301 1100 438 1135 natum
476 1107 554 1135 esse
592 1096 634 1144 Q.
659 1096 839 1134 Ennium
863 1098 1019 1144 poetam
1049 1096 1110 1133 M.
1143 1095 1269 1133 Varro
1299 1097 1343 1134 in
1366 1097 1498 1143 primo
1530 1096 1576 1134 de
1606 1097 1733 1143 poetis
1770 1096 1869 1133 libro

302 1157 460 1203 scripsit
489 1167 648 1203 eumque
679 1167 766 1193 cum
795 1157 1000 1203 septimum
1037 1157 1071 1193 et
1103 1157 1383 1203 sexaqesimum
1414 1167 1563 1193 annum
1593 1155 1747 1193 haberet
1777 1155 1872 1192 duo-

302 1216 493 1254 decimum
533 1215 716 1253 annalem
754 1216 956 1262 scripsisse
994 1214 1109 1262 idque
1147 1215 1277 1261 ipsum
1312 1214 1492 1252 Ennium
1527 1215 1571 1252 in
1607 1214 1736 1252 eodem
1772 1214 1870 1251 libro

303 1275 439 1312 dicere.
499 1273 610 1310 Alibi
647 1275 827 1323 exposui,
871 1286 991 1322 quam
1030 1272 1299 1311 condicionem
1335 1274 1456 1311 fuisse
1492 1273 1610 1311 huius
1649 1272 1871 1311 duodecimi

306 1333 511 1371 annalium
548 1332 642 1370 libri
674 1333 909 1381 existimem,
946 1334 993 1370 ut
1023 1344 1070 1369 ea
1102 1332 1306 1370 commoda
1338 1333 1439 1370 esset
1470 1332 1634 1380 occasio,
1660 1345 1741 1380 qua
1770 1331 1871 1369 talia

305 1393 351 1430 de
378 1405 418 1430 se
438 1392 590 1430 Ennius
617 1393 871 1441 expromeret.
915 1391 974 1429 De
1000 1391 1111 1429 cuius
1137 1391 1228 1428 libri
1253 1391 1473 1429 rationibus
1499 1391 1532 1429 si
1556 1392 1662 1429 recte
1686 1390 1871 1438 iudicavi,

305 1451 491 1490 credibile
534 1450 579 1488 fit
628 1463 707 1488 non
755 1463 909 1488 merum
959 1450 1101 1488 aetatis
1145 1463 1292 1488 annum
1334 1450 1390 1487 ibi
1432 1449 1655 1489 definivisse
1697 1450 1872 1487 Ennium

307 1524 444 1549 verum
482 1509 562 1547 alia
599 1510 716 1559 plura
753 1509 800 1546 de
838 1522 980 1560 genere
1019 1511 1059 1547 et
1096 1509 1228 1559 patria
1265 1511 1304 1547 et
1334 1509 1451 1547 rebus
1483 1509 1604 1559 gestis
1636 1509 1871 1558 exposuisse,

308 1572 354 1607 ut
378 1570 452 1607 hoc
476 1570 634 1606 nomine
660 1569 778 1606 huius
803 1568 896 1606 libri
922 1569 1052 1606 exitus
1075 1568 1281 1606 accessisse
1300 1568 1486 1606 videatur
1505 1568 1555 1605 ad
1574 1568 1873 1606 similitudinem

307 1629 507 1678 quandam
538 1641 721 1666 versuum
753 1628 898 1677 quibus
922 1627 1114 1666 Horatius
1146 1629 1363 1665 extremam
1394 1626 1486 1665 libri
1516 1627 1636 1676 primi
1662 1627 1871 1676 epistolam

307 1688 455 1726 finivit:
488 1688 557 1736 qui
587 1688 645 1725 ita
677 1687 773 1731 dicit
805 1682 916 1740 (nam
947 1700 1026 1726 non
1057 1687 1199 1725 inutile
1231 1687 1290 1725 est
1322 1686 1372 1725 ad
1401 1687 1503 1725 hanc
1534 1699 1618 1724 rem
1650 1699 1769 1735 quam
1797 1698 1872 1736 ago

306 1748 449 1785 horum
481 1759 664 1785 versuum
694 1759 907 1785 memorem
938 1740 1079 1798 fuisse)

594 1806 693 1844 Cum
723 1806 796 1844 tibi
825 1806 883 1843 sol
914 1806 1066 1854 tepidus
1089 1805 1227 1853 plures
1259 1805 1472 1843 admoverit
1502 1816 1631 1849 aures,

591 1866 661 1903 Me
692 1866 868 1903 libertino
898 1868 1037 1903 natum
1060 1867 1177 1912 patre
1208 1867 1243 1902 et
1270 1866 1315 1902 in
1347 1866 1452 1902 tenui
1482 1876 1524 1902 re

591 1926 769 1963 Maiores
792 1936 948 1972 pennas
978 1925 1071 1962 nido
1103 1924 1313 1962 extendisse
1343 1924 1521 1971 loqueris,

599 1985 650 2022 Ut
679 1987 868 2032 quantum
895 1985 1028 2032 =ceneri
1058 1984 1190 2021 demas
1220 1984 1427 2021 virtutibus
1458 1982 1603 2020 addas:

592 2044 662 2081 Me
685 2045 832 2091 primis
862 2044 972 2081 urbis
1003 2043 1091 2081 belli
1114 2043 1314 2090 placuisse
1344 2042 1532 2089 domique,

597 2102 781 2150 Corporis
812 2104 940 2150 exigui
963 2113 1209 2150 praecanam
1238 2101 1384 2139 solibus
1415 2103 1550 2148 aptum

595 2162 727 2200 Irasci
758 2163 927 2206 celerem,
959 2164 1087 2199 tamen
1116 2163 1161 2198 ut
1183 2161 1396 2208 placabilis
1427 2171 1555 2198 essem.

594 2222 711 2259 Forte
741 2233 869 2259 meum
898 2223 934 2258 si
964 2222 1051 2268 quis
1081 2223 1115 2258 te
1138 2220 1431 2267 percontabitur
1461 2231 1610 2262 aevum,

595 2281 664 2318 Me
694 2283 829 2327 quater
859 2281 1032 2318 undenos
1062 2281 1160 2318 sciat
1189 2280 1406 2327 implevisse
1436 2278 1648 2316 decembres

598 2338 793 2387 Colleyam
823 2339 1020 2387 Lepidum
1050 2350 1124 2386 quo
1155 2339 1267 2376 duxit
1295 2338 1451 2375 Lollius
1482 2349 1597 2375 anno,

314 2398 456 2446 Itaque
482 2398 527 2434 ut
551 2397 668 2435 huius
693 2398 786 2435 libri
811 2398 940 2447 finem,
966 2397 1099 2447 quoad
1124 2397 1206 2435 eius
1232 2396 1388 2445 licebat,
1414 2396 1596 2445 pluribus
1622 2395 1876 2443 illustrarem,

313 2459 355 2495 in
382 2456 517 2494 eodem
542 2456 643 2494 libro
668 2457 783 2505 posui
807 2458 918 2495 nullo
942 2459 1045 2495 teste
1070 2469 1149 2495 non
1169 2456 1296 2494 solum
1314 2456 1524 2493 venustam
1543 2453 1876 2503 comparationem

315 2528 395 2566 qua
432 2515 546 2553 fortis
585 2516 675 2563 equi
707 2518 947 2554 senectutem
978 2529 1067 2554 cum
1098 2528 1169 2553 sua
1200 2514 1422 2564 composuit
1452 2508 1551 2566 (VI),
1588 2526 1725 2550 verum
1755 2514 1876 2551 etiam

314 2576 386 2613 illa
420 2574 562 2624 quibus
599 2587 639 2612 se
673 2574 891 2624 Messapiae
928 2575 1092 2626 originis
1130 2587 1211 2613 esse
1256 2575 1296 2612 et
1328 2573 1466 2611 Rudiis
1504 2572 1716 2610 oriundum
1754 2574 1793 2609 et
1830 2584 1877 2609 ex

316 2634 474 2671 Rudino
505 2632 661 2671 homine
694 2633 819 2671 civem
849 2634 1072 2672 Romanum
1103 2633 1297 2672 exstitisse
1329 2627 1416 2685 (vn.
1442 2626 1533 2683 vm)
1565 2644 1644 2669 non
1675 2632 1758 2669 sine
1793 2631 1875 2681 glo-

316 2694 377 2730 ria
414 2693 540 2731 fassus
578 2694 654 2730 est:
697 2692 841 2741 quibus
879 2693 1046 2731 fortasse
1083 2694 1147 2731 vel
1188 2693 1260 2730 illa
1303 2690 1540 2730 accedebant
1582 2702 1684 2739 quae
1727 2689 1876 2727 Gellius

319 2748 390 2805 (ad
414 2764 472 2789 ΧΠ
497 2752 544 2789 fr.
572 2746 650 2804 vn)
681 2754 818 2790 narrat
848 2752 1022 2789 Ennium
1059 2751 1203 2790 dixisse
1234 2764 1316 2790 sese
1347 2752 1424 2788 tria
1454 2750 1573 2788 corda
1602 2748 1746 2786 habere
1776 2749 1877 2796 quod

318 2812 422 2859 loqui
462 2811 607 2850 Graece
644 2813 679 2849 et
717 2810 808 2849 Osce
845 2814 879 2849 et
917 2810 1061 2849 Latine
1097 2813 1227 2855 sciret,
1271 2812 1304 2849 si
1344 2809 1502 2858 quidem
1541 2809 1637 2846 haec
1678 2820 1756 2845 non
1792 2809 1877 2845 tam

320 2870 368 2907 de
400 2883 575 2908 sermone
607 2869 763 2919 vulgari
794 2882 915 2918 quam
946 2870 993 2907 de
1025 2870 1172 2919 scripto
1204 2869 1304 2908 libro
1336 2867 1562 2917 accipienda
1587 2868 1691 2905 sunt.
1728 2866 1877 2903 Verum

318 2931 453 2967 tamen
490 2930 523 2967 si
555 2930 620 2967 cui
650 2940 790 2978 parum
825 2928 1030 2977 probabile
1061 2929 1260 2977 videatur,
1290 2929 1449 2978 praeter
1479 2939 1526 2965 ea
1556 2939 1656 2976 quae
1688 2925 1877 2963 Varronis
