2004 3278
744 172 1005 207 ANNALIUM
1030 172 1117 207 LIB.
1137 171 1188 207 IV
1595 172 1736 208 CLXXI

182 279 303 338 294),
335 286 471 335 itaque
502 284 576 323 h'oc
600 285 642 323 in
666 298 709 325 IV
733 285 826 323 libri
850 286 1046 336 principio
1071 287 1186 336 posui
1210 284 1386 324 fidenter.
1420 283 1492 323 Cui
1518 286 1739 327 narrationi

179 345 226 383 de
252 344 434 390 Quinctio
461 344 567 394 quod
592 344 729 383 Livius
754 357 800 382 111
820 346 887 394 26,
910 347 932 383 7
959 345 1217 394 praefationis
1244 345 1330 384 loco
1355 344 1577 395 praemittit
1602 356 1739 393 operae

170 405 344 453 pretium
369 407 423 443 est
447 404 585 442 audire
610 405 676 452 qui
701 405 833 443 omnia
850 416 952 452 prae
977 405 1123 443 divitiis
1142 406 1314 443 hamana
1333 406 1521 452 spernunt
1537 416 1657 452 neque
1675 406 1739 443 ho-

177 465 265 502 nori
284 475 424 512 maqno
443 464 568 502 locum
586 475 705 512 neque
723 465 858 502 virtuti
869 466 1016 511 putant
1034 475 1123 509 esse,
1141 465 1221 502 nisi
1238 464 1306 501 ubi
1326 465 1443 512 effuse
1456 464 1627 511 affluant
1639 475 1739 512 opes,

178 523 219 560 in
240 522 454 572 eademque
474 523 700 561 narratione
720 535 943 572 comparem
964 535 1120 560 sensum
1141 522 1254 560 affert
1267 522 1480 571 Dionysius
1500 522 1626 560 Halic.
1642 535 1666 560 x
1683 525 1736 561 17

178 584 273 621 extr.
301 581 341 619 id
368 594 524 631 quoque
551 582 797 621 coniecturae
824 581 914 619 dedi
938 584 984 619 ut
1010 582 1078 631 qui
1103 582 1143 619 in
1169 584 1355 631 promptu
1375 583 1469 619 sunt
1488 581 1625 619 similis
1652 594 1737 620 sen-

177 641 325 679 tentiae
349 653 485 679 versus
504 641 622 679 Ennii
641 639 794 679 Audire
819 643 872 679 est
890 649 1027 688 operae
1039 642 1212 690 pretium
1223 641 1430 689 procedere
1449 643 1544 679 recte
1565 641 1639 689 Qui
1658 654 1739 680 rem

177 701 400 739 Romanam
424 701 660 748 Latiumque
685 712 885 749 augescere
909 701 1026 739 vultis
1055 701 1129 738 hac
1161 700 1362 738 occasione
1394 701 1508 738 natos
1539 702 1738 749 putarem:

178 760 244 798 sed
277 759 464 809 quoniam
494 760 568 797 hoc
600 760 744 798 certius
776 771 998 798 asseverare
1031 772 1110 797 non
1141 759 1235 797 licet
1265 759 1334 797 hos
1366 771 1503 797 versus
1537 772 1738 798 remanere

176 819 273 858 iussi
298 820 340 857 in
367 819 527 857 incertis
554 813 643 872 (Ix).

295 878 357 916 Ab
390 878 518 916 altera
541 879 655 928 parte
681 878 728 916 de
753 878 829 916 fine
854 878 946 916 libri
971 878 1005 916 si
1031 878 1247 928 quaeritur,
1279 890 1358 916 non
1383 878 1489 916 ultra
1519 879 1739 916 tumultum

179 937 374 976 Gallicum
405 950 439 975 a.
462 938 558 975 363.
581 938 665 975 364
697 950 898 988 egressum
930 950 1012 976 esse
1050 937 1298 986 crediderim,
1338 937 1444 987 quod
1481 937 1740 987 probabiliter

178 997 388 1047 statuitur,
420 996 575 1035 etiamsi
603 997 757 1035 nullum
788 997 1058 1036 testimonium
1090 996 1267 1046 accedat,
1300 997 1366 1035 sed
1399 1009 1489 1034 eum
1520 997 1739 1035 tumultum

175 1057 398 1106 fragmento
423 1056 615 1106 putabam
640 1056 855 1107 significari
876 1051 938 1110 (v)
958 1056 1064 1106 quod
1084 1069 1107 1094 a
1125 1055 1324 1094 Macrobio
1346 1055 1428 1094 Sat.
1449 1069 1464 1093 1
1484 1057 1521 1106 4,
1539 1058 1589 1094 17
1614 1069 1633 1094 e
1653 1068 1737 1106 sep-

177 1116 274 1154 timo
304 1116 438 1154 annali
470 1116 632 1164 citatur,
664 1117 705 1154 in
739 1129 816 1166 quo
848 1115 1033 1155 credibile
1066 1117 1167 1154 esset
1196 1117 1401 1166 peccatum
1434 1128 1526 1154 esse.
1558 1116 1662 1153 Nam
1693 1118 1739 1154 ut

177 1177 305 1225 poeta,
335 1175 439 1225 quod
464 1175 641 1224 plerique
668 1176 862 1221 statuunt,
894 1177 935 1213 in
967 1188 1011 1214 eo
1043 1174 1144 1213 libro
1175 1176 1334 1225 praeter
1364 1174 1558 1213 Punicum
1590 1175 1739 1213 bellum

178 1235 299 1273 etiam
321 1233 491 1272 Gallicos
511 1235 717 1284 tumultus,
739 1235 785 1272 de
807 1235 951 1284 quibus
964 1234 1155 1285 Polybius
1174 1234 1299 1272 tradit
1317 1247 1348 1272 11
1370 1235 1423 1272 23
1433 1246 1529 1285 sqq.,
1550 1234 1738 1284 tetigerit,

177 1296 310 1332 tamen
337 1306 458 1344 quam
482 1293 524 1331 in
549 1294 618 1332 illo
637 1294 741 1332 bello
766 1293 872 1332 Galli
892 1294 1137 1333 obtinuerint
1157 1306 1285 1332 arcem
1306 1306 1378 1344 ego
1397 1294 1549 1331 nullam
1567 1293 1736 1333 invenio.

178 1353 265 1399 Qua
290 1367 331 1391 re
357 1354 485 1391 lenem
511 1353 826 1393 emendationem
851 1353 1003 1392 numeri
1030 1353 1194 1391 adhibeo
1219 1355 1257 1391 et
1277 1366 1296 1391 e
1315 1365 1374 1391 UII
1393 1353 1434 1390 in
1452 1366 1514 1391 1111
1533 1353 1738 1391 translatis

176 1413 354 1451 versibus
369 1412 517 1450 Romae
539 1425 668 1451 arcem
688 1426 710 1451 a
729 1412 852 1451 Gallis
869 1426 901 1451 a.
917 1427 953 1451 u.
969 1425 997 1450 c.
1015 1413 1099 1451 364
1115 1414 1346 1462 occupatam
1366 1412 1579 1463 significari
1594 1414 1736 1450 statuo.

295 1472 453 1521 Reliqui
481 1472 577 1510 haec
609 1484 654 1510 eo
685 1473 771 1511 loco
799 1485 877 1522 quo
905 1473 999 1510 olim
1025 1472 1272 1521 collocaram,
1303 1484 1431 1521 neque
1457 1485 1518 1509 me
1546 1473 1615 1509 aut
1641 1471 1738 1510 alio-

177 1545 263 1569 rum
292 1531 468 1570 convicia
501 1533 569 1569 aut
600 1532 832 1570 Mommseni
862 1531 1089 1570 humanitas
1121 1531 1168 1569 de
1201 1544 1247 1569 ea
1279 1531 1474 1569 sententia
1505 1531 1738 1580 deiecerunt,

177 1604 255 1628 non
281 1592 363 1628 tam
389 1591 642 1640 persuasione
667 1592 750 1630 veri
776 1604 896 1640 quam
924 1590 1028 1641 quod
1056 1589 1155 1628 nihil
1186 1590 1326 1629 melius
1359 1590 1489 1629 afferri
1520 1590 1612 1628 vidi.
1644 1590 1738 1628 Rib-

176 1650 356 1688 beckium
383 1645 500 1703 (mus.
524 1650 646 1688 Rhen.
667 1663 693 1688 x
713 1664 749 1700 p.
773 1645 877 1704 276)
903 1663 982 1689 non
1007 1650 1113 1701 fugit
1138 1649 1202 1688 cui
1225 1651 1284 1688 rei
1308 1650 1405 1688 haec
1430 1649 1551 1688 verba
1570 1650 1738 1688 maxime

180 1709 475 1748 accommodata
501 1711 640 1759 essent,
667 1722 757 1748 cum
783 1723 806 1748 a
831 1723 919 1748 mea
939 1710 1207 1759 disputatione
1227 1709 1427 1759 profectus
1448 1709 1523 1747 sibi
1542 1709 1739 1759 persuasit

176 1770 225 1807 iis
251 1782 328 1807 non
350 1769 570 1807 tumultum
591 1768 787 1808 Gallicum
811 1770 905 1808 anni
926 1770 1010 1808 364
1032 1783 1064 1808 a.
1084 1782 1122 1807 u.
1145 1781 1174 1807 c.
1202 1769 1270 1807 sed
1296 1769 1378 1807 eius
1397 1769 1592 1807 tumultus
1611 1781 1738 1807 recor-

178 1828 376 1867 dationem
401 1828 537 1866 referri
564 1841 685 1878 quam
712 1828 866 1867 Gallica
890 1829 996 1867 bella
1017 1828 1214 1867 Punicum
1238 1829 1413 1878 primum
1439 1827 1674 1878 excipientia
1700 1830 1739 1866 et

177 1888 226 1926 ab
252 1887 381 1926 Ennio
407 1888 447 1925 in
478 1888 644 1938 septimo
677 1890 860 1926 enarrata
892 1888 1007 1926 facile
1041 1888 1230 1926 suscitare
1262 1887 1482 1938 potuerint:
1513 1887 1554 1925 in
1587 1901 1666 1937 qua
1696 1900 1738 1925 re

176 1947 334 1997 Polybii
358 1947 487 1986 verbis
518 1949 648 1985 utitur
666 1960 696 1985 Π
718 1949 786 1997 23,
810 1949 831 1986 7
859 1947 900 1987 οἷ
927 1946 970 1986 ἐν
1002 1953 1047 2002 τῇ
1074 1944 1198 2002 Ῥώμῃ
1231 1946 1371 1993 πάντες
1403 1946 1591 1994 περιδεεῖς
1621 1941 1738 1998 ἦσαν,

177 2004 297 2058 μέγαν
310 2004 375 2045 καὶ
389 2005 563 2058 φοβερὸν
576 2005 710 2053 αὑτοῖς
724 2005 1068 2058 ὑπολαμβάνοντες
1081 2004 1339 2058 ἐπιφέρεσθαι
1352 2005 1555 2044 κίνδυνον.
1570 2003 1738 2057 ἔπασχον

177 2063 219 2104 δὲ
244 2060 346 2104 τοῦτ’
380 2064 557 2116 εἰκότως,
589 2064 643 2104 ἔτι
673 2064 762 2118 περὶ
792 2068 978 2104 Γαλατῶν
1009 2063 1283 2118 ἕγκαθημένου
1315 2067 1398 2111 ταῖς
1428 2067 1576 2116 ψυχαῖς
1608 2063 1738 2103 αὐτῶν

177 2129 245 2163 τοῦ
264 2126 432 2163 παλαιοῦ
452 2123 597 2176 φόβου,
623 2137 864 2174 quamquam
885 2124 992 2162 Galli
1011 2137 1167 2174 quoque
1185 2124 1274 2173 ipsi,
1300 2124 1407 2173 quod
1425 2123 1531 2161 idem
1548 2123 1737 2173 Polybius

177 2184 298 2221 refert
316 2196 347 2221 11
368 2185 433 2232 22,
457 2185 492 2221 3.
515 2185 551 2221 4.
574 2184 611 2232 5,
643 2183 802 2222 illarum
827 2197 958 2221 rerum
982 2183 1293 2221 recordationem
1314 2183 1556 2221 retinebant:
1583 2182 1649 2221 sed
1668 2196 1738 2221 nec

179 2242 421 2281 occasionem
448 2243 686 2281 monstravit
712 2256 790 2292 qua
815 2243 892 2281 ista
919 2243 1237 2281 commemoratio
1263 2242 1422 2292 pristini
1454 2242 1616 2280 terroris
1642 2244 1738 2292 apta

177 2302 308 2351 fuerit,
340 2314 410 2340 nec
441 2302 538 2340 haec
570 2302 689 2340 verba
721 2303 948 2340 universam
980 2301 1148 2351 periculi
1179 2301 1518 2352 significationem,
1554 2314 1653 2351 quae
1679 2304 1738 2340 est

178 2363 345 2411 utroque
383 2361 540 2410 Polybii
585 2362 689 2410 loco,
733 2361 799 2400 sed
836 2361 1048 2411 peculiaris
1085 2361 1143 2399 rei
1181 2361 1485 2411 descriptionem
1524 2360 1735 2399 continent.

177 2421 442 2459 Mommsenus
462 2422 503 2458 in
524 2422 674 2470 quaest.
695 2421 804 2459 Rom.
820 2434 899 2470 11p.
916 2421 998 2459 298
1014 2435 1050 2458 n.
1070 2420 1240 2470 putabat
1260 2420 1415 2459 eosdem
1434 2433 1569 2459 versus
1590 2421 1640 2458 ad
1652 2420 1738 2458 Mu-

177 2480 285 2518 tinae
307 2482 346 2518 et
366 2480 534 2518 Tanneti
555 2493 578 2518 a
599 2479 725 2518 Gallis
744 2482 960 2530 temptatas
980 2479 1201 2518 obsidiones
1220 2481 1430 2529 pertinere,
1450 2492 1549 2529 quas
1568 2492 1629 2518 res
1650 2493 1738 2518 cum

177 2539 366 2588 Polybius
392 2552 437 2577 111
457 2540 513 2578 40
538 2541 623 2577 tum
649 2539 787 2578 Livius
806 2552 876 2577 XXI
897 2539 963 2577 25.
986 2540 1038 2577 26
1066 2539 1117 2576 ad
1144 2552 1176 2577 a.
1206 2540 1288 2577 536
1316 2553 1351 2577 u.
1379 2552 1409 2578 c.
1439 2539 1626 2578 narravit.
1661 2538 1737 2577 Sed

179 2598 220 2636 in
245 2598 306 2636 his
333 2598 614 2647 obsidionibus,
641 2611 738 2648 quas
766 2599 799 2637 si
824 2598 975 2637 Ennius
1001 2598 1247 2647 memoravit,
1279 2599 1320 2636 in
1346 2600 1486 2638 octavo
1510 2599 1643 2648 potius
1670 2611 1736 2636 an-

178 2658 261 2695 nali
291 2670 527 2696 memorasse
560 2671 680 2708 quam
711 2659 753 2695 in
787 2659 955 2707 septimo
987 2658 1186 2706 videatur,
1218 2670 1295 2696 non
1327 2658 1441 2696 video
1475 2671 1498 2696 a
1522 2657 1635 2695 Livio
1668 2658 1737 2694 aut

178 2716 344 2766 Polybio
370 2729 431 2755 res
457 2719 588 2768 gestas
614 2718 756 2766 afferri,
785 2729 884 2766 quae
911 2729 998 2755 cum
1018 2717 1209 2756 Ennianis
1235 2717 1414 2755 versibus
1437 2715 1735 2764 contendantur,

179 2777 218 2813 et
242 2776 436 2825 imprimis
462 2776 656 2814 desideres
682 2788 836 2814 samma
861 2778 964 2815 arcis
989 2778 1152 2825 moenia,
1179 2789 1281 2826 quae
1303 2775 1409 2814 Galli
1439 2775 1577 2812 furtim
1603 2786 1736 2812 ascen-

179 2834 280 2873 disse
313 2835 508 2872 dicuntur.
542 2835 723 2884 Denique
755 2835 968 2873 Muellerus
1000 2836 1099 2873 nihil
1130 2836 1227 2874 dicit
1257 2836 1335 2872 nisi
1366 2833 1546 2872 Enniana
1578 2835 1736 2882 sumpta

180 2906 261 2933 esse
288 2907 333 2932 ex
358 2893 559 2946 incognito
587 2894 719 2945 aliquo
747 2894 913 2935 embolio
932 2908 1062 2934 rerum
1083 2894 1325 2935 Gallicarum
1345 2905 1444 2944 quas
1464 2893 1635 2944 primum
1654 2892 1734 2931 bel-

1763 2979 1767 3005 ³
