<?xml version="1.0" encoding="UTF-8"?>
<!DOCTYPE html PUBLIC "-//W3C//DTD XHTML 1.0 Transitional//EN"
    "http://www.w3.org/TR/xhtml1/DTD/xhtml1-transitional.dtd">
<html xmlns="http://www.w3.org/1999/xhtml" xml:lang="en" lang="en">
 <head>
  <title>
</title>
<meta http-equiv="Content-Type" content="text/html;charset=utf-8" />
  <meta name='ocr-system' content='tesseract 3.04.00' />
  <meta name='ocr-capabilities' content='ocr_page ocr_carea ocr_par ocr_line ocrx_word'/>
</head>
<body>
  <div class='ocr_page' id='page_1' title='image "./ennianaepoesisre00enniuoft/ennianaepoesisre00enniuoft_0420.png"; bbox 0 0 2054 3282; ppageno 0'>
   <div class='ocr_carea' id='block_1_1' title="bbox 341 159 1209 210">
    <p class='ocr_par' dir='ltr' id='par_1_1' title="bbox 341 159 1209 210">
     <span class='ocr_line' id='line_1_1' title="bbox 341 159 1209 210; baseline -0.003 -13"><span class='ocrx_word' id='word_1_1' title='bbox 341 169 422 210; x_wconf 80' lang='lat'>192</span> <span class='ocrx_word' id='word_1_2' title='bbox 1010 159 1209 196; x_wconf 78' lang='lat' dir='ltr'>SCENJCA</span> 
     </span>
    </p>
   </div>
   <div class='ocr_carea' id='block_1_2' title="bbox 336 278 1158 401">
    <p class='ocr_par' dir='ltr' id='par_1_2' title="bbox 336 278 1158 401">
     <span class='ocr_line' id='line_1_2' title="bbox 1086 278 1138 312; baseline 0 0"><span class='ocrx_word' id='word_1_3' title='bbox 1086 278 1138 312; x_wconf 85' lang='lat'>111</span> 
     </span>
     <span class='ocr_line' id='line_1_3' title="bbox 336 345 1158 401; baseline -0.007 -9"><span class='ocrx_word' id='word_1_4' title='bbox 336 351 420 392; x_wconf 85' lang='lat'>379</span> <span class='ocrx_word' id='word_1_5' title='bbox 451 349 652 391; x_wconf 89' lang='lat' dir='ltr'>Pervince</span> <span class='ocrx_word' id='word_1_6' title='bbox 683 346 888 401; x_wconf 78' lang='lat' dir='ltr'>pertinaci</span> <span class='ocrx_word' id='word_1_7' title='bbox 920 345 1158 400; x_wconf 89' lang='lat' dir='ltr'>pervicacia</span> 
     </span>
    </p>
   </div>
   <div class='ocr_carea' id='block_1_3' title="bbox 335 460 1460 584">
    <p class='ocr_par' dir='ltr' id='par_1_3' title="bbox 335 460 1460 584">
     <span class='ocr_line' id='line_1_4' title="bbox 1089 460 1140 495; baseline 0 0"><span class='ocrx_word' id='word_1_8' title='bbox 1089 460 1140 495; x_wconf 83' lang='lat' dir='ltr'>IV</span> 
     </span>
     <span class='ocr_line' id='line_1_5' title="bbox 335 528 1460 584; baseline -0.004 -10"><span class='ocrx_word' id='word_1_9' title='bbox 335 532 422 575; x_wconf 86' lang='lat'>380</span> <span class='ocrx_word' id='word_1_10' title='bbox 453 530 535 581; x_wconf 85' lang='lat' dir='ltr'>Qui</span> <span class='ocrx_word' id='word_1_11' title='bbox 566 530 727 584; x_wconf 90' lang='lat' dir='ltr'>templa</span> <span class='ocrx_word' id='word_1_12' title='bbox 758 528 863 571; x_wconf 91' lang='lat' dir='ltr'>caeli</span> <span class='ocrx_word' id='word_1_13' title='bbox 895 543 1061 570; x_wconf 89' lang='lat' dir='ltr'>summa</span> <span class='ocrx_word' id='word_1_14' title='bbox 1093 528 1237 570; x_wconf 89' lang='lat' dir='ltr'>sonitu</span> <span class='ocrx_word' id='word_1_15' title='bbox 1269 529 1460 571; x_wconf 73' lang='lat' dir='ltr'>concutit</span> 
     </span>
    </p>
   </div>
   <div class='ocr_carea' id='block_1_4' title="bbox 335 644 1393 767">
    <p class='ocr_par' dir='ltr' id='par_1_4' title="bbox 335 644 1393 767">
     <span class='ocr_line' id='line_1_6' title="bbox 1101 644 1135 679; baseline 0 -30"><span class='ocrx_word' id='word_1_16' title='bbox 1101 644 1135 679; x_wconf 76' lang='lat' dir='ltr'><strong>V</strong></span> 
     </span>
     <span class='ocr_line' id='line_1_7' title="bbox 335 711 1393 767; baseline -0.002 -11"><span class='ocrx_word' id='word_1_17' title='bbox 335 715 417 756; x_wconf 86' lang='lat'>381</span> <span class='ocrx_word' id='word_1_18' title='bbox 848 711 953 754; x_wconf 92' lang='lat' dir='ltr'>caeli</span> <span class='ocrx_word' id='word_1_19' title='bbox 984 711 1178 767; x_wconf 82' lang='lat' dir='ltr'>ingentes</span> <span class='ocrx_word' id='word_1_20' title='bbox 1210 712 1393 754; x_wconf 72' lang='lat' dir='ltr'>fornices</span> 
     </span>
    </p>
   </div>
   <div class='ocr_carea' id='block_1_5' title="bbox 331 881 1900 2209">
    <p class='ocr_par' dir='ltr' id='par_1_5' title="bbox 332 881 1899 1088">
     <span class='ocr_line' id='line_1_8' title="bbox 451 881 1898 928; baseline 0.001 -12"><span class='ocrx_word' id='word_1_21' title='bbox 451 883 500 916; x_wconf 92' lang='grc' dir='ltr'>ΠΙ</span> <span class='ocrx_word' id='word_1_22' title='bbox 515 885 547 927; x_wconf 88' lang='lat'>(3</span> <span class='ocrx_word' id='word_1_23' title='bbox 554 883 609 926; x_wconf 81' lang='lat'>79)</span> <span class='ocrx_word' id='word_1_24' title='bbox 630 882 766 916; x_wconf 84' lang='lat' dir='ltr'>Fronto</span> <span class='ocrx_word' id='word_1_25' title='bbox 781 892 837 926; x_wconf 89' lang='lat' dir='ltr'>ep.</span> <span class='ocrx_word' id='word_1_26' title='bbox 852 881 900 916; x_wconf 87' lang='lat' dir='ltr'>ad</span> <span class='ocrx_word' id='word_1_27' title='bbox 912 881 1013 916; x_wconf 87' lang='lat' dir='ltr'>Caes.</span> <span class='ocrx_word' id='word_1_28' title='bbox 1026 895 1063 917; x_wconf 87' lang='lat' dir='ltr'>1v</span> <span class='ocrx_word' id='word_1_29' title='bbox 1076 886 1096 916; x_wconf 82' lang='lat'><strong>2</strong></span> <span class='ocrx_word' id='word_1_30' title='bbox 1111 894 1146 927; x_wconf 90' lang='lat' dir='ltr'>p.</span> <span class='ocrx_word' id='word_1_31' title='bbox 1157 886 1201 917; x_wconf 87' lang='grc'>60</span> <span class='ocrx_word' id='word_1_32' title='bbox 1212 882 1307 917; x_wconf 89' lang='lat' dir='ltr'>Nab.</span> <span class='ocrx_word' id='word_1_33' title='bbox 1322 883 1383 917; x_wconf 78' lang='lat' dir='ltr'>‘de</span> <span class='ocrx_word' id='word_1_34' title='bbox 1394 882 1541 917; x_wconf 91' lang='lat' dir='ltr'>Herode</span> <span class='ocrx_word' id='word_1_35' title='bbox 1552 883 1651 927; x_wconf 89' lang='lat' dir='ltr'>quod</span> <span class='ocrx_word' id='word_1_36' title='bbox 1666 882 1760 917; x_wconf 87' lang='lat' dir='ltr'>dicis</span> <span class='ocrx_word' id='word_1_37' title='bbox 1772 893 1898 928; x_wconf 82' lang='lat' dir='ltr'>perge,</span> 
     </span>
     <span class='ocr_line' id='line_1_9' title="bbox 333 935 1899 981; baseline -0.001 -10"><span class='ocrx_word' id='word_1_38' title='bbox 333 948 396 971; x_wconf 89' lang='lat' dir='ltr'>oro</span> <span class='ocrx_word' id='word_1_39' title='bbox 411 938 459 979; x_wconf 92' lang='lat' dir='ltr'>te,</span> <span class='ocrx_word' id='word_1_40' title='bbox 475 937 550 981; x_wconf 89' lang='lat' dir='ltr'>(et),</span> <span class='ocrx_word' id='word_1_41' title='bbox 565 937 606 969; x_wconf 88' lang='lat' dir='ltr'>ut</span> <span class='ocrx_word' id='word_1_42' title='bbox 621 935 779 977; x_wconf 81' lang='lat' dir='ltr'>Quintus</span> <span class='ocrx_word' id='word_1_43' title='bbox 794 937 919 970; x_wconf 86' lang='lat' dir='ltr'>noster</span> <span class='ocrx_word' id='word_1_44' title='bbox 939 936 1003 978; x_wconf 90' lang='lat' dir='ltr'>ait,</span> <span class='ocrx_word' id='word_1_45' title='bbox 1019 935 1214 980; x_wconf 83' lang='lat' dir='ltr'>«pervince</span> <span class='ocrx_word' id='word_1_46' title='bbox 1232 948 1267 981; x_wconf 87' lang='lat' dir='ltr'>p.</span> <span class='ocrx_word' id='word_1_47' title='bbox 1283 936 1543 981; x_wconf 86' lang='lat' dir='ltr'>pervicacia».’</span> <span class='ocrx_word' id='word_1_48' title='bbox 1642 936 1803 970; x_wconf 83' lang='lat' dir='ltr'>Ennium</span> <span class='ocrx_word' id='word_1_49' title='bbox 1824 936 1899 970; x_wconf 91' lang='lat' dir='ltr'>dici</span> 
     </span>
     <span class='ocr_line' id='line_1_10' title="bbox 332 988 1898 1036; baseline -0.001 -12"><span class='ocrx_word' id='word_1_50' title='bbox 332 991 418 1036; x_wconf 91' lang='lat' dir='ltr'>post</span> <span class='ocrx_word' id='word_1_51' title='bbox 429 988 677 1023; x_wconf 87' lang='lat' dir='ltr'>Ribbeckium</span> <span class='ocrx_word' id='word_1_52' title='bbox 692 990 880 1023; x_wconf 80' lang='lat' dir='ltr'>asseverat</span> <span class='ocrx_word' id='word_1_53' title='bbox 895 989 1084 1034; x_wconf 88' lang='lat' dir='ltr'>Hauptius</span> <span class='ocrx_word' id='word_1_54' title='bbox 1096 990 1194 1034; x_wconf 92' lang='lat' dir='ltr'>(opp.</span> <span class='ocrx_word' id='word_1_55' title='bbox 1208 1003 1234 1023; x_wconf 86' lang='lat'>11</span> <span class='ocrx_word' id='word_1_56' title='bbox 1248 1002 1282 1034; x_wconf 90' lang='lat' dir='ltr'>p.</span> <span class='ocrx_word' id='word_1_57' title='bbox 1296 992 1390 1035; x_wconf 83' lang='lat'>349),</span> <span class='ocrx_word' id='word_1_58' title='bbox 1405 990 1469 1035; x_wconf 88' lang='lat' dir='ltr'>qui</span> <span class='ocrx_word' id='word_1_59' title='bbox 1489 991 1534 1024; x_wconf 91' lang='lat' dir='ltr'>et</span> <span class='ocrx_word' id='word_1_60' title='bbox 1553 990 1711 1025; x_wconf 83' lang='lat' dir='ltr'>addidit.</span> <span class='ocrx_word' id='word_1_61' title='bbox 1727 989 1780 1024; x_wconf 84' lang='lat' dir='ltr'>Cf.</span> <span class='ocrx_word' id='word_1_62' title='bbox 1792 989 1898 1024; x_wconf 92' lang='lat' dir='ltr'>Accii</span> 
     </span>
     <span class='ocr_line' id='line_1_11' title="bbox 335 1041 661 1088; baseline -0.003 -11"><span class='ocrx_word' id='word_1_63' title='bbox 335 1043 505 1088; x_wconf 83' lang='lat' dir='ltr'>Myrmid.</span> <span class='ocrx_word' id='word_1_64' title='bbox 521 1056 534 1076; x_wconf 95' lang='lat'>1</span> <span class='ocrx_word' id='word_1_65' title='bbox 552 1041 661 1076; x_wconf 87' lang='lat' dir='ltr'>Ribb.</span> 
     </span>
    </p>

    <p class='ocr_par' dir='ltr' id='par_1_6' title="bbox 331 1095 1900 1675">
     <span class='ocr_line' id='line_1_12' title="bbox 450 1095 1900 1142; baseline 0.001 -13"><span class='ocrx_word' id='word_1_66' title='bbox 450 1096 501 1130; x_wconf 93' lang='lat' dir='ltr'>IV</span> <span class='ocrx_word' id='word_1_67' title='bbox 515 1097 609 1141; x_wconf 85' lang='lat'>(380)</span> <span class='ocrx_word' id='word_1_68' title='bbox 643 1095 838 1129; x_wconf 88' lang='lat' dir='ltr'>Terentius</span> <span class='ocrx_word' id='word_1_69' title='bbox 859 1106 941 1130; x_wconf 87' lang='lat' dir='ltr'>eun.</span> <span class='ocrx_word' id='word_1_70' title='bbox 957 1109 999 1130; x_wconf 94' lang='lat'>111</span> <span class='ocrx_word' id='word_1_71' title='bbox 1013 1099 1045 1138; x_wconf 87' lang='lat'>5,</span> <span class='ocrx_word' id='word_1_72' title='bbox 1060 1099 1105 1130; x_wconf 86' lang='lat'>36</span> <span class='ocrx_word' id='word_1_73' title='bbox 1122 1096 1312 1131; x_wconf 81' lang='lat' dir='ltr'>‘tabulam</span> <span class='ocrx_word' id='word_1_74' title='bbox 1326 1096 1516 1140; x_wconf 89' lang='lat' dir='ltr'>quandam</span> <span class='ocrx_word' id='word_1_75' title='bbox 1529 1097 1688 1142; x_wconf 87' lang='lat' dir='ltr'>pictam:</span> <span class='ocrx_word' id='word_1_76' title='bbox 1709 1096 1764 1131; x_wconf 90' lang='lat' dir='ltr'>ibi</span> <span class='ocrx_word' id='word_1_77' title='bbox 1776 1096 1900 1131; x_wconf 81' lang='lat' dir='ltr'>inerat</span> 
     </span>
     <span class='ocr_line' id='line_1_13' title="bbox 332 1148 1898 1195; baseline 0 -11"><span class='ocrx_word' id='word_1_78' title='bbox 332 1150 479 1195; x_wconf 87' lang='lat' dir='ltr'>pictura</span> <span class='ocrx_word' id='word_1_79' title='bbox 497 1149 600 1191; x_wconf 89' lang='lat' dir='ltr'>haec,</span> <span class='ocrx_word' id='word_1_80' title='bbox 621 1148 743 1183; x_wconf 91' lang='lat' dir='ltr'>Iovem</span> <span class='ocrx_word' id='word_1_81' title='bbox 763 1160 836 1192; x_wconf 91' lang='lat' dir='ltr'>quo</span> <span class='ocrx_word' id='word_1_82' title='bbox 856 1150 968 1194; x_wconf 88' lang='lat' dir='ltr'>pacto</span> <span class='ocrx_word' id='word_1_83' title='bbox 982 1149 1137 1184; x_wconf 85' lang='lat' dir='ltr'>Danaae</span> <span class='ocrx_word' id='word_1_84' title='bbox 1155 1149 1302 1184; x_wconf 85' lang='lat' dir='ltr'>misisse</span> <span class='ocrx_word' id='word_1_85' title='bbox 1322 1150 1429 1184; x_wconf 90' lang='lat' dir='ltr'>aiunt</span> <span class='ocrx_word' id='word_1_86' title='bbox 1448 1150 1637 1194; x_wconf 88' lang='lat' dir='ltr'>quondam</span> <span class='ocrx_word' id='word_1_87' title='bbox 1656 1150 1696 1184; x_wconf 91' lang='lat' dir='ltr'>in</span> <span class='ocrx_word' id='word_1_88' title='bbox 1715 1149 1898 1195; x_wconf 86' lang='lat' dir='ltr'>gremium</span> 
     </span>
     <span class='ocr_line' id='line_1_14' title="bbox 332 1202 1898 1248; baseline -0.001 -10"><span class='ocrx_word' id='word_1_89' title='bbox 332 1203 486 1238; x_wconf 86' lang='lat' dir='ltr'>imbrem</span> <span class='ocrx_word' id='word_1_90' title='bbox 501 1213 662 1237; x_wconf 84' lang='lat' dir='ltr'>aureum.</span> <span class='ocrx_word' id='word_1_91' title='bbox 679 1204 827 1247; x_wconf 85' lang='lat' dir='ltr'>egomet</span> <span class='ocrx_word' id='word_1_92' title='bbox 841 1213 988 1247; x_wconf 91' lang='lat' dir='ltr'>quoque</span> <span class='ocrx_word' id='word_1_93' title='bbox 1002 1202 1042 1236; x_wconf 91' lang='lat' dir='ltr'>id</span> <span class='ocrx_word' id='word_1_94' title='bbox 1063 1204 1231 1247; x_wconf 85' lang='lat' dir='ltr'>spectare</span> <span class='ocrx_word' id='word_1_95' title='bbox 1252 1203 1374 1248; x_wconf 86' lang='lat' dir='ltr'>coepi:</span> <span class='ocrx_word' id='word_1_96' title='bbox 1396 1204 1434 1237; x_wconf 92' lang='lat' dir='ltr'>et</span> <span class='ocrx_word' id='word_1_97' title='bbox 1453 1203 1543 1248; x_wconf 89' lang='lat' dir='ltr'>quia</span> <span class='ocrx_word' id='word_1_98' title='bbox 1557 1203 1787 1238; x_wconf 87' lang='lat' dir='ltr'>consimilem</span> <span class='ocrx_word' id='word_1_99' title='bbox 1802 1203 1898 1237; x_wconf 87' lang='lat' dir='ltr'>luse-</span> 
     </span>
     <span class='ocr_line' id='line_1_15' title="bbox 332 1255 1898 1302; baseline 0 -12"><span class='ocrx_word' id='word_1_100' title='bbox 332 1258 391 1290; x_wconf 87' lang='lat' dir='ltr'>rat</span> <span class='ocrx_word' id='word_1_101' title='bbox 409 1256 484 1290; x_wconf 90' lang='lat' dir='ltr'>iam</span> <span class='ocrx_word' id='word_1_102' title='bbox 504 1255 593 1290; x_wconf 90' lang='lat' dir='ltr'>olim</span> <span class='ocrx_word' id='word_1_103' title='bbox 612 1255 677 1289; x_wconf 89' lang='lat' dir='ltr'>ille</span> <span class='ocrx_word' id='word_1_104' title='bbox 696 1255 838 1298; x_wconf 88' lang='lat' dir='ltr'>ludum,</span> <span class='ocrx_word' id='word_1_105' title='bbox 859 1256 1037 1300; x_wconf 89' lang='lat' dir='ltr'>inpendio</span> <span class='ocrx_word' id='word_1_106' title='bbox 1057 1256 1179 1302; x_wconf 84' lang='lat' dir='ltr'>magis</span> <span class='ocrx_word' id='word_1_107' title='bbox 1200 1257 1345 1291; x_wconf 77' lang='lat' dir='ltr'>animus</span> <span class='ocrx_word' id='word_1_108' title='bbox 1358 1256 1551 1302; x_wconf 88' lang='lat' dir='ltr'>gaudebat</span> <span class='ocrx_word' id='word_1_109' title='bbox 1562 1256 1673 1301; x_wconf 65' lang='lat' dir='ltr'>mihi,</span> <span class='ocrx_word' id='word_1_110' title='bbox 1694 1257 1804 1290; x_wconf 88' lang='lat' dir='ltr'>deum</span> <span class='ocrx_word' id='word_1_111' title='bbox 1819 1266 1898 1290; x_wconf 81' lang='lat' dir='ltr'>sese</span> 
     </span>
     <span class='ocr_line' id='line_1_16' title="bbox 331 1309 1899 1355; baseline -0.001 -11"><span class='ocrx_word' id='word_1_112' title='bbox 331 1310 370 1344; x_wconf 88' lang='lat' dir='ltr'>in</span> <span class='ocrx_word' id='word_1_113' title='bbox 388 1309 576 1344; x_wconf 90' lang='lat' dir='ltr'>hominem</span> <span class='ocrx_word' id='word_1_114' title='bbox 597 1309 820 1343; x_wconf 88' lang='lat' dir='ltr'>convertisse</span> <span class='ocrx_word' id='word_1_115' title='bbox 840 1310 954 1354; x_wconf 86' lang='lat' dir='ltr'>atque</span> <span class='ocrx_word' id='word_1_116' title='bbox 972 1309 1012 1343; x_wconf 92' lang='lat' dir='ltr'>in</span> <span class='ocrx_word' id='word_1_117' title='bbox 1032 1309 1175 1345; x_wconf 85' lang='lat' dir='ltr'>alienas</span> <span class='ocrx_word' id='word_1_118' title='bbox 1195 1310 1342 1355; x_wconf 82' lang='lat' dir='ltr'>tegulas</span> <span class='ocrx_word' id='word_1_119' title='bbox 1362 1310 1506 1345; x_wconf 89' lang='lat' dir='ltr'>venisse</span> <span class='ocrx_word' id='word_1_120' title='bbox 1526 1309 1737 1345; x_wconf 89' lang='lat' dir='ltr'>clanculum</span> <span class='ocrx_word' id='word_1_121' title='bbox 1755 1320 1822 1355; x_wconf 87' lang='lat' dir='ltr'>per</span> <span class='ocrx_word' id='word_1_122' title='bbox 1843 1310 1899 1343; x_wconf 91' lang='lat' dir='ltr'>in-</span> 
     </span>
     <span class='ocr_line' id='line_1_17' title="bbox 331 1361 1896 1409; baseline 0.001 -13"><span class='ocrx_word' id='word_1_123' title='bbox 331 1363 497 1408; x_wconf 86' lang='lat' dir='ltr'>pluvium</span> <span class='ocrx_word' id='word_1_124' title='bbox 511 1362 637 1396; x_wconf 87' lang='lat' dir='ltr'>fucum</span> <span class='ocrx_word' id='word_1_125' title='bbox 650 1361 793 1397; x_wconf 87' lang='lat' dir='ltr'>factum</span> <span class='ocrx_word' id='word_1_126' title='bbox 807 1362 966 1397; x_wconf 89' lang='lat' dir='ltr'>mulieri.</span> <span class='ocrx_word' id='word_1_127' title='bbox 986 1363 1017 1382; x_wconf 78' lang='lat'>⁴²</span> <span class='ocrx_word' id='word_1_128' title='bbox 1030 1364 1070 1398; x_wconf 90' lang='lat' dir='ltr'>at</span> <span class='ocrx_word' id='word_1_129' title='bbox 1084 1374 1194 1408; x_wconf 90' lang='lat' dir='ltr'>quem</span> <span class='ocrx_word' id='word_1_130' title='bbox 1209 1364 1335 1398; x_wconf 89' lang='lat' dir='ltr'>deum:</span> <span class='ocrx_word' id='word_1_131' title='bbox 1352 1363 1440 1408; x_wconf 86' lang='lat' dir='ltr'>«qui</span> <span class='ocrx_word' id='word_1_132' title='bbox 1453 1363 1596 1409; x_wconf 89' lang='lat' dir='ltr'>templa</span> <span class='ocrx_word' id='word_1_133' title='bbox 1610 1392 1616 1398; x_wconf 92' lang='lat'>.</span> <span class='ocrx_word' id='word_1_134' title='bbox 1635 1392 1641 1397; x_wconf 93' lang='lat'>.</span> <span class='ocrx_word' id='word_1_135' title='bbox 1658 1392 1664 1398; x_wconf 89' lang='lat'>.</span> <span class='ocrx_word' id='word_1_136' title='bbox 1681 1363 1896 1399; x_wconf 59' lang='lat' dir='ltr'>concutit»)</span> 
     </span>
     <span class='ocr_line' id='line_1_18' title="bbox 332 1415 1899 1462; baseline 0 -12"><span class='ocrx_word' id='word_1_137' title='bbox 332 1416 499 1451; x_wconf 90' lang='lat' dir='ltr'>Donatus</span> <span class='ocrx_word' id='word_1_138' title='bbox 514 1416 562 1449; x_wconf 89' lang='lat' dir='ltr'>ad</span> <span class='ocrx_word' id='word_1_139' title='bbox 575 1416 610 1449; x_wconf 90' lang='lat' dir='ltr'>h.</span> <span class='ocrx_word' id='word_1_140' title='bbox 626 1415 649 1450; x_wconf 92' lang='grc'>1.</span> <span class='ocrx_word' id='word_1_141' title='bbox 669 1415 814 1451; x_wconf 77' lang='lat' dir='ltr'>‘sonitu</span> <span class='ocrx_word' id='word_1_142' title='bbox 829 1416 1011 1451; x_wconf 83' lang='lat' dir='ltr'>concutit:</span> <span class='ocrx_word' id='word_1_143' title='bbox 1031 1417 1191 1462; x_wconf 75' lang='lat' dir='ltr'>pai-odia</span> <span class='ocrx_word' id='word_1_144' title='bbox 1211 1417 1257 1451; x_wconf 90' lang='lat' dir='ltr'>de</span> <span class='ocrx_word' id='word_1_145' title='bbox 1270 1416 1401 1452; x_wconf 88' lang='lat' dir='ltr'>Ennio.</span> <span class='ocrx_word' id='word_1_146' title='bbox 1417 1417 1560 1462; x_wconf 90' lang='lat' dir='ltr'>templa</span> <span class='ocrx_word' id='word_1_147' title='bbox 1580 1416 1691 1451; x_wconf 90' lang='lat' dir='ltr'>caeli:</span> <span class='ocrx_word' id='word_1_148' title='bbox 1713 1416 1899 1451; x_wconf 87' lang='lat' dir='ltr'>sententia</span> 
     </span>
     <span class='ocr_line' id='line_1_19' title="bbox 331 1469 1899 1515; baseline 0 -12"><span class='ocrx_word' id='word_1_149' title='bbox 331 1470 486 1515; x_wconf 87' lang='lat' dir='ltr'>tragica,</span> <span class='ocrx_word' id='word_1_150' title='bbox 504 1469 568 1503; x_wconf 91' lang='lat' dir='ltr'>sed</span> <span class='ocrx_word' id='word_1_151' title='bbox 583 1469 629 1503; x_wconf 90' lang='lat' dir='ltr'>de</span> <span class='ocrx_word' id='word_1_152' title='bbox 643 1469 840 1512; x_wconf 88' lang='lat' dir='ltr'>industria,</span> <span class='ocrx_word' id='word_1_153' title='bbox 854 1481 929 1504; x_wconf 92' lang='lat' dir='ltr'>non</span> <span class='ocrx_word' id='word_1_154' title='bbox 943 1471 1091 1505; x_wconf 83' lang='lat' dir='ltr'>errore.&#39;</span> <span class='ocrx_word' id='word_1_155' title='bbox 1190 1470 1302 1504; x_wconf 86' lang='lat' dir='ltr'>Ennii</span> <span class='ocrx_word' id='word_1_156' title='bbox 1316 1481 1441 1505; x_wconf 89' lang='lat' dir='ltr'>versus</span> <span class='ocrx_word' id='word_1_157' title='bbox 1461 1470 1623 1505; x_wconf 84' lang='lat' dir='ltr'>fueritne</span> <span class='ocrx_word' id='word_1_158' title='bbox 1641 1470 1729 1505; x_wconf 87' lang='lat' dir='ltr'>talis</span> <span class='ocrx_word' id='word_1_159' title='bbox 1749 1469 1899 1514; x_wconf 79' lang='lat' dir='ltr'>qualem</span> 
     </span>
     <span class='ocr_line' id='line_1_20' title="bbox 332 1522 1896 1567; baseline -0.001 -10"><span class='ocrx_word' id='word_1_160' title='bbox 332 1523 525 1557; x_wconf 84' lang='lat' dir='ltr'>Terentius</span> <span class='ocrx_word' id='word_1_161' title='bbox 547 1522 675 1567; x_wconf 89' lang='lat' dir='ltr'>posuit</span> <span class='ocrx_word' id='word_1_162' title='bbox 696 1523 852 1557; x_wconf 85' lang='lat' dir='ltr'>dubium</span> <span class='ocrx_word' id='word_1_163' title='bbox 878 1523 1004 1558; x_wconf 89' lang='lat' dir='ltr'>reddit</span> <span class='ocrx_word' id='word_1_164' title='bbox 1022 1523 1161 1558; x_wconf 86' lang='lat' dir='ltr'>Donati</span> <span class='ocrx_word' id='word_1_165' title='bbox 1187 1523 1392 1559; x_wconf 86' lang='lat' dir='ltr'>adnotatio.</span> <span class='ocrx_word' id='word_1_166' title='bbox 1415 1523 1467 1558; x_wconf 84' lang='lat' dir='ltr'>Cf.</span> <span class='ocrx_word' id='word_1_167' title='bbox 1483 1523 1600 1558; x_wconf 84' lang='lat' dir='ltr'>Varro</span> <span class='ocrx_word' id='word_1_168' title='bbox 1624 1524 1670 1558; x_wconf 89' lang='lat' dir='ltr'>de</span> <span class='ocrx_word' id='word_1_169' title='bbox 1692 1523 1715 1557; x_wconf 93' lang='grc'>1.</span> <span class='ocrx_word' id='word_1_170' title='bbox 1737 1523 1775 1557; x_wconf 86' lang='lat' dir='ltr'>L.</span> <span class='ocrx_word' id='word_1_171' title='bbox 1796 1536 1833 1558; x_wconf 85' lang='lat' dir='ltr'>VI</span> <span class='ocrx_word' id='word_1_172' title='bbox 1854 1526 1896 1556; x_wconf 94' lang='lat'>11</span> 
     </span>
     <span class='ocr_line' id='line_1_21' title="bbox 335 1575 1900 1622; baseline 0 -12"><span class='ocrx_word' id='word_1_173' title='bbox 335 1577 486 1611; x_wconf 81' lang='lat' dir='ltr'>‘aevum</span> <span class='ocrx_word' id='word_1_174' title='bbox 514 1575 562 1610; x_wconf 90' lang='lat' dir='ltr'>ab</span> <span class='ocrx_word' id='word_1_175' title='bbox 592 1577 716 1611; x_wconf 88' lang='lat' dir='ltr'>aetate</span> <span class='ocrx_word' id='word_1_176' title='bbox 742 1576 908 1611; x_wconf 90' lang='lat' dir='ltr'>omnium</span> <span class='ocrx_word' id='word_1_177' title='bbox 935 1587 1136 1612; x_wconf 88' lang='lat' dir='ltr'>annorum:</span> <span class='ocrx_word' id='word_1_178' title='bbox 1162 1577 1250 1611; x_wconf 90' lang='lat' dir='ltr'>hinc</span> <span class='ocrx_word' id='word_1_179' title='bbox 1276 1577 1523 1620; x_wconf 88' lang='lat' dir='ltr'>aeviternum,</span> <span class='ocrx_word' id='word_1_180' title='bbox 1550 1577 1650 1622; x_wconf 92' lang='lat' dir='ltr'>quod</span> <span class='ocrx_word' id='word_1_181' title='bbox 1675 1577 1817 1611; x_wconf 84' lang='lat' dir='ltr'>factum</span> <span class='ocrx_word' id='word_1_182' title='bbox 1843 1577 1900 1610; x_wconf 87' lang='lat' dir='ltr'>est</span> 
     </span>
     <span class='ocr_line' id='line_1_22' title="bbox 333 1629 1381 1675; baseline 0.001 -11"><span class='ocrx_word' id='word_1_183' title='bbox 333 1632 523 1664; x_wconf 83' lang='lat' dir='ltr'>aeternum</span> <span class='ocrx_word' id='word_1_184' title='bbox 542 1658 548 1663; x_wconf 95' lang='lat'>.</span> <span class='ocrx_word' id='word_1_185' title='bbox 566 1658 572 1663; x_wconf 98' lang='lat'>.</span> <span class='ocrx_word' id='word_1_186' title='bbox 590 1657 596 1664; x_wconf 94' lang='lat'>.</span> <span class='ocrx_word' id='word_1_187' title='bbox 615 1629 703 1664; x_wconf 90' lang='lat' dir='ltr'>hinc</span> <span class='ocrx_word' id='word_1_188' title='bbox 722 1631 856 1674; x_wconf 85' lang='lat' dir='ltr'>poetae</span> <span class='ocrx_word' id='word_1_189' title='bbox 878 1632 1054 1666; x_wconf 87' lang='lat' dir='ltr'>«aeterna</span> <span class='ocrx_word' id='word_1_190' title='bbox 1072 1630 1215 1675; x_wconf 87' lang='lat' dir='ltr'>templa</span> <span class='ocrx_word' id='word_1_191' title='bbox 1235 1630 1381 1666; x_wconf 54' lang='lat' dir='ltr'>caeli»)</span> 
     </span>
    </p>

    <p class='ocr_par' dir='ltr' id='par_1_7' title="bbox 332 1682 1898 2209">
     <span class='ocr_line' id='line_1_23' title="bbox 450 1682 1895 1729; baseline 0.001 -13"><span class='ocrx_word' id='word_1_192' title='bbox 450 1682 483 1717; x_wconf 91' lang='lat' dir='ltr'><strong>V</strong></span> <span class='ocrx_word' id='word_1_193' title='bbox 503 1685 599 1729; x_wconf 86' lang='lat'>(381)</span> <span class='ocrx_word' id='word_1_194' title='bbox 630 1682 748 1717; x_wconf 88' lang='lat' dir='ltr'>Varro</span> <span class='ocrx_word' id='word_1_195' title='bbox 774 1683 821 1718; x_wconf 90' lang='lat' dir='ltr'>de</span> <span class='ocrx_word' id='word_1_196' title='bbox 846 1683 869 1717; x_wconf 95' lang='lat' dir='ltr'>l.</span> <span class='ocrx_word' id='word_1_197' title='bbox 891 1684 930 1717; x_wconf 90' lang='lat' dir='ltr'>L.</span> <span class='ocrx_word' id='word_1_198' title='bbox 951 1696 975 1718; x_wconf 90' lang='lat' dir='ltr'>v</span> <span class='ocrx_word' id='word_1_199' title='bbox 995 1687 1038 1718; x_wconf 89' lang='grc'>19</span> <span class='ocrx_word' id='word_1_200' title='bbox 1062 1684 1232 1718; x_wconf 79' lang='lat' dir='ltr'>‘omnino</span> <span class='ocrx_word' id='word_1_201' title='bbox 1256 1694 1325 1729; x_wconf 86' lang='lat' dir='ltr'>ego</span> <span class='ocrx_word' id='word_1_202' title='bbox 1347 1684 1468 1729; x_wconf 88' lang='lat' dir='ltr'>magis</span> <span class='ocrx_word' id='word_1_203' title='bbox 1494 1685 1585 1729; x_wconf 86' lang='lat' dir='ltr'>puto</span> <span class='ocrx_word' id='word_1_204' title='bbox 1606 1695 1628 1718; x_wconf 91' lang='lat' dir='ltr'>a</span> <span class='ocrx_word' id='word_1_205' title='bbox 1649 1684 1741 1718; x_wconf 88' lang='lat' dir='ltr'>chao</span> <span class='ocrx_word' id='word_1_206' title='bbox 1762 1683 1895 1718; x_wconf 90' lang='lat' dir='ltr'>choum</span> 
     </span>
     <span class='ocr_line' id='line_1_24' title="bbox 333 1735 1898 1782; baseline -0.001 -11"><span class='ocrx_word' id='word_1_207' title='bbox 333 1737 514 1782; x_wconf 87' lang='lat' dir='ltr'>&lt;chovum)</span> <span class='ocrx_word' id='word_1_208' title='bbox 541 1737 579 1770; x_wconf 89' lang='lat' dir='ltr'>et</span> <span class='ocrx_word' id='word_1_209' title='bbox 602 1736 690 1770; x_wconf 88' lang='lat' dir='ltr'>hinc</span> <span class='ocrx_word' id='word_1_210' title='bbox 716 1736 860 1770; x_wconf 90' lang='lat' dir='ltr'>caelum</span> <span class='ocrx_word' id='word_1_211' title='bbox 881 1765 887 1770; x_wconf 94' lang='lat'>.</span> <span class='ocrx_word' id='word_1_212' title='bbox 905 1765 935 1771; x_wconf 93' lang='lat'>..</span> <span class='ocrx_word' id='word_1_213' title='bbox 957 1736 1016 1782; x_wconf 88' lang='lat' dir='ltr'>(cf.</span> <span class='ocrx_word' id='word_1_214' title='bbox 1039 1740 1117 1771; x_wconf 84' lang='lat'>112.</span> <span class='ocrx_word' id='word_1_215' title='bbox 1140 1739 1221 1782; x_wconf 83' lang='lat'>215)</span> <span class='ocrx_word' id='word_1_216' title='bbox 1248 1739 1286 1772; x_wconf 90' lang='lat' dir='ltr'>et</span> <span class='ocrx_word' id='word_1_217' title='bbox 1310 1737 1452 1772; x_wconf 84' lang='lat' dir='ltr'>Ennius</span> <span class='ocrx_word' id='word_1_218' title='bbox 1474 1737 1565 1772; x_wconf 91' lang='lat' dir='ltr'>item</span> <span class='ocrx_word' id='word_1_219' title='bbox 1591 1737 1639 1771; x_wconf 92' lang='lat' dir='ltr'>ad</span> <span class='ocrx_word' id='word_1_220' title='bbox 1666 1735 1898 1772; x_wconf 83' lang='lat' dir='ltr'>cavationem</span> 
     </span>
     <span class='ocr_line' id='line_1_25' title="bbox 333 1789 1897 1835; baseline 0 -11"><span class='ocrx_word' id='word_1_221' title='bbox 333 1789 703 1834; x_wconf 75' lang='lat' dir='ltr'>(adua**tionem</span> <span class='ocrx_word' id='word_1_222' title='bbox 727 1789 838 1835; x_wconf 88' lang='lat' dir='ltr'>Flor.)</span> <span class='ocrx_word' id='word_1_223' title='bbox 859 1789 978 1825; x_wconf 88' lang='lat' dir='ltr'>«caeli</span> <span class='ocrx_word' id='word_1_224' title='bbox 996 1790 1019 1824; x_wconf 92' lang='lat' dir='ltr'>i.</span> <span class='ocrx_word' id='word_1_225' title='bbox 1038 1789 1248 1826; x_wconf 57' lang='lat' dir='ltr'>fornices»)</span> <span class='ocrx_word' id='word_1_226' title='bbox 1372 1790 1498 1825; x_wconf 87' lang='lat' dir='ltr'>Cicero</span> <span class='ocrx_word' id='word_1_227' title='bbox 1519 1791 1565 1825; x_wconf 90' lang='lat' dir='ltr'>de</span> <span class='ocrx_word' id='word_1_228' title='bbox 1585 1792 1678 1826; x_wconf 88' lang='lat' dir='ltr'>orat.</span> <span class='ocrx_word' id='word_1_229' title='bbox 1695 1803 1738 1824; x_wconf 89' lang='lat'>111</span> <span class='ocrx_word' id='word_1_230' title='bbox 1757 1793 1813 1833; x_wconf 88' lang='lat'>40,</span> <span class='ocrx_word' id='word_1_231' title='bbox 1830 1793 1897 1824; x_wconf 80' lang='lat'>162</span> 
     </span>
     <span class='ocr_line' id='line_1_26' title="bbox 335 1842 1898 1888; baseline 0 -11"><span class='ocrx_word' id='word_1_232' title='bbox 335 1844 345 1859; x_wconf 86' lang='lat'><em>‘</em></span> <span class='ocrx_word' id='word_1_233' title='bbox 356 1854 427 1887; x_wconf 89' lang='lat' dir='ltr'>quo</span> <span class='ocrx_word' id='word_1_234' title='bbox 441 1843 480 1876; x_wconf 93' lang='lat' dir='ltr'>in</span> <span class='ocrx_word' id='word_1_235' title='bbox 497 1853 631 1888; x_wconf 87' lang='lat' dir='ltr'>genere</span> <span class='ocrx_word' id='word_1_236' title='bbox 644 1842 806 1887; x_wconf 86' lang='lat' dir='ltr'>primum</span> <span class='ocrx_word' id='word_1_237' title='bbox 820 1844 877 1877; x_wconf 88' lang='lat' dir='ltr'>est</span> <span class='ocrx_word' id='word_1_238' title='bbox 888 1842 1070 1888; x_wconf 86' lang='lat' dir='ltr'>fugienda</span> <span class='ocrx_word' id='word_1_239' title='bbox 1086 1843 1365 1878; x_wconf 79' lang='lat' dir='ltr'>dissimilitudo,</span> <span class='ocrx_word' id='word_1_240' title='bbox 1381 1843 1499 1879; x_wconf 89' lang='lat' dir='ltr'>«caeli</span> <span class='ocrx_word' id='word_1_241' title='bbox 1513 1843 1536 1877; x_wconf 91' lang='lat' dir='ltr'>i.</span> <span class='ocrx_word' id='word_1_242' title='bbox 1551 1843 1734 1879; x_wconf 86' lang='lat' dir='ltr'>fornices»</span> <span class='ocrx_word' id='word_1_243' title='bbox 1746 1857 1753 1878; x_wconf 76' lang='lat' dir='ltr'><strong><em>z</em></strong></span> <span class='ocrx_word' id='word_1_244' title='bbox 1768 1853 1898 1887; x_wconf 89' lang='lat' dir='ltr'>quam-</span> 
     </span>
     <span class='ocr_line' id='line_1_27' title="bbox 332 1896 1898 1941; baseline 0 -11"><span class='ocrx_word' id='word_1_245' title='bbox 332 1897 385 1930; x_wconf 88' lang='lat' dir='ltr'>vis</span> <span class='ocrx_word' id='word_1_246' title='bbox 400 1896 598 1941; x_wconf 88' lang='lat' dir='ltr'>sphaeram</span> <span class='ocrx_word' id='word_1_247' title='bbox 615 1896 654 1930; x_wconf 89' lang='lat' dir='ltr'>in</span> <span class='ocrx_word' id='word_1_248' title='bbox 675 1907 848 1931; x_wconf 89' lang='lat' dir='ltr'>scaenam</span> <span class='ocrx_word' id='word_1_249' title='bbox 866 1898 909 1931; x_wconf 89' lang='lat' dir='ltr'>ut</span> <span class='ocrx_word' id='word_1_250' title='bbox 923 1896 1061 1931; x_wconf 86' lang='lat' dir='ltr'>dicitur</span> <span class='ocrx_word' id='word_1_251' title='bbox 1080 1896 1250 1932; x_wconf 88' lang='lat' dir='ltr'>attulerit</span> <span class='ocrx_word' id='word_1_252' title='bbox 1268 1896 1422 1939; x_wconf 87' lang='lat' dir='ltr'>Ennius,</span> <span class='ocrx_word' id='word_1_253' title='bbox 1442 1898 1569 1931; x_wconf 88' lang='lat' dir='ltr'>tamen</span> <span class='ocrx_word' id='word_1_254' title='bbox 1587 1896 1627 1930; x_wconf 92' lang='lat' dir='ltr'>in</span> <span class='ocrx_word' id='word_1_255' title='bbox 1647 1896 1806 1941; x_wconf 85' lang='lat' dir='ltr'>sphaera</span> <span class='ocrx_word' id='word_1_256' title='bbox 1825 1896 1898 1930; x_wconf 89' lang='lat' dir='ltr'>for-</span> 
     </span>
     <span class='ocr_line' id='line_1_28' title="bbox 332 1949 1896 1995; baseline 0 -12"><span class='ocrx_word' id='word_1_257' title='bbox 332 1950 425 1984; x_wconf 87' lang='lat' dir='ltr'>nicis</span> <span class='ocrx_word' id='word_1_258' title='bbox 438 1949 644 1984; x_wconf 88' lang='lat' dir='ltr'>similitudo</span> <span class='ocrx_word' id='word_1_259' title='bbox 657 1960 732 1984; x_wconf 94' lang='lat' dir='ltr'>non</span> <span class='ocrx_word' id='word_1_260' title='bbox 747 1951 873 1994; x_wconf 90' lang='lat' dir='ltr'>potest</span> <span class='ocrx_word' id='word_1_261' title='bbox 885 1949 1033 1984; x_wconf 86' lang='lat' dir='ltr'>inesse.&#39;</span> <span class='ocrx_word' id='word_1_262' title='bbox 1133 1949 1231 1992; x_wconf 83' lang='lat' dir='ltr'>Quid</span> <span class='ocrx_word' id='word_1_263' title='bbox 1246 1949 1372 1985; x_wconf 88' lang='lat' dir='ltr'>Cicero</span> <span class='ocrx_word' id='word_1_264' title='bbox 1388 1950 1656 1995; x_wconf 84' lang='lat' dir='ltr'>vituperaverit</span> <span class='ocrx_word' id='word_1_265' title='bbox 1668 1951 1706 1984; x_wconf 88' lang='lat' dir='ltr'>et</span> <span class='ocrx_word' id='word_1_266' title='bbox 1719 1949 1810 1993; x_wconf 89' lang='lat' dir='ltr'>quid</span> <span class='ocrx_word' id='word_1_267' title='bbox 1824 1961 1896 1994; x_wconf 92' lang='lat' dir='ltr'>quo</span> 
     </span>
     <span class='ocr_line' id='line_1_29' title="bbox 333 2002 1898 2048; baseline 0 -12"><span class='ocrx_word' id='word_1_268' title='bbox 333 2003 442 2037; x_wconf 90' lang='lat' dir='ltr'>modo</span> <span class='ocrx_word' id='word_1_269' title='bbox 465 2003 607 2037; x_wconf 88' lang='lat' dir='ltr'>Ennius</span> <span class='ocrx_word' id='word_1_270' title='bbox 630 2003 841 2037; x_wconf 83' lang='lat' dir='ltr'>defenderit</span> <span class='ocrx_word' id='word_1_271' title='bbox 863 2003 1059 2038; x_wconf 87' lang='lat' dir='ltr'>obscurum</span> <span class='ocrx_word' id='word_1_272' title='bbox 1082 2005 1147 2038; x_wconf 87' lang='lat' dir='ltr'>est.</span> <span class='ocrx_word' id='word_1_273' title='bbox 1172 2003 1343 2048; x_wconf 85' lang='lat' dir='ltr'>Hyginus</span> <span class='ocrx_word' id='word_1_274' title='bbox 1373 2003 1448 2038; x_wconf 83' lang='lat' dir='ltr'>fab.</span> <span class='ocrx_word' id='word_1_275' title='bbox 1471 2006 1538 2037; x_wconf 83' lang='lat'>150</span> <span class='ocrx_word' id='word_1_276' title='bbox 1561 2003 1728 2037; x_wconf 74' lang='lat' dir='ltr'>‘Atlanti</span> <span class='ocrx_word' id='word_1_277' title='bbox 1751 2031 1780 2037; x_wconf 92' lang='lat'>..</span> <span class='ocrx_word' id='word_1_278' title='bbox 1802 2002 1898 2045; x_wconf 83' lang='lat' dir='ltr'>caeli</span> 
     </span>
     <span class='ocr_line' id='line_1_30' title="bbox 333 2055 1897 2101; baseline 0 -11"><span class='ocrx_word' id='word_1_279' title='bbox 333 2056 511 2091; x_wconf 88' lang='lat' dir='ltr'>fornicem</span> <span class='ocrx_word' id='word_1_280' title='bbox 531 2067 642 2100; x_wconf 90' lang='lat' dir='ltr'>super</span> <span class='ocrx_word' id='word_1_281' title='bbox 659 2056 832 2090; x_wconf 84' lang='lat' dir='ltr'>humeros</span> <span class='ocrx_word' id='word_1_282' title='bbox 858 2057 1062 2101; x_wconf 79' lang='lat' dir='ltr'>imposuit’</span> <span class='ocrx_word' id='word_1_283' title='bbox 1084 2056 1237 2091; x_wconf 88' lang='lat' dir='ltr'>Lutheri</span> <span class='ocrx_word' id='word_1_284' title='bbox 1262 2057 1355 2091; x_wconf 90' lang='lat' dir='ltr'>haec</span> <span class='ocrx_word' id='word_1_285' title='bbox 1381 2058 1468 2091; x_wconf 87' lang='lat' dir='ltr'>sunt</span> <span class='ocrx_word' id='word_1_286' title='bbox 1489 2056 1569 2091; x_wconf 78' lang='lat' dir='ltr'>‘ich</span> <span class='ocrx_word' id='word_1_287' title='bbox 1593 2056 1659 2091; x_wconf 93' lang='lat' dir='ltr'>sah</span> <span class='ocrx_word' id='word_1_288' title='bbox 1686 2056 1747 2090; x_wconf 90' lang='lat' dir='ltr'>die</span> <span class='ocrx_word' id='word_1_289' title='bbox 1768 2055 1897 2090; x_wconf 87' lang='lat' dir='ltr'>Sterne</span> 
     </span>
     <span class='ocr_line' id='line_1_31' title="bbox 334 2108 1897 2155; baseline 0 -12"><span class='ocrx_word' id='word_1_290' title='bbox 334 2120 393 2143; x_wconf 89' lang='lat' dir='ltr'>am</span> <span class='ocrx_word' id='word_1_291' title='bbox 412 2109 574 2144; x_wconf 90' lang='lat' dir='ltr'>Himmel</span> <span class='ocrx_word' id='word_1_292' title='bbox 593 2110 671 2143; x_wconf 90' lang='lat' dir='ltr'>und</span> <span class='ocrx_word' id='word_1_293' title='bbox 691 2110 757 2144; x_wconf 85' lang='lat' dir='ltr'>das</span> <span class='ocrx_word' id='word_1_294' title='bbox 777 2121 895 2155; x_wconf 86' lang='lat' dir='ltr'>ganze</span> <span class='ocrx_word' id='word_1_295' title='bbox 915 2110 1051 2145; x_wconf 74' lang='lat' dir='ltr'>schone</span> <span class='ocrx_word' id='word_1_296' title='bbox 1072 2109 1246 2145; x_wconf 75' lang='lat' dir='ltr'>Gewolbe</span> <span class='ocrx_word' id='word_1_297' title='bbox 1267 2109 1407 2153; x_wconf 85' lang='lat' dir='ltr'>Gottes,</span> <span class='ocrx_word' id='word_1_298' title='bbox 1428 2110 1505 2144; x_wconf 89' lang='lat' dir='ltr'>und</span> <span class='ocrx_word' id='word_1_299' title='bbox 1528 2110 1595 2144; x_wconf 85' lang='lat' dir='ltr'>sah</span> <span class='ocrx_word' id='word_1_300' title='bbox 1619 2109 1715 2144; x_wconf 91' lang='lat' dir='ltr'>doch</span> <span class='ocrx_word' id='word_1_301' title='bbox 1737 2108 1897 2155; x_wconf 87' lang='lat' dir='ltr'>nirgend</span> 
     </span>
     <span class='ocr_line' id='line_1_32' title="bbox 332 2161 1645 2209; baseline 0 -13"><span class='ocrx_word' id='word_1_302' title='bbox 332 2161 442 2197; x_wconf 89' lang='lat' dir='ltr'>keine</span> <span class='ocrx_word' id='word_1_303' title='bbox 458 2162 603 2205; x_wconf 86' lang='lat' dir='ltr'>Pfeiler‚</span> <span class='ocrx_word' id='word_1_304' title='bbox 625 2162 764 2197; x_wconf 89' lang='lat' dir='ltr'>darauf</span> <span class='ocrx_word' id='word_1_305' title='bbox 779 2163 844 2198; x_wconf 89' lang='lat' dir='ltr'>der</span> <span class='ocrx_word' id='word_1_306' title='bbox 862 2163 1015 2198; x_wconf 88' lang='lat' dir='ltr'>Meister</span> <span class='ocrx_word' id='word_1_307' title='bbox 1034 2163 1137 2198; x_wconf 89' lang='lat' dir='ltr'>solch</span> <span class='ocrx_word' id='word_1_308' title='bbox 1158 2163 1332 2198; x_wconf 75' lang='lat' dir='ltr'>Gewolbe</span> <span class='ocrx_word' id='word_1_309' title='bbox 1351 2165 1495 2209; x_wconf 88' lang='lat' dir='ltr'>gesetzt</span> <span class='ocrx_word' id='word_1_310' title='bbox 1513 2163 1645 2198; x_wconf 59' lang='lat' dir='ltr'>hatte)</span> 
     </span>
    </p>
   </div>
   <div class='ocr_carea' id='block_1_6' title="bbox 334 2272 615 2277">
    <p class='ocr_par' dir='ltr' id='par_1_8' title="bbox 334 2272 615 2277">
     <span class='ocr_line' id='line_1_33' title="bbox 334 2272 615 2277; baseline 0 0"><span class='ocrx_word' id='word_1_311' title='bbox 334 2272 615 2277; x_wconf 95' lang='lat' dir='ltr'> </span> 
     </span>
    </p>
   </div>
   <div class='ocr_carea' id='block_1_7' title="bbox 327 2358 1897 2930">
    <p class='ocr_par' dir='ltr' id='par_1_9' title="bbox 327 2358 1897 2586">
     <span class='ocr_line' id='line_1_34' title="bbox 336 2358 1897 2406; baseline 0 -11"><span class='ocrx_word' id='word_1_312' title='bbox 336 2369 420 2396; x_wconf 84' lang='lat' dir='ltr'>eam</span> <span class='ocrx_word' id='word_1_313' title='bbox 438 2360 663 2397; x_wconf 75' lang='lat' dir='ltr'>sententiam</span> <span class='ocrx_word' id='word_1_314' title='bbox 681 2359 908 2406; x_wconf 65' lang='lat' dir='ltr'>disputasse,</span> <span class='ocrx_word' id='word_1_315' title='bbox 932 2358 1101 2397; x_wconf 76' lang='lat' dir='ltr'>Gellium</span> <span class='ocrx_word' id='word_1_316' title='bbox 1120 2361 1248 2397; x_wconf 74' lang='lat' dir='ltr'>autem</span> <span class='ocrx_word' id='word_1_317' title='bbox 1266 2358 1503 2405; x_wconf 75' lang='lat' dir='ltr'>Neoptolemi</span> <span class='ocrx_word' id='word_1_318' title='bbox 1524 2369 1678 2396; x_wconf 74' lang='lat' dir='ltr'>sensum</span> <span class='ocrx_word' id='word_1_319' title='bbox 1698 2359 1897 2396; x_wconf 74' lang='lat' dir='ltr'>varietatis</span> 
     </span>
     <span class='ocr_line' id='line_1_35' title="bbox 335 2418 1896 2468; baseline 0.001 -14"><span class='ocrx_word' id='word_1_320' title='bbox 335 2427 456 2454; x_wconf 82' lang='lat' dir='ltr'>causa</span> <span class='ocrx_word' id='word_1_321' title='bbox 471 2420 629 2464; x_wconf 73' lang='lat' dir='ltr'>utroque</span> <span class='ocrx_word' id='word_1_322' title='bbox 647 2419 756 2456; x_wconf 76' lang='lat' dir='ltr'>modo</span> <span class='ocrx_word' id='word_1_323' title='bbox 774 2419 840 2466; x_wconf 74' lang='lat' dir='ltr'>qui</span> <span class='ocrx_word' id='word_1_324' title='bbox 860 2421 943 2455; x_wconf 77' lang='lat' dir='ltr'>erat</span> <span class='ocrx_word' id='word_1_325' title='bbox 960 2419 1067 2465; x_wconf 73' lang='lat' dir='ltr'>apud</span> <span class='ocrx_word' id='word_1_326' title='bbox 1085 2418 1264 2456; x_wconf 75' lang='lat' dir='ltr'>Ennium</span> <span class='ocrx_word' id='word_1_327' title='bbox 1282 2419 1348 2456; x_wconf 78' lang='lat' dir='ltr'>sed</span> <span class='ocrx_word' id='word_1_328' title='bbox 1367 2418 1526 2456; x_wconf 78' lang='lat' dir='ltr'>liberius</span> <span class='ocrx_word' id='word_1_329' title='bbox 1543 2418 1742 2455; x_wconf 66' lang='lat' dir='ltr'>rettulsisse.</span> <span class='ocrx_word' id='word_1_330' title='bbox 1762 2418 1896 2468; x_wconf 88' lang='lat' dir='ltr'>ingur-</span> 
     </span>
     <span class='ocr_line' id='line_1_36' title="bbox 335 2476 1896 2526; baseline 0.001 -13"><span class='ocrx_word' id='word_1_331' title='bbox 335 2476 462 2526; x_wconf 85' lang='lat' dir='ltr'>gitare</span> <span class='ocrx_word' id='word_1_332' title='bbox 487 2479 565 2514; x_wconf 75' lang='lat' dir='ltr'>tam</span> <span class='ocrx_word' id='word_1_333' title='bbox 589 2479 628 2514; x_wconf 72' lang='lat' dir='ltr'>vi</span> <span class='ocrx_word' id='word_1_334' title='bbox 646 2479 812 2524; x_wconf 77' lang='lat' dir='ltr'>propria</span> <span class='ocrx_word' id='word_1_335' title='bbox 832 2489 948 2524; x_wconf 80' lang='lat' dir='ltr'>quam</span> <span class='ocrx_word' id='word_1_336' title='bbox 967 2478 1160 2515; x_wconf 75' lang='lat' dir='ltr'>tramslata</span> <span class='ocrx_word' id='word_1_337' title='bbox 1183 2478 1295 2515; x_wconf 76' lang='lat' dir='ltr'>habet</span> <span class='ocrx_word' id='word_1_338' title='bbox 1316 2476 1447 2515; x_wconf 77' lang='lat' dir='ltr'>Cicero</span> <span class='ocrx_word' id='word_1_339' title='bbox 1467 2478 1646 2524; x_wconf 74' lang='lat' dir='ltr'>saepius‚·</span> <span class='ocrx_word' id='word_1_340' title='bbox 1669 2488 1762 2515; x_wconf 73' lang='lat' dir='ltr'>neve</span> <span class='ocrx_word' id='word_1_341' title='bbox 1779 2479 1896 2515; x_wconf 77' lang='lat' dir='ltr'>‘meta-</span> 
     </span>
     <span class='ocr_line' id='line_1_37' title="bbox 327 2536 1773 2586; baseline -0.001 -13"><span class='ocrx_word' id='word_1_342' title='bbox 327 2536 496 2582; x_wconf 76' lang='lat' dir='ltr'>phoram</span> <span class='ocrx_word' id='word_1_343' title='bbox 513 2536 708 2582; x_wconf 73' lang='lat' dir='ltr'>fastidias,</span> <span class='ocrx_word' id='word_1_344' title='bbox 729 2537 843 2586; x_wconf 89' lang='lat' dir='ltr'>quasi</span> <span class='ocrx_word' id='word_1_345' title='bbox 867 2537 1036 2574; x_wconf 86' lang='lat' dir='ltr'>helluari</span> <span class='ocrx_word' id='word_1_346' title='bbox 1061 2537 1172 2575; x_wconf 89' lang='lat' dir='ltr'>libris</span> <span class='ocrx_word' id='word_1_347' title='bbox 1197 2537 1329 2574; x_wconf 71' lang='lat' dir='ltr'>scribit</span> <span class='ocrx_word' id='word_1_348' title='bbox 1351 2537 1453 2574; x_wconf 67' lang='lat' dir='ltr'>idem</span> <span class='ocrx_word' id='word_1_349' title='bbox 1478 2537 1525 2574; x_wconf 80' lang='lat' dir='ltr'>de</span> <span class='ocrx_word' id='word_1_350' title='bbox 1543 2537 1611 2583; x_wconf 66' lang='grc' dir='ltr'>βπ.</span> <span class='ocrx_word' id='word_1_351' title='bbox 1632 2548 1677 2573; x_wconf 91' lang='lat'>111</span> <span class='ocrx_word' id='word_1_352' title='bbox 1700 2545 1735 2584; x_wconf 86' lang='lat'>2,</span> <span class='ocrx_word' id='word_1_353' title='bbox 1753 2544 1773 2583; x_wconf 94' lang='lat'>7</span> 
     </span>
    </p>

    <p class='ocr_par' dir='ltr' id='par_1_10' title="bbox 327 2589 1897 2930">
     <span class='ocr_line' id='line_1_38' title="bbox 337 2589 1895 2648; baseline -0.001 -16"><span class='ocrx_word' id='word_1_354' title='bbox 337 2595 422 2633; x_wconf 82' lang='lat'>380</span> <span class='ocrx_word' id='word_1_355' title='bbox 441 2596 540 2632; x_wconf 91' lang='lat' dir='ltr'>nutu</span> <span class='ocrx_word' id='word_1_356' title='bbox 554 2595 753 2633; x_wconf 70' lang='lat' dir='ltr'>Bentleius</span> <span class='ocrx_word' id='word_1_357' title='bbox 766 2607 836 2633; x_wconf 86' lang='lat' dir='ltr'>suo</span> <span class='ocrx_word' id='word_1_358' title='bbox 850 2590 931 2648; x_wconf 90' lang='lat' dir='ltr'>(so)</span> <span class='ocrx_word' id='word_1_359' title='bbox 946 2598 1045 2633; x_wconf 89' lang='lat' dir='ltr'>nutu</span> <span class='ocrx_word' id='word_1_360' title='bbox 1057 2597 1188 2645; x_wconf 91' lang='lat' dir='ltr'>quatit</span> <span class='ocrx_word' id='word_1_361' title='bbox 1200 2596 1475 2634; x_wconf 73' lang='lat' dir='ltr'>Fleckeisenus</span> <span class='ocrx_word' id='word_1_362' title='bbox 1489 2595 1622 2634; x_wconf 68' lang='lat' dir='ltr'>amal.</span> <span class='ocrx_word' id='word_1_363' title='bbox 1635 2592 1780 2647; x_wconf 78' lang='lat' dir='ltr'>ch1(1</span> <span class='ocrx_word' id='word_1_364' title='bbox 1791 2589 1895 2647; x_wconf 82' lang='grc'>890)</span> 
     </span>
     <span class='ocr_line' id='line_1_39' title="bbox 327 2652 1897 2704; baseline 0 -13"><span class='ocrx_word' id='word_1_365' title='bbox 327 2665 370 2701; x_wconf 74' lang='lat' dir='ltr'>p.</span> <span class='ocrx_word' id='word_1_366' title='bbox 387 2652 494 2701; x_wconf 82' lang='lat'><strong>467‚·</strong></span> <span class='ocrx_word' id='word_1_367' title='bbox 512 2655 579 2692; x_wconf 82' lang='lat' dir='ltr'>sed</span> <span class='ocrx_word' id='word_1_368' title='bbox 597 2655 644 2702; x_wconf 78' lang='lat' dir='ltr'>cf.</span> <span class='ocrx_word' id='word_1_369' title='bbox 665 2665 756 2692; x_wconf 76' lang='lat' dir='ltr'>ann.</span> <span class='ocrx_word' id='word_1_370' title='bbox 773 2663 854 2701; x_wconf 84' lang='lat'>543</span> <span class='ocrx_word' id='word_1_371' title='bbox 877 2657 1010 2693; x_wconf 86' lang='lat' dir='ltr'>omnia</span> <span class='ocrx_word' id='word_1_372' title='bbox 1027 2667 1098 2704; x_wconf 90' lang='lat' dir='ltr'>per</span> <span class='ocrx_word' id='word_1_373' title='bbox 1117 2656 1268 2693; x_wconf 85' lang='lat' dir='ltr'>sonitus</span> <span class='ocrx_word' id='word_1_374' title='bbox 1289 2656 1395 2693; x_wconf 85' lang='lat' dir='ltr'>arcet</span> <span class='ocrx_word' id='word_1_375' title='bbox 1419 2657 1566 2693; x_wconf 88' lang='lat' dir='ltr'>terram</span> <span class='ocrx_word' id='word_1_376' title='bbox 1590 2666 1698 2691; x_wconf 88' lang='lat' dir='ltr'>mare</span> <span class='ocrx_word' id='word_1_377' title='bbox 1724 2654 1897 2699; x_wconf 78' lang='lat' dir='ltr'>caelum,-</span> 
     </span>
     <span class='ocr_line' id='line_1_40' title="bbox 327 2710 1893 2763; baseline -0.001 -13"><span class='ocrx_word' id='word_1_378' title='bbox 327 2716 534 2760; x_wconf 75' lang='lat' dir='ltr'>praeterea</span> <span class='ocrx_word' id='word_1_379' title='bbox 552 2714 639 2751; x_wconf 83' lang='lat' dir='ltr'>vide</span> <span class='ocrx_word' id='word_1_380' title='bbox 650 2713 824 2751; x_wconf 70' lang='lat' dir='ltr'>Lucretii</span> <span class='ocrx_word' id='word_1_381' title='bbox 839 2726 869 2750; x_wconf 94' lang='lat'>11</span> <span class='ocrx_word' id='word_1_382' title='bbox 889 2723 902 2749; x_wconf 90' lang='lat'>1</span> <span class='ocrx_word' id='word_1_383' title='bbox 916 2723 989 2750; x_wconf 93' lang='lat'>101</span> <span class='ocrx_word' id='word_1_384' title='bbox 1010 2715 1186 2763; x_wconf 90' lang='lat' dir='ltr'>caelique</span> <span class='ocrx_word' id='word_1_385' title='bbox 1207 2726 1344 2752; x_wconf 87' lang='lat' dir='ltr'>serena</span> <span class='ocrx_word' id='word_1_386' title='bbox 1362 2715 1563 2752; x_wconf 86' lang='lat' dir='ltr'>concutiat</span> <span class='ocrx_word' id='word_1_387' title='bbox 1581 2715 1712 2751; x_wconf 90' lang='lat' dir='ltr'>sonitu</span> <span class='ocrx_word' id='word_1_388' title='bbox 1722 2723 1735 2759; x_wconf 88' lang='lat'>,·</span> <span class='ocrx_word' id='word_1_389' title='bbox 1753 2725 1795 2752; x_wconf 88' lang='lat' dir='ltr'>v1</span> <span class='ocrx_word' id='word_1_390' title='bbox 1811 2710 1893 2759; x_wconf 85' lang='lat'>388</span> 
     </span>
     <span class='ocr_line' id='line_1_41' title="bbox 337 2772 1895 2823; baseline -0.001 -13"><span class='ocrx_word' id='word_1_391' title='bbox 337 2772 443 2821; x_wconf 90' lang='lat' dir='ltr'>quod</span> <span class='ocrx_word' id='word_1_392' title='bbox 463 2773 496 2810; x_wconf 91' lang='lat' dir='ltr'>si</span> <span class='ocrx_word' id='word_1_393' title='bbox 515 2772 694 2822; x_wconf 87' lang='lat' dir='ltr'>Iuppiter</span> <span class='ocrx_word' id='word_1_394' title='bbox 714 2774 833 2822; x_wconf 87' lang='lat' dir='ltr'>atque</span> <span class='ocrx_word' id='word_1_395' title='bbox 853 2772 923 2810; x_wconf 90' lang='lat' dir='ltr'>alii</span> <span class='ocrx_word' id='word_1_396' title='bbox 941 2774 1137 2823; x_wconf 88' lang='lat' dir='ltr'>fulgentia</span> <span class='ocrx_word' id='word_1_397' title='bbox 1162 2773 1244 2811; x_wconf 90' lang='lat' dir='ltr'>divi</span> <span class='ocrx_word' id='word_1_398' title='bbox 1262 2772 1432 2811; x_wconf 88' lang='lat' dir='ltr'>terrifico</span> <span class='ocrx_word' id='word_1_399' title='bbox 1453 2773 1638 2821; x_wconf 84' lang='lat' dir='ltr'>quatiunt</span> <span class='ocrx_word' id='word_1_400' title='bbox 1657 2773 1789 2809; x_wconf 88' lang='lat' dir='ltr'>sonitu</span> <span class='ocrx_word' id='word_1_401' title='bbox 1810 2784 1895 2810; x_wconf 89' lang='lat' dir='ltr'>cae-</span> 
     </span>
     <span class='ocr_line' id='line_1_42' title="bbox 335 2831 1896 2881; baseline 0 -13"><span class='ocrx_word' id='word_1_402' title='bbox 335 2831 451 2869; x_wconf 87' lang='lat' dir='ltr'>lestia</span> <span class='ocrx_word' id='word_1_403' title='bbox 476 2833 648 2881; x_wconf 88' lang='lat' dir='ltr'>templa;</span> <span class='ocrx_word' id='word_1_404' title='bbox 676 2831 882 2870; x_wconf 76' lang='lat' dir='ltr'>Claudiam.</span> <span class='ocrx_word' id='word_1_405' title='bbox 904 2844 989 2869; x_wconf 85' lang='lat' dir='ltr'>xxn</span> <span class='ocrx_word' id='word_1_406' title='bbox 1018 2831 1070 2868; x_wconf 90' lang='lat'>26</span> <span class='ocrx_word' id='word_1_407' title='bbox 1099 2833 1263 2870; x_wconf 88' lang='lat' dir='ltr'>aetherii</span> <span class='ocrx_word' id='word_1_408' title='bbox 1288 2833 1413 2881; x_wconf 87' lang='lat' dir='ltr'>patris</span> <span class='ocrx_word' id='word_1_409' title='bbox 1443 2832 1631 2881; x_wconf 84' lang='lat' dir='ltr'>exemplo,</span> <span class='ocrx_word' id='word_1_410' title='bbox 1658 2832 1726 2880; x_wconf 90' lang='lat' dir='ltr'>qui</span> <span class='ocrx_word' id='word_1_411' title='bbox 1754 2832 1896 2869; x_wconf 89' lang='lat' dir='ltr'>cuncta</span> 
     </span>
     <span class='ocr_line' id='line_1_43' title="bbox 337 2891 903 2930; baseline 0 -2"><span class='ocrx_word' id='word_1_412' title='bbox 337 2902 476 2928; x_wconf 88' lang='lat' dir='ltr'>sonoro</span> <span class='ocrx_word' id='word_1_413' title='bbox 502 2891 727 2930; x_wconf 87' lang='lat' dir='ltr'>concutiens</span> <span class='ocrx_word' id='word_1_414' title='bbox 752 2892 903 2929; x_wconf 83' lang='lat' dir='ltr'>tonitru</span> 
     </span>
    </p>
   </div>
  </div>
 </body>
</html>
