2004 3278
834 171 1034 208 SERVIUS
1659 179 1719 214 cv

166 281 287 319 etiam
311 281 419 328 haec,
446 293 545 330 quae
573 283 731 321 aliunde
756 284 903 322 tralata.
929 297 1010 324 esse
1036 286 1133 324 dicit
1158 286 1327 336 Servius,
1354 289 1509 328 etiamsi
1531 291 1641 328 nulla
1660 292 1719 330 est

166 351 347 389 expressa
372 339 494 377 Ennii
518 342 678 390 mentio,
705 342 755 379 ad
774 342 946 381 Ennium
971 345 1115 383 redire:
1140 359 1170 383 11
1191 347 1273 384 486
1297 343 1353 385 ‘at
1376 348 1513 386 domus
1531 347 1719 388 interior':

165 399 211 438 de
234 397 390 437 Albano
416 399 561 438 excidio
586 401 800 439 translatus
825 405 879 440 est
902 403 1027 449 locus;
1053 406 1091 441 et
1116 405 1166 442 ad
1191 405 1353 443 eandem
1372 409 1524 455 partem
1545 403 1593 460 (11
1614 404 1716 461 313)

166 454 412 506 ‘clanqorque
436 455 649 496 tubarum’:
673 471 815 498 morem
840 462 959 509 tetiqit
980 465 1283 510 expuynationis,
1301 465 1528 514 plerumque
1547 469 1647 505 enim
1667 469 1719 505 ad

165 518 297 556 tubam
322 520 542 556 evertumtur
568 519 755 563 civitates,
785 521 884 557 sicut
907 519 1051 558 Albam
1080 522 1215 559 Tullus
1241 523 1432 562 Hostilius
1456 527 1569 563 iussit
1593 528 1718 565 everti.

164 576 278 615 Hanc
303 577 409 614 enim
434 576 543 615 Tulli
567 576 733 616 Hostilii
758 579 798 615 et
823 579 964 616 excidii
989 579 1136 617 Albani
1161 583 1400 630 memoriam,
1426 584 1503 622 nisi
1527 597 1587 621 me
1613 586 1719 623 fallit

165 636 312 686 opinio,
338 648 416 674 non
443 648 488 673 ex
515 633 712 675 ‘historia'
735 635 894 676 Servius
922 650 1039 686 quam
1066 638 1193 677 dicere
1213 641 1312 678 solet
1337 641 1403 679 sed
1429 654 1472 679 ex
1492 642 1612 680 Ennii
1630 657 1717 682 nar-

164 696 318 734 ratione
336 696 541 745 prompsit.
569 695 826 744 Similemque
851 697 1046 735 rationem
1066 710 1274 748 agnoscere
1290 699 1427 738 videor
1445 702 1565 739 etiam
1577 715 1602 739 v
1619 705 1638 739 1
1649 705 1719 740 14:

163 755 311 793 Punico
337 755 431 792 bello
448 756 626 803 primum
650 756 907 794 naumachias
930 756 982 794 ad
1001 758 1219 795 exercitium
1243 759 1439 797 instituere
1464 760 1632 798 Romani
1652 791 1659 797 .
1682 792 1688 797 .
1711 792 1717 799 .

164 814 217 852 ad
247 826 364 862 quam
396 826 478 852 rem
507 815 550 852 in
581 815 649 852 hoc
679 816 885 853 certamine
908 815 1128 863 plurimum
1150 817 1302 855 adludit
1323 821 1458 864 poeta:
1490 819 1563 857 hoc
1589 822 1646 858 est
1671 821 1720 858 ad

163 885 210 911 ea
242 885 343 922 quae
368 873 519 912 Ennius
547 874 593 911 de
618 874 679 912 his
707 875 902 912 exercitiis
931 875 1100 923 rettulit,
1132 888 1247 924 quem
1278 876 1366 914 vide
1392 890 1448 915 vu
1467 878 1512 915 fr.
1534 890 1569 917 x.
1591 891 1641 918 XI.
1663 892 1720 916 xu

164 933 204 970 et
236 945 336 981 quae
372 932 422 970 ad
447 945 472 969 x
505 933 705 972 adnotavi.
745 933 925 982 Denique
957 933 1131 972 Ennium
1167 935 1297 984 ipsum
1335 937 1509 985 appellat
1545 938 1719 976 versibus

163 993 450 1042 praetermissis
475 1004 533 1031 vn
554 993 635 1030 691
666 989 723 1030 ‘at
747 993 956 1041 Messapus
988 1005 1126 1041 equum
1157 992 1349 1032 domitor':
1370 1025 1375 1031 .
1405 1025 1412 1032 .
1440 1026 1446 1032 .
1474 997 1521 1033 ab
1546 997 1613 1034 hoc
1638 997 1721 1034 En-

161 1052 253 1089 nius
278 1051 371 1090 dicit
393 1063 434 1089 se
461 1052 648 1100 oriyinem
679 1052 837 1098 ducere;
867 1053 969 1090 unde
998 1065 1103 1091 nunc
1134 1056 1168 1091 et
1197 1056 1392 1092 cantantes
1419 1049 1542 1107 (698)
1574 1056 1721 1094 inducit

164 1112 245 1149 eius
269 1112 401 1149 socios.
432 1110 551 1156 Quae.
565 1123 637 1160 pro
663 1112 766 1150 veris
793 1111 1021 1161 accipienda
1046 1113 1149 1160 sunt,
1174 1112 1210 1150 h.
1232 1125 1262 1150 e.
1284 1113 1455 1150 Ennium
1482 1126 1657 1153 narrasse
1682 1127 1720 1153 se

163 1183 187 1208 a
211 1170 392 1220 Messapo
417 1182 508 1222 rege
535 1171 728 1221 originem
757 1170 897 1209 ducere
932 1165 1039 1223 (ann.
1060 1184 1119 1208 XII
1137 1171 1183 1209 fr.
1205 1167 1298 1225 vn),
1332 1172 1523 1221 quidquid
1554 1173 1600 1210 de
1626 1173 1719 1211 Ver-

163 1229 251 1280 gilii
277 1230 441 1268 consilio
469 1229 574 1279 quod
594 1229 753 1269 Servius
780 1230 878 1268 dicit
896 1230 1150 1268 iudicandum
1170 1232 1237 1269 est.
1267 1230 1323 1269 Cf.
1344 1232 1428 1269 vita
1448 1232 1567 1269 Ennii
1586 1245 1621 1281 p.
1636 1245 1719 1271 vm.

282 1289 386 1334 Quos
418 1302 510 1327 vero
538 1289 660 1328 Ennii
684 1291 842 1328 nomine
868 1302 1002 1328 versus
1034 1290 1278 1329 hexametros
1311 1291 1426 1328 affert
1456 1304 1533 1329 non
1564 1304 1720 1340 paucos,

164 1357 299 1386 eorum
323 1349 532 1398 plerosque
557 1362 636 1387 non
662 1350 734 1387 alii
759 1350 913 1388 auctori
939 1362 1058 1398 quam
1084 1349 1211 1387 Servii
1237 1351 1516 1388 commentario
1543 1352 1719 1399 acceptos

162 1408 324 1446 ferimus
351 1409 391 1446 et
415 1420 601 1458 persaepe
628 1409 664 1447 01
689 1409 797 1458 parti
822 1410 904 1447 eius
932 1421 1031 1458 quae
1050 1409 1228 1447 Danielis
1254 1410 1410 1447 1101111110
1437 1410 1585 1447 secerni
1610 1410 1718 1448 solet.

163 1467 268 1512 Quos
295 1468 364 1516 qui
390 1468 539 1516 attulit,
564 1481 643 1506 non
668 1468 742 1506 hoc
768 1469 850 1518 egit
874 1469 919 1506 ut
944 1468 1079 1517 plenos
1105 1480 1238 1507 versus
1263 1468 1444 1506 laudaret
1469 1468 1536 1507 sed
1561 1469 1633 1507 hoc
1653 1481 1720 1518 po-

162 1527 242 1565 tius
262 1527 308 1564 ut
325 1527 462 1576 plenas
483 1528 709 1575 sententias,
730 1528 812 1566 sive
832 1540 896 1566 eas
910 1540 988 1565 uno
1002 1540 1117 1566 versu
1131 1528 1439 1577 comprehensas,
1459 1528 1568 1565 velut
1581 1540 1621 1564 xt
1636 1528 1718 1565 326

163 1581 375 1624 ‘textrina':
400 1586 559 1625 Ennius
585 1587 678 1625 dicit
704 1583 820 1625 ‘idem
845 1598 1004 1635 campus
1029 1587 1140 1625 habet
1164 1588 1368 1625 textrinam
1392 1587 1556 1625 navibus
1581 1583 1718 1635 lonyis'

163 1639 270 1698 (ann.
293 1640 418 1698 477);
443 1658 483 1683 1x
506 1646 587 1684 641
611 1659 646 1695 p.
670 1647 766 1694 367,
790 1647 811 1683 7
826 1646 927 1684 Τ1111.
950 1642 1128 1684 ‘mactus'
1144 1676 1151 1684 .
1167 1676 1198 1684 ..
1218 1649 1262 1684 ut
1279 1646 1436 1684 Ennius
1457 1642 1613 1684 ‘Livius
1632 1646 1721 1684 inde

162 1705 261 1743 redit
284 1715 424 1753 maqno
449 1708 639 1744 mactatus
670 1703 880 1754 triumpho'
914 1699 1022 1757 (ann.
1046 1700 1167 1758 301),
1203 1706 1285 1744 sive
1315 1705 1510 1755 pluribus,
1539 1706 1584 1743 ut
1603 1717 1616 1742 1
1638 1706 1719 1742 254

164 1760 433 1803 ‘subridens':.
451 1794 481 1801 ..
502 1765 661 1803 Ennius
689 1761 883 1813 ‘Iuppiter
907 1766 968 1803 liic
991 1766 1080 1803 risit
1103 1767 1410 1812 tempestatesque
1433 1776 1588 1802 serenae
1613 1764 1721 1802 Rise-

162 1826 255 1861 rwnt
278 1834 406 1862 omnes
431 1825 517 1862 risu
547 1824 655 1862 Iovis
686 1820 966 1872 omnipotentis'
1001 1818 1108 1876 (ann.
1137 1818 1330 1876 457sq.);
1362 1824 1408 1861 cf.
1435 1836 1477 1862 v1
1499 1823 1579 1860 763
1614 1817 1720 1874 (ann.

166 1882 247 1920 115
258 1877 347 1933 sq),
367 1884 407 1922 et
426 1884 497 1921 aut
514 1895 654 1922 manco
675 1896 753 1922 uno
768 1884 838 1922 aut
850 1883 939 1933 plus
952 1896 1030 1921 uno
1045 1883 1253 1921 dimidiato
1267 1884 1445 1932 utroque,
1459 1883 1568 1920 velut
1581 1895 1619 1919 1x
1638 1883 1719 1919 327

164 1938 366 1981 ‘temere'.·.
388 1973 396 1981 .
421 1942 580 1981 Ermius
602 1939 690 1991 ‘quo
710 1945 788 1981 tam
808 1945 943 1981 temere
960 1939 1066 1981 itis?
1089 1936 1197 1994 (ann.
1220 1936 1341 1994 554);
1367 1954 1394 1980 v
1414 1942 1467 1980 37
1491 1938 1548 1979 ‘in
1566 1938 1719 1979 iaculis’

162 2002 206 2039 in
223 2002 364 2040 hastis:
382 2002 541 2040 Ennius
562 1998 747 2050 ‘levesque
765 2004 946 2040 secuntur
963 2003 1006 2040 in
1019 1998 1154 2039 liastis'
1170 1997 1276 2050 (ann.
1293 1995 1416 2052 506);
1436 2013 1450 2037 1
1467 2001 1547 2038 123
1563 2000 1721 2038 Ennius

164 2061 325 2099 imbrem
341 2072 419 2109 pro
445 2073 550 2109 aqua
571 2062 750 2099 marina:
775 2057 1013 2109 ‘ratibusque
1036 2061 1224 2107 fremebat
1246 2060 1377 2098 Imber
1395 2055 1581 2106 Neptwni’
1612 2052 1719 2111 (ann.

165 2114 353 2173 497sq.);
378 2133 393 2157 1
414 2120 466 2158 81
496 2116 554 2157 ‘in
578 2116 695 2157 latus'
715 2130 792 2167 pro
817 2120 920 2157 latus
945 2120 1150 2166 accipiufnt.
1185 2119 1342 2156 Ennius
1369 2114 1477 2155 ‘nam
1500 2129 1559 2155 me
1587 2119 1721 2165 yravis

164 2180 328 2226 impetus
356 2178 447 2217 Orci
470 2178 640 2216 Percutit
662 2179 707 2215 in
731 2175 848 2216 latus'
876 2174 982 2227 (ann.
1005 2172 1120 2230 551).
1146 2177 1254 2215 Haec
1280 2176 1438 2226 quidem
1463 2177 1595 2214 omnia
1621 2189 1720 2225 quae

164 2238 333 2287 exempli
364 2249 483 2276 causa
514 2237 636 2287 selegi
667 2237 706 2275 et
730 2237 801 2274 uni
826 2235 962 2274 Servio
989 2237 1029 2274 et
1054 2236 1190 2274 Servio
1216 2235 1393 2274 Danielis
1425 2235 1624 2273 debentur.
1662 2234 1720 2272 Ac

163 2297 395 2346 plerumque
421 2296 605 2334 Enniana
631 2309 730 2345 quae
756 2296 947 2344 citantur,
980 2295 1111 2344 quoad
1135 2295 1247 2334 nobis
1272 2295 1447 2332 iudicare
1475 2295 1585 2342 11001,
1616 2295 1720 2332 recte

164 2357 350 2405 citantur,
377 2368 618 2405 quamquam
638 2355 796 2393 Servius
822 2368 899 2393 non
926 2355 985 2393 est
1009 2354 1203 2405 singulari
1227 2354 1435 2404 diligentia
1453 2354 1495 2392 in
1515 2353 1719 2392 afferendis

163 2415 353 2463 versibus,
374 2416 442 2464 qui
456 2427 571 2464 saepe
584 2414 782 2462 Plautina,
803 2414 1051 2462 Terentiana,
1072 2414 1163 2462 alia,
1180 2413 1227 2451 de
1242 2413 1382 2462 quibus
1397 2413 1619 2451 existimare
1633 2424 1718 2461 pos-

166 2469 361 2528 sumus*),
386 2487 464 2513 non
491 2475 586 2513 satis
612 2474 776 2512 memori
801 2474 930 2511 mente
957 2474 1026 2511 aut
1051 2473 1267 2512 sententiae
1292 2473 1448 2511 tantum
1468 2483 1585 2510 causa
1604 2471 1720 2509 metri

283 2610 314 2655 ²⁸³)
334 2610 558 2646 Lucretiana
578 2620 743 2654 quoque,
771 2609 816 2644 de
842 2608 977 2653 quibus
996 2608 1255 2644 Lachmannus
1275 2608 1323 2643 ad
1342 2620 1379 2643 1v
1393 2611 1460 2642 126
1479 2619 1513 2652 p.
1529 2610 1613 2648 222,
1639 2607 1718 2658 tum

166 2657 304 2692 rectius
325 2658 371 2692 de
390 2658 623 2704 negligentia
643 2657 761 2692 Servii
779 2655 950 2691 iudicans
976 2667 1088 2700 quam
1114 2656 1203 2691 olim
1228 2656 1266 2690 in
1286 2654 1477 2700 Propertio
1497 2666 1531 2698 p.
1546 2665 1601 2687 xx.
1629 2652 1717 2685 Ems

166 2704 332 2740 incuriae
350 2716 540 2750 perpauca
560 2705 605 2740 de
623 2703 794 2749 plurimis
814 2702 983 2748 exempla
1003 2702 1166 2746 afferam,
1191 2704 1338 2737 tantum
1357 2703 1399 2736 ut
1418 2701 1635 2736 admoneam
1655 2709 1716 2732 eos

167 2751 198 2786 si
219 2752 283 2796 qui
302 2752 428 2787 volent
446 2752 486 2787 in
505 2763 587 2787 eam
605 2762 683 2787 rem
706 2750 908 2791 studiosius
934 2750 1130 2795 inquirere.
1157 2750 1287 2793 Itaque
1307 2749 1436 2784 scribit
1455 2748 1492 2781 in
1511 2747 1601 2780 Aen.
1616 2748 1716 2798 ¹.².32

167 2799 252 2833 Pan
272 2827 278 2834 .
302 2828 308 2834 .
329 2800 467 2843 Panos,
492 2804 535 2835 ut
555 2799 746 2835 ‘Arcadici
769 2798 906 2833 dietum
929 2798 1054 2833 Panos
1077 2798 1120 2832 de
1145 2808 1240 2833 more
1258 2795 1422 2841 Lycaei’,
1449 2793 1511 2828 sed
1525 2791 1716 2846 'Vergssms

167 2845 270 2889 (Aen.
285 2859 350 2881 v111
365 2849 447 2892 344)
467 2847 668 2882 Parrhasio
688 2845 742 2880 ait
760 2845 905 2880 (lictiim.
926 2845 1018 2879 Ibid.
1036 2848 1103 2879 233
1117 2843 1238 2889 (Dan.)
1251 2844 1409 2878 Plautus
1427 2842 1467 2875 in
1481 2840 1591 2875 milite
1606 2839 1717 2873 ‘nunc

166 2894 240 2929 scio
255 2894 345 2928 mim·
358 2895 400 2930 ob
420 2895 540 2930 oculos
559 2894 750 2940 ealiyinem
769 2892 972 2936 obstitisse’,
997 2893 1037 2927 at
1054 2891 1208 2927 Plautus
1234 2892 1293 2935 (m.
1309 2888 1357 2934 gl.
1372 2901 1398 2922 11
1413 2892 1444 2929 4,
1460 2887 1516 2931 51)
1536 2896 1634 2921 nunc
1658 2885 1716 2920 de-

1775 2975 1779 3001 1
