2004 3278
604 209 840 245 EDITORES
868 210 1196 247 VETUSTIORES
1512 213 1691 249 CXXXIII

128 334 245 361 suum
276 333 358 359 esse
388 321 574 359 meritum
606 322 735 359 voluit
759 322 990 362 Franciscus
1016 323 1230 373 Hesselius,
1261 327 1332 375 qui
1358 325 1453 376 quid
1479 328 1603 378 egerit
1631 327 1688 365 in-

125 380 336 431 scriptione
362 380 455 418 libri
479 379 689 418 indicavit:
717 381 757 429 Q.
779 381 906 420 Ennii
924 385 1061 430 poetae
1085 385 1333 423 vetustissimi
1350 387 1570 434 fraymenta
1590 398 1688 434 qaae

122 442 331 488 saperswnt
354 440 404 478 ab
423 439 585 478 Hieron.
609 438 799 478 Columna
824 443 1039 489 conquisita
1064 442 1250 490 disposita
1276 446 1310 482 et
1334 445 1523 492 eoeplicata
1548 446 1601 483 ad
1620 446 1684 483 Io-

125 510 266 538 annem
289 499 427 546 filiam.
459 499 577 537 anc
608 499 661 536 ad
692 499 894 537 editionem
918 500 1221 548 Neapolitanam
1252 514 1287 540 a.
1317 503 1431 541 1590
1460 515 1597 542 recusa
1625 517 1686 543 ae-

123 561 282 597 cwrante
300 558 347 596 F.
368 559 420 596 H.
441 558 467 596 i.
487 570 516 596 c.
541 556 742 596 Accedunt
757 561 916 606 praeter
942 559 1179 597 eruditorum
1205 562 1379 599 virorum
1406 563 1686 602 emendationes

122 618 293 665 undique
311 618 545 666 conquisitas
564 617 622 654 M.
643 616 693 655 A.
714 617 843 656 Delrii
862 619 1101 666 opinationes
1119 630 1187 656 nee
1205 630 1283 657 non
1305 619 1351 658 G.
1372 620 1406 657 Ι.
1429 621 1555 660 Vossii
1574 624 1686 661 easti-

118 678 292 726 9ati0nes
318 679 351 715 et
374 679 486 715 notae
510 678 553 715 in
577 677 797 725 fraymenta
816 677 1104 725 trayoediarum
1124 678 1250 716 Ennii
1268 682 1311 716 ut
1330 681 1363 717 et
1380 680 1496 718 iaidex
1515 683 1686 719 omnium

123 736 327 774 verborum
346 736 634 774 Ennianornm.
655 735 959 775 Amstelaedami
973 748 1007 774 a.
1027 737 1151 774 1707.
1171 736 1338 775 Addidit
1356 739 1484 777 multa
1503 752 1581 778 non
1600 741 1685 778 inu-

121 795 248 833 tiliter
273 807 373 844 quae
400 794 450 832 ad
475 795 726 845 explicandas
754 796 826 833 aut
853 795 1116 834 emendandas
1142 795 1263 834 Ennii
1294 797 1482 846 reliquias
1513 799 1683 848 pertine-

120 855 220 902 rent,
251 866 340 892 cum
372 854 451 892 alia
482 855 567 891 tum
599 866 622 892 a
647 854 804 892 Merula
839 855 1342 893 continuatum-annalium
1368 859 1592 895 contextum
1618 859 1684 896 sed

120 913 376 952 adnotatione
402 914 484 951 eius
511 914 664 952 omissa.
692 913 739 951 In
764 926 809 952 eo
835 914 1033 952 utentium
1059 914 1331 953 commoditati
1359 916 1557 955 consuluit
1576 918 1681 967 quod

121 971 334 1011 Columnae
361 973 686 1011 commentarium
711 973 985 1023 particulatim
1008 973 1219 1012 dissectum
1240 976 1279 1012 et
1298 987 1484 1012 versuum
1502 976 1681 1025 partibus

122 1032 315 1070 adnexum
340 1031 484 1070 maluit
509 1034 743 1082 perpetuum
768 1033 895 1070 textui
921 1032 1120 1071 subiicere.
1148 1032 1288 1083 Itaque
1314 1033 1438 1072 doctis
1458 1034 1683 1074 hominibus

119 1090 262 1141 quibus
284 1090 516 1129 Columnam
542 1092 743 1130 consulere
768 1104 847 1130 non
872 1091 1009 1130 liceret
1034 1093 1155 1130 etiam
1181 1093 1338 1130 saeculo
1370 1093 1682 1133 duodevicesimo

118 1153 303 1201 paratum
329 1151 414 1188 erat
438 1151 541 1189 unde
566 1151 726 1189 haurire
752 1164 842 1190 cum
867 1151 942 1189 fide
967 1152 1128 1201 possent
1157 1153 1191 1189 si
1222 1152 1292 1201 qui
1318 1152 1522 1191 Ennianae
1554 1154 1682 1203 poesis

119 1209 250 1249 studio
277 1211 348 1247 aut
373 1210 634 1249 delectatione
661 1210 905 1249 ducerentur.
938 1210 1078 1260 Neque
1105 1211 1311 1249 annalibus
1337 1211 1456 1249 Ennii
1485 1224 1563 1250 non
1596 1215 1682 1251 erat

120 1269 188 1318 qui
207 1270 464 1320 prospiceret3
491 1270 559 1319 qui
579 1269 753 1308 Merulae
773 1269 918 1308 librum
940 1270 1020 1307 iam
1040 1271 1312 1319 rarescentem,
1332 1284 1380 1308 ne
1400 1270 1597 1310 oblivione
1616 1285 1681 1321 pe-

119 1330 227 1377 riret,
253 1341 441 1367 renovare
461 1329 648 1377 instituit,
668 1330 763 1367 item
783 1331 828 1367 ut
846 1329 1049 1368 Hesselius
1070 1330 1166 1367 iuris
1187 1330 1399 1379 consultus,
1419 1330 1462 1367 E.
1480 1330 1681 1382 Spangen-

117 1388 286 1439 bergius.
313 1387 351 1427 Is
378 1389 482 1426 enim
509 1389 545 1426 ei
572 1401 687 1437 quem
713 1401 747 1426 a.
771 1389 882 1427 1825
904 1388 1063 1438 Lipsiae
1090 1388 1214 1427 edidit
1237 1389 1371 1428 libello
1397 1389 1493 1428 haec
1512 1390 1675 1440 inscrip-

117 1448 170 1485 sit
196 1447 330 1496 Qainti
354 1447 481 1486 Ennii
511 1448 717 1486 annalium
742 1448 829 1486 libb.
851 1460 959 1486 xvm
979 1448 1209 1497 fraymenta.
1241 1448 1332 1486 Post
1358 1449 1476 1488 Pauli
1501 1449 1681 1488 Merulae

116 1518 232 1545 caras
263 1508 403 1545 iterum
433 1508 620 1546 recensita
652 1508 828 1546 auctiora
858 1509 1131 1546 reconcinnata
1168 1510 1202 1545 et
1236 1508 1444 1546 illustrata.
1483 1506 1681 1547 Accedunt

117 1565 185 1605 Gn.
208 1565 352 1604 Nae-vii
376 1566 565 1604 librorum
590 1566 635 1605 de
667 1567 761 1605 bello
793 1567 941 1606 Pwnieo
971 1568 1192 1616 fragmenta
1218 1578 1296 1616 eqs.
1331 1566 1458 1615 Opera
1489 1570 1523 1605 et
1551 1568 1679 1606 stadio

115 1626 164 1663 E.
184 1624 223 1663 S.
255 1624 315 1663 Ac
339 1625 466 1664 fassus
499 1627 557 1664 est
582 1627 667 1675 ipse
693 1626 830 1675 editor,
863 1638 902 1664 se
931 1626 1068 1676 paucis
1100 1627 1264 1665 mutatis
1297 1628 1367 1664 aut
1398 1625 1560 1665 adiectis
1592 1628 1677 1664 uni-

114 1697 224 1723 verse
257 1684 459 1723 annalium
492 1685 843 1724 conformationem
875 1698 899 1724 a
928 1685 1081 1724 Merula
1113 1685 1310 1724 invectam
1343 1686 1383 1723 et
1408 1685 1678 1724 confirmatam

115 1743 242 1782 denuo
274 1743 567 1794 exprimendam
599 1757 770 1783 curasse:
807 1757 935 1794 neque
968 1744 1016 1783 ab
1052 1746 1134 1783 eius
1173 1744 1349 1794 exemplo
1388 1744 1566 1783 discessit
1602 1746 1678 1784 nisi

115 1803 221 1852 quod
246 1804 406 1841 externa
432 1804 560 1842 forma
584 1805 739 1842 mutata
764 1804 982 1855 legentium
1006 1804 1098 1842 usui
1122 1803 1307 1854 providit.
1336 1803 1459 1849 Quem
1485 1805 1589 1842 enim
1608 1803 1675 1842 ille

114 1862 161 1900 de
187 1875 294 1902 more
326 1875 398 1912 per
429 1864 562 1912 partes
594 1863 720 1901 textui
752 1863 941 1902 adnexuit
972 1863 1298 1901 commentarium
1328 1864 1412 1901 tam
1444 1863 1676 1902 historicum

113 1934 232 1971 quam
258 1922 562 1973 grammaticum
589 1923 839 1974 segregatum
864 1922 905 1960 in
932 1922 1187 1961 adnotatione
1213 1922 1363 1971 duplici
1388 1922 1564 1961 versibus
1585 1922 1673 1960 sub-

112 1980 215 2029 iecit,
241 1982 299 2019 ita
324 1983 369 2019 ut
394 1982 435 2018 in
462 1982 587 2019 altera
617 1981 806 2021 historiae
831 1982 1100 2020 narrationem
1126 1981 1374 2020 continuaret
1399 1994 1478 2030 qua
1506 1983 1675 2020 maxime

111 2041 318 2079 institutus
344 2040 438 2079 ordo
463 2053 646 2079 versuum
672 2041 875 2089 niteretur,
907 2041 1033 2079 altera
1059 2053 1103 2078 ex
1134 2039 1296 2089 reliquis
1330 2039 1672 2089 explanationibus

111 2099 287 2137 Merulae
311 2100 519 2149 potissima
543 2101 748 2149 repeteret.
776 2099 865 2137 Non
889 2100 1015 2138 multo
1041 2101 1131 2148 post
1157 2100 1277 2136 etiam
1304 2099 1430 2137 altera
1458 2110 1549 2148 pars
1581 2099 1672 2136 reli-

112 2159 296 2207 quiarum
321 2158 593 2196 Ennianarum
624 2159 742 2196 nacta
773 2159 832 2196 est
857 2158 925 2207 qui
952 2171 975 2195 a
1000 2157 1136 2195 Delrio
1168 2157 1207 2195 et
1234 2156 1427 2196 Scriverio
1453 2157 1672 2207 Vossioque

110 2218 151 2256 in
178 2216 409 2268 colligendis
435 2218 475 2255 et
495 2216 747 2255 emendandis
766 2217 1007 2267 tragicorum
1027 2215 1204 2255 versibus
1223 2216 1409 2254 instituta
1429 2218 1469 2254 et
1486 2215 1671 2255 inchoata

113 2277 361 2315 continuaret
392 2278 431 2314 et
461 2275 674 2325 perficeret.
704 2276 809 2314 Frid.
842 2276 947 2314 enim
978 2275 1096 2313 Henr.
1123 2275 1292 2314 Bothius
1323 2276 1530 2314 Poetarum
1561 2276 1673 2315 Latii

109 2337 345 2375 scenicorum
364 2335 629 2374 voluminibus
650 2336 789 2385 quinto
813 2336 852 2373 et
871 2336 979 2373 sexto
1001 2347 1034 2373 a.
1057 2335 1169 2372 1834
1190 2334 1306 2373 editis
1326 2336 1409 2373 tam
1429 2336 1670 2386 tragicorum

111 2407 230 2444 quam
255 2396 492 2434 comicorum
517 2396 723 2444 poetarum
747 2394 1014 2433 Romanorum
1039 2394 1274 2444 fragmenta,
1305 2395 1347 2432 in
1373 2394 1514 2443 quibus
1539 2394 1669 2443 Ennii,

111 2466 134 2491 a
159 2467 207 2493 se‘
228 2454 451 2503 conquisita
484 2455 523 2492 et
556 2453 877 2492 adnotationibus
909 2453 1112 2491 illustrata
1141 2453 1378 2503 publicavit:
1411 2454 1479 2502 qui
1512 2453 1668 2503 quidem

112 2507 177 2565 (de
201 2513 330 2551 Ennio
356 2508 514 2566 loquor)
541 2526 612 2551 nec
637 2514 733 2552 satis
761 2512 1004 2562 supellectile
1031 2512 1168 2550 critica
1193 2513 1408 2551 instructus
1436 2514 1520 2550 erat
1553 2514 1592 2550 et
1623 2526 1669 2551 ea

108 2572 261 2610 ratione
287 2571 426 2610 edendi
451 2585 544 2611 usus
571 2574 630 2612 est
655 2585 733 2622 qua
758 2573 824 2611 vix
850 2571 1032 2610 satisfieri
1058 2572 1183 2620 possit
1206 2571 1381 2610 iudicare
1408 2571 1667 2621 cupientibus,

110 2630 176 2669 sed
200 2633 333 2670 tamen
358 2632 400 2669 in
426 2632 592 2683 singulis
618 2632 745 2670 multa
773 2632 877 2669 recte
909 2632 949 2669 et
979 2630 1238 2680 probabiliter
1269 2631 1485 2669 constituit.
1521 2629 1666 2668 Contra

109 2690 142 2729 is
169 2690 236 2740 qui
261 2702 284 2728 a
309 2690 462 2729 Merula
492 2690 764 2730 exaedificatos
797 2690 955 2728 annales
987 2689 1063 2728 sibi
1093 2689 1371 2729 instaurandos
1403 2690 1570 2738 sumpsit
1600 2689 1665 2725 vix

110 2749 191 2786 ulla
221 2750 264 2787 in
294 2751 408 2799 parte
438 2763 521 2788 rem
553 2763 663 2789 suam
695 2749 951 2787 laudabiliter
976 2750 1140 2800 gessisse
1169 2748 1450 2787 existimandus
1482 2749 1550 2795 est,
1584 2748 1662 2795 qui,

109 2809 155 2845 ut
180 2809 362 2847 omittam
386 2809 681 2848 memorabilem
706 2809 748 2846 in
773 2808 939 2847 testibus
967 2807 1172 2847 afferendis
1197 2808 1402 2855 incuriam,
1427 2807 1597 2855 primum
1618 2816 1662 2842 eo

109 2868 287 2914 peccavit
318 2868 423 2917 quod
455 2880 494 2907 se
526 2868 699 2907 Merulae
731 2868 976 2916 mancipavit
1007 2868 1159 2906 auctori
1190 2867 1350 2905 minime
1382 2864 1582 2914 probando
1621 2864 1661 2901 in

110 2925 298 2976 omnibus,
324 2927 462 2966 deinde
488 2928 593 2977 quod
620 2940 719 2977 quae
744 2928 786 2965 in
811 2926 985 2965 Merulae
1009 2925 1230 2965 rationibus
1255 2925 1424 2963 maxime
1442 2923 1662 2961 reiectanea
