<?xml version="1.0" encoding="UTF-8"?>
<!DOCTYPE html PUBLIC "-//W3C//DTD XHTML 1.0 Transitional//EN"
    "http://www.w3.org/TR/xhtml1/DTD/xhtml1-transitional.dtd">
<html xmlns="http://www.w3.org/1999/xhtml" xml:lang="en" lang="en">
 <head>
  <title>
</title>
<meta http-equiv="Content-Type" content="text/html;charset=utf-8" />
  <meta name='ocr-system' content='tesseract 3.04.00' />
  <meta name='ocr-capabilities' content='ocr_page ocr_carea ocr_par ocr_line ocrx_word'/>
</head>
<body>
  <div class='ocr_page' id='page_1' title='image "./ennianaepoesisre00enniuoft/ennianaepoesisre00enniuoft_0123.png"; bbox 0 0 2004 3278; ppageno 0'>
   <div class='ocr_carea' id='block_1_1' title="bbox 792 180 1723 223">
    <p class='ocr_par' dir='ltr' id='par_1_1' title="bbox 792 180 1723 223">
     <span class='ocr_line' id='line_1_1' title="bbox 792 180 1723 223; baseline 0.008 -7"><span class='ocrx_word' id='word_1_1' title='bbox 792 180 1069 218; x_wconf 81' lang='lat' dir='ltr'><strong>CLAUDLANU</strong></span> <span class='ocrx_word' id='word_1_2' title='bbox 1072 183 1096 219; x_wconf 87' lang='lat' dir='ltr'>S</span> <span class='ocrx_word' id='word_1_3' title='bbox 1613 187 1723 223; x_wconf 85' lang='lat' dir='ltr'>CXIX</span> 
     </span>
    </p>
   </div>
   <div class='ocr_carea' id='block_1_2' title="bbox 159 291 1728 2950">
    <p class='ocr_par' dir='ltr' id='par_1_2' title="bbox 159 291 1728 2950">
     <span class='ocr_line' id='line_1_2' title="bbox 166 291 1727 348; baseline 0.005 -17"><span class='ocrx_word' id='word_1_4' title='bbox 166 291 312 331; x_wconf 91' lang='lat' dir='ltr'>iudicio</span> <span class='ocrx_word' id='word_1_5' title='bbox 340 292 442 330; x_wconf 90' lang='lat' dir='ltr'>alter</span> <span class='ocrx_word' id='word_1_6' title='bbox 472 292 631 330; x_wconf 85' lang='lat' dir='ltr'>nostrae</span> <span class='ocrx_word' id='word_1_7' title='bbox 664 294 808 332; x_wconf 87' lang='lat' dir='ltr'>aetatis</span> <span class='ocrx_word' id='word_1_8' title='bbox 841 294 967 332; x_wconf 88' lang='lat' dir='ltr'>editor</span> <span class='ocrx_word' id='word_1_9' title='bbox 994 294 1214 346; x_wconf 87' lang='lat' dir='ltr'>Claudiani,</span> <span class='ocrx_word' id='word_1_10' title='bbox 1240 297 1336 336; x_wconf 92' lang='lat' dir='ltr'>Lud.</span> <span class='ocrx_word' id='word_1_11' title='bbox 1364 299 1530 348; x_wconf 86' lang='lat' dir='ltr'>Ieepius,</span> <span class='ocrx_word' id='word_1_12' title='bbox 1562 312 1642 338; x_wconf 90' lang='lat' dir='ltr'>non</span> <span class='ocrx_word' id='word_1_13' title='bbox 1673 301 1727 339; x_wconf 91' lang='lat' dir='ltr'>le-</span> 
     </span>
     <span class='ocr_line' id='line_1_3' title="bbox 166 350 1726 408; baseline 0.005 -18"><span class='ocrx_word' id='word_1_14' title='bbox 166 352 270 390; x_wconf 87' lang='lat' dir='ltr'>viter</span> <span class='ocrx_word' id='word_1_15' title='bbox 294 350 555 399; x_wconf 86' lang='lat' dir='ltr'>confirmavit,</span> <span class='ocrx_word' id='word_1_16' title='bbox 588 352 656 400; x_wconf 87' lang='lat' dir='ltr'>qui</span> <span class='ocrx_word' id='word_1_17' title='bbox 683 365 802 401; x_wconf 87' lang='lat' dir='ltr'>quam</span> <span class='ocrx_word' id='word_1_18' title='bbox 828 354 943 391; x_wconf 89' lang='lat' dir='ltr'>alteri</span> <span class='ocrx_word' id='word_1_19' title='bbox 968 355 1161 393; x_wconf 86' lang='lat' dir='ltr'>volumini</span> <span class='ocrx_word' id='word_1_20' title='bbox 1187 355 1396 396; x_wconf 88' lang='lat' dir='ltr'>Claudiani</span> <span class='ocrx_word' id='word_1_21' title='bbox 1428 359 1490 396; x_wconf 90' lang='lat' dir='ltr'>sui</span> <span class='ocrx_word' id='word_1_22' title='bbox 1520 360 1726 408; x_wconf 76' lang='lat' dir='ltr'>praemisit</span> 
     </span>
     <span class='ocr_line' id='line_1_4' title="bbox 166 410 1726 464; baseline 0.005 -15"><span class='ocrx_word' id='word_1_23' title='bbox 166 410 521 460; x_wconf 74' lang='lat' dir='ltr'>locupletissimam</span> <span class='ocrx_word' id='word_1_24' title='bbox 553 422 577 447; x_wconf 92' lang='lat' dir='ltr'>a</span> <span class='ocrx_word' id='word_1_25' title='bbox 608 422 648 448; x_wconf 90' lang='lat' dir='ltr'>se</span> <span class='ocrx_word' id='word_1_26' title='bbox 687 412 726 448; x_wconf 88' lang='lat' dir='ltr'>et</span> <span class='ocrx_word' id='word_1_27' title='bbox 759 410 1055 451; x_wconf 83' lang='lat' dir='ltr'>Gramlewiczio</span> <span class='ocrx_word' id='word_1_28' title='bbox 1094 417 1352 464; x_wconf 73' lang='lat' dir='ltr'>compositam</span> <span class='ocrx_word' id='word_1_29' title='bbox 1392 419 1726 456; x_wconf 75' lang='lat' dir='ltr'>enumerationem</span> 
     </span>
     <span class='ocr_line' id='line_1_5' title="bbox 167 467 1725 525; baseline 0.005 -17"><span class='ocrx_word' id='word_1_30' title='bbox 167 483 302 508; x_wconf 89' lang='lat' dir='ltr'>eorum</span> <span class='ocrx_word' id='word_1_31' title='bbox 328 481 428 518; x_wconf 93' lang='lat' dir='ltr'>quae</span> <span class='ocrx_word' id='word_1_32' title='bbox 448 467 688 507; x_wconf 80' lang='lat' dir='ltr'>Claudianus</span> <span class='ocrx_word' id='word_1_33' title='bbox 710 469 758 507; x_wconf 89' lang='lat' dir='ltr'>ab</span> <span class='ocrx_word' id='word_1_34' title='bbox 779 471 868 509; x_wconf 86' lang='lat' dir='ltr'>aliis</span> <span class='ocrx_word' id='word_1_35' title='bbox 888 473 1027 521; x_wconf 89' lang='lat' dir='ltr'>poetis,</span> <span class='ocrx_word' id='word_1_36' title='bbox 1047 472 1236 524; x_wconf 79' lang='lat' dir='ltr'>Vergilio,</span> <span class='ocrx_word' id='word_1_37' title='bbox 1261 475 1442 524; x_wconf 88' lang='lat' dir='ltr'>Horatio,</span> <span class='ocrx_word' id='word_1_38' title='bbox 1463 474 1616 525; x_wconf 87' lang='lat' dir='ltr'>Ovidi0‚</span> <span class='ocrx_word' id='word_1_39' title='bbox 1638 477 1725 515; x_wconf 86' lang='lat' dir='ltr'>Sta-</span> 
     </span>
     <span class='ocr_line' id='line_1_6' title="bbox 166 524 1725 585; baseline 0.005 -19"><span class='ocrx_word' id='word_1_40' title='bbox 166 530 243 578; x_wconf 91' lang='lat' dir='ltr'>tio,</span> <span class='ocrx_word' id='word_1_41' title='bbox 274 530 337 567; x_wconf 86' lang='lat' dir='ltr'>tot</span> <span class='ocrx_word' id='word_1_42' title='bbox 368 529 457 567; x_wconf 86' lang='lat' dir='ltr'>aliis</span> <span class='ocrx_word' id='word_1_43' title='bbox 491 528 780 578; x_wconf 85' lang='lat' dir='ltr'>deprompserit</span> <span class='ocrx_word' id='word_1_44' title='bbox 805 524 860 582; x_wconf 85' lang='lat' dir='ltr'>(p.</span> <span class='ocrx_word' id='word_1_45' title='bbox 880 527 1202 585; x_wconf 72' lang='lat' dir='ltr'>Lxxvr—cxnv),</span> <span class='ocrx_word' id='word_1_46' title='bbox 1234 534 1277 571; x_wconf 91' lang='lat' dir='ltr'>in</span> <span class='ocrx_word' id='word_1_47' title='bbox 1305 546 1351 571; x_wconf 89' lang='lat' dir='ltr'>ea</span> <span class='ocrx_word' id='word_1_48' title='bbox 1376 547 1570 584; x_wconf 86' lang='lat' dir='ltr'>nusquam</span> <span class='ocrx_word' id='word_1_49' title='bbox 1596 536 1725 574; x_wconf 87' lang='lat' dir='ltr'>Ennio</span> 
     </span>
     <span class='ocr_line' id='line_1_7' title="bbox 166 587 1725 645; baseline 0.004 -19"><span class='ocrx_word' id='word_1_50' title='bbox 166 589 297 627; x_wconf 92' lang='lat' dir='ltr'>locum</span> <span class='ocrx_word' id='word_1_51' title='bbox 322 588 525 626; x_wconf 81' lang='lat' dir='ltr'>concessit.</span> <span class='ocrx_word' id='word_1_52' title='bbox 565 587 641 633; x_wconf 81' lang='lat' dir='ltr'>Qui</span> <span class='ocrx_word' id='word_1_53' title='bbox 667 587 716 625; x_wconf 90' lang='lat' dir='ltr'>ab</span> <span class='ocrx_word' id='word_1_54' title='bbox 743 600 788 626; x_wconf 89' lang='lat' dir='ltr'>eo</span> <span class='ocrx_word' id='word_1_55' title='bbox 815 591 1026 638; x_wconf 88' lang='lat' dir='ltr'>conspectu</span> <span class='ocrx_word' id='word_1_56' title='bbox 1052 591 1250 639; x_wconf 85' lang='lat' dir='ltr'>profectus</span> <span class='ocrx_word' id='word_1_57' title='bbox 1277 594 1458 631; x_wconf 89' lang='lat' dir='ltr'>universe</span> <span class='ocrx_word' id='word_1_58' title='bbox 1484 594 1530 632; x_wconf 91' lang='lat' dir='ltr'>de</span> <span class='ocrx_word' id='word_1_59' title='bbox 1555 595 1627 633; x_wconf 92' lang='lat' dir='ltr'>hoc</span> <span class='ocrx_word' id='word_1_60' title='bbox 1660 608 1725 645; x_wconf 90' lang='lat' dir='ltr'>ge-</span> 
     </span>
     <span class='ocr_line' id='line_1_8' title="bbox 166 646 1726 702; baseline 0.005 -18"><span class='ocrx_word' id='word_1_61' title='bbox 166 660 258 685; x_wconf 86' lang='lat' dir='ltr'>nere</span> <span class='ocrx_word' id='word_1_62' title='bbox 293 646 601 685; x_wconf 88' lang='lat' dir='ltr'>similitudinum</span> <span class='ocrx_word' id='word_1_63' title='bbox 631 647 736 685; x_wconf 86' lang='lat' dir='ltr'>inter</span> <span class='ocrx_word' id='word_1_64' title='bbox 765 649 903 696; x_wconf 88' lang='lat' dir='ltr'>poetas</span> <span class='ocrx_word' id='word_1_65' title='bbox 934 648 1132 687; x_wconf 87' lang='lat' dir='ltr'>Romanos</span> <span class='ocrx_word' id='word_1_66' title='bbox 1164 650 1443 701; x_wconf 81' lang='lat' dir='ltr'>indagatamm</span> <span class='ocrx_word' id='word_1_67' title='bbox 1475 665 1520 690; x_wconf 90' lang='lat' dir='ltr'>ea</span> <span class='ocrx_word' id='word_1_68' title='bbox 1556 655 1726 702; x_wconf 86' lang='lat' dir='ltr'>exponit,</span> 
     </span>
     <span class='ocr_line' id='line_1_9' title="bbox 168 706 1726 760; baseline 0.004 -16"><span class='ocrx_word' id='word_1_69' title='bbox 168 719 268 756; x_wconf 89' lang='lat' dir='ltr'>quae</span> <span class='ocrx_word' id='word_1_70' title='bbox 294 719 373 745; x_wconf 92' lang='lat' dir='ltr'>non</span> <span class='ocrx_word' id='word_1_71' title='bbox 397 718 559 756; x_wconf 89' lang='lat' dir='ltr'>possum</span> <span class='ocrx_word' id='word_1_72' title='bbox 584 718 663 744; x_wconf 88' lang='lat' dir='ltr'>non</span> <span class='ocrx_word' id='word_1_73' title='bbox 687 706 803 745; x_wconf 85' lang='lat' dir='ltr'>valde</span> <span class='ocrx_word' id='word_1_74' title='bbox 829 706 1007 756; x_wconf 89' lang='lat' dir='ltr'>probare,</span> <span class='ocrx_word' id='word_1_75' title='bbox 1041 709 1109 757; x_wconf 92' lang='lat' dir='ltr'>qui</span> <span class='ocrx_word' id='word_1_76' title='bbox 1141 709 1245 757; x_wconf 87' lang='lat' dir='ltr'>quod</span> <span class='ocrx_word' id='word_1_77' title='bbox 1276 712 1395 760; x_wconf 87' lang='lat' dir='ltr'>negat</span> <span class='ocrx_word' id='word_1_78' title='bbox 1427 723 1472 748; x_wconf 80' lang='lat' dir='ltr'>ex</span> <span class='ocrx_word' id='word_1_79' title='bbox 1505 713 1643 760; x_wconf 87' lang='lat' dir='ltr'>quavis</span> <span class='ocrx_word' id='word_1_80' title='bbox 1676 714 1726 750; x_wconf 89' lang='lat' dir='ltr'>si-</span> 
     </span>
     <span class='ocr_line' id='line_1_10' title="bbox 166 765 1726 818; baseline 0.004 -15"><span class='ocrx_word' id='word_1_81' title='bbox 166 765 391 804; x_wconf 90' lang='lat' dir='ltr'>militudine</span> <span class='ocrx_word' id='word_1_82' title='bbox 412 765 577 814; x_wconf 87' lang='lat' dir='ltr'>dicendi,</span> <span class='ocrx_word' id='word_1_83' title='bbox 598 778 698 815; x_wconf 90' lang='lat' dir='ltr'>quae</span> <span class='ocrx_word' id='word_1_84' title='bbox 718 778 835 815; x_wconf 89' lang='lat' dir='ltr'>saepe</span> <span class='ocrx_word' id='word_1_85' title='bbox 855 767 1097 805; x_wconf 89' lang='lat' dir='ltr'>necessariae</span> <span class='ocrx_word' id='word_1_86' title='bbox 1117 769 1209 806; x_wconf 90' lang='lat' dir='ltr'>sunt</span> <span class='ocrx_word' id='word_1_87' title='bbox 1228 767 1368 807; x_wconf 88' lang='lat' dir='ltr'>Latine</span> <span class='ocrx_word' id='word_1_88' title='bbox 1387 770 1565 818; x_wconf 86' lang='lat' dir='ltr'>loquenti</span> <span class='ocrx_word' id='word_1_89' title='bbox 1585 772 1624 809; x_wconf 89' lang='lat' dir='ltr'>et</span> <span class='ocrx_word' id='word_1_90' title='bbox 1642 785 1726 809; x_wconf 84' lang='lat' dir='ltr'>ver—</span> 
     </span>
     <span class='ocr_line' id='line_1_11' title="bbox 167 825 1726 879; baseline 0.003 -15"><span class='ocrx_word' id='word_1_91' title='bbox 167 837 232 864; x_wconf 92' lang='lat' dir='ltr'>sus</span> <span class='ocrx_word' id='word_1_92' title='bbox 258 825 434 874; x_wconf 86' lang='lat' dir='ltr'>facienti,</span> <span class='ocrx_word' id='word_1_93' title='bbox 460 825 673 874; x_wconf 88' lang='lat' dir='ltr'>quicquam</span> <span class='ocrx_word' id='word_1_94' title='bbox 699 825 746 863; x_wconf 90' lang='lat' dir='ltr'>de</span> <span class='ocrx_word' id='word_1_95' title='bbox 773 826 950 875; x_wconf 84' lang='lat' dir='ltr'>exemplo</span> <span class='ocrx_word' id='word_1_96' title='bbox 976 828 1016 864; x_wconf 94' lang='lat' dir='ltr'>et</span> <span class='ocrx_word' id='word_1_97' title='bbox 1041 827 1265 865; x_wconf 89' lang='lat' dir='ltr'>imitatione</span> <span class='ocrx_word' id='word_1_98' title='bbox 1285 829 1469 879; x_wconf 86' lang='lat' dir='ltr'>colligere</span> <span class='ocrx_word' id='word_1_99' title='bbox 1489 829 1617 878; x_wconf 87' lang='lat' dir='ltr'>licere,</span> <span class='ocrx_word' id='word_1_100' title='bbox 1642 831 1726 868; x_wconf 92' lang='lat' dir='ltr'>iure</span> 
     </span>
     <span class='ocr_line' id='line_1_12' title="bbox 167 883 1725 938; baseline 0.003 -16"><span class='ocrx_word' id='word_1_101' title='bbox 167 897 311 936; x_wconf 89' lang='lat' dir='ltr'>negare</span> <span class='ocrx_word' id='word_1_102' title='bbox 336 884 438 922; x_wconf 86' lang='lat' dir='ltr'>mihi</span> <span class='ocrx_word' id='word_1_103' title='bbox 461 884 630 923; x_wconf 83' lang='lat' dir='ltr'>videtur.</span> <span class='ocrx_word' id='word_1_104' title='bbox 669 883 784 923; x_wconf 83' lang='lat' dir='ltr'>Certe</span> <span class='ocrx_word' id='word_1_105' title='bbox 810 885 857 923; x_wconf 92' lang='lat' dir='ltr'>de</span> <span class='ocrx_word' id='word_1_106' title='bbox 883 886 1034 936; x_wconf 86' lang='lat' dir='ltr'>origine</span> <span class='ocrx_word' id='word_1_107' title='bbox 1060 887 1105 923; x_wconf 94' lang='lat' dir='ltr'>ut</span> <span class='ocrx_word' id='word_1_108' title='bbox 1129 886 1335 935; x_wconf 89' lang='lat' dir='ltr'>iudicetur,</span> <span class='ocrx_word' id='word_1_109' title='bbox 1366 889 1584 927; x_wconf 89' lang='lat' dir='ltr'>sententiae</span> <span class='ocrx_word' id='word_1_110' title='bbox 1611 902 1725 938; x_wconf 91' lang='lat' dir='ltr'>quae-</span> 
     </span>
     <span class='ocr_line' id='line_1_13' title="bbox 169 943 1726 997; baseline 0.003 -16"><span class='ocrx_word' id='word_1_111' title='bbox 169 944 260 982; x_wconf 85' lang='lat' dir='ltr'>dam</span> <span class='ocrx_word' id='word_1_112' title='bbox 287 944 473 995; x_wconf 88' lang='lat' dir='ltr'>cognatio</span> <span class='ocrx_word' id='word_1_113' title='bbox 499 956 657 982; x_wconf 89' lang='lat' dir='ltr'>necesse</span> <span class='ocrx_word' id='word_1_114' title='bbox 678 946 737 982; x_wconf 93' lang='lat' dir='ltr'>est</span> <span class='ocrx_word' id='word_1_115' title='bbox 757 943 918 982; x_wconf 87' lang='lat' dir='ltr'>accedat</span> <span class='ocrx_word' id='word_1_116' title='bbox 939 944 989 983; x_wconf 91' lang='lat' dir='ltr'>ad</span> <span class='ocrx_word' id='word_1_117' title='bbox 1008 945 1315 994; x_wconf 87' lang='lat' dir='ltr'>comparabilem</span> <span class='ocrx_word' id='word_1_118' title='bbox 1335 948 1525 986; x_wconf 89' lang='lat' dir='ltr'>orationis</span> <span class='ocrx_word' id='word_1_119' title='bbox 1546 949 1726 997; x_wconf 87' lang='lat' dir='ltr'>colorem,</span> 
     </span>
     <span class='ocr_line' id='line_1_14' title="bbox 165 1002 1727 1055; baseline 0.001 -13"><span class='ocrx_word' id='word_1_120' title='bbox 165 1016 292 1053; x_wconf 89' lang='lat' dir='ltr'>neque</span> <span class='ocrx_word' id='word_1_121' title='bbox 324 1004 367 1041; x_wconf 90' lang='lat' dir='ltr'>in</span> <span class='ocrx_word' id='word_1_122' title='bbox 392 1015 499 1041; x_wconf 88' lang='lat' dir='ltr'>mero</span> <span class='ocrx_word' id='word_1_123' title='bbox 526 1004 676 1041; x_wconf 88' lang='lat' dir='ltr'>tinnitu</span> <span class='ocrx_word' id='word_1_124' title='bbox 700 1002 985 1042; x_wconf 85' lang='lat' dir='ltr'>vocabulorum</span> <span class='ocrx_word' id='word_1_125' title='bbox 1011 1003 1146 1043; x_wconf 91' lang='lat' dir='ltr'>credas</span> <span class='ocrx_word' id='word_1_126' title='bbox 1172 1005 1246 1043; x_wconf 90' lang='lat' dir='ltr'>hoc</span> <span class='ocrx_word' id='word_1_127' title='bbox 1275 1008 1465 1054; x_wconf 86' lang='lat' dir='ltr'>constare,</span> <span class='ocrx_word' id='word_1_128' title='bbox 1499 1006 1603 1055; x_wconf 91' lang='lat' dir='ltr'>quod</span> <span class='ocrx_word' id='word_1_129' title='bbox 1628 1007 1727 1045; x_wconf 88' lang='lat' dir='ltr'>alter</span> 
     </span>
     <span class='ocr_line' id='line_1_15' title="bbox 169 1062 1728 1116; baseline 0.003 -16"><span class='ocrx_word' id='word_1_130' title='bbox 169 1062 217 1101; x_wconf 87' lang='lat' dir='ltr'>ab</span> <span class='ocrx_word' id='word_1_131' title='bbox 244 1063 370 1101; x_wconf 90' lang='lat' dir='ltr'>altero</span> <span class='ocrx_word' id='word_1_132' title='bbox 396 1062 566 1112; x_wconf 89' lang='lat' dir='ltr'>pendere</span> <span class='ocrx_word' id='word_1_133' title='bbox 592 1063 850 1101; x_wconf 85' lang='lat' dir='ltr'>existimetur.</span> <span class='ocrx_word' id='word_1_134' title='bbox 879 1062 955 1101; x_wconf 80' lang='lat' dir='ltr'>Sed</span> <span class='ocrx_word' id='word_1_135' title='bbox 980 1064 1022 1101; x_wconf 89' lang='lat' dir='ltr'>in</span> <span class='ocrx_word' id='word_1_136' title='bbox 1042 1076 1088 1101; x_wconf 88' lang='lat' dir='ltr'>ea</span> <span class='ocrx_word' id='word_1_137' title='bbox 1107 1076 1148 1101; x_wconf 91' lang='lat' dir='ltr'>re</span> <span class='ocrx_word' id='word_1_138' title='bbox 1168 1064 1290 1102; x_wconf 90' lang='lat' dir='ltr'>miror</span> <span class='ocrx_word' id='word_1_139' title='bbox 1309 1066 1349 1102; x_wconf 90' lang='lat' dir='ltr'>et</span> <span class='ocrx_word' id='word_1_140' title='bbox 1369 1077 1482 1116; x_wconf 86' lang='lat' dir='ltr'>aegre</span> <span class='ocrx_word' id='word_1_141' title='bbox 1503 1066 1598 1110; x_wconf 85' lang='lat' dir='ltr'>fero,</span> <span class='ocrx_word' id='word_1_142' title='bbox 1624 1066 1728 1114; x_wconf 87' lang='lat' dir='ltr'>quod</span> 
     </span>
     <span class='ocr_line' id='line_1_16' title="bbox 165 1121 1727 1173; baseline 0.002 -14"><span class='ocrx_word' id='word_1_143' title='bbox 165 1122 339 1170; x_wconf 87' lang='lat' dir='ltr'>Birtum,</span> <span class='ocrx_word' id='word_1_144' title='bbox 370 1121 670 1160; x_wconf 84' lang='lat' dir='ltr'>meritissimum</span> <span class='ocrx_word' id='word_1_145' title='bbox 699 1121 907 1160; x_wconf 88' lang='lat' dir='ltr'>Claudiani</span> <span class='ocrx_word' id='word_1_146' title='bbox 939 1122 1146 1171; x_wconf 89' lang='lat' dir='ltr'>editorem,</span> <span class='ocrx_word' id='word_1_147' title='bbox 1182 1123 1425 1173; x_wconf 85' lang='lat' dir='ltr'>approbante</span> <span class='ocrx_word' id='word_1_148' title='bbox 1452 1125 1490 1161; x_wconf 90' lang='lat' dir='ltr'>et</span> <span class='ocrx_word' id='word_1_149' title='bbox 1516 1124 1727 1163; x_wconf 84' lang='lat' dir='ltr'>adiuvante</span> 
     </span>
     <span class='ocr_line' id='line_1_17' title="bbox 167 1180 1726 1232; baseline 0.002 -13"><span class='ocrx_word' id='word_1_150' title='bbox 167 1180 378 1220; x_wconf 83' lang='lat' dir='ltr'>Stoeckero</span> <span class='ocrx_word' id='word_1_151' title='bbox 406 1182 524 1231; x_wconf 90' lang='lat' dir='ltr'>plane</span> <span class='ocrx_word' id='word_1_152' title='bbox 557 1182 674 1220; x_wconf 89' lang='lat' dir='ltr'>aliter</span> <span class='ocrx_word' id='word_1_153' title='bbox 699 1182 844 1220; x_wconf 87' lang='lat' dir='ltr'>sentire</span> <span class='ocrx_word' id='word_1_154' title='bbox 870 1181 997 1231; x_wconf 85' lang='lat' dir='ltr'>video,</span> <span class='ocrx_word' id='word_1_155' title='bbox 1030 1183 1098 1231; x_wconf 88' lang='lat' dir='ltr'>qui</span> <span class='ocrx_word' id='word_1_156' title='bbox 1124 1184 1170 1220; x_wconf 87' lang='lat' dir='ltr'>ut</span> <span class='ocrx_word' id='word_1_157' title='bbox 1194 1183 1267 1220; x_wconf 88' lang='lat' dir='ltr'>hoc</span> <span class='ocrx_word' id='word_1_158' title='bbox 1293 1184 1383 1221; x_wconf 90' lang='lat' dir='ltr'>utar</span> <span class='ocrx_word' id='word_1_159' title='bbox 1416 1183 1520 1232; x_wconf 91' lang='lat' dir='ltr'>quod</span> <span class='ocrx_word' id='word_1_160' title='bbox 1546 1182 1726 1222; x_wconf 86' lang='lat' dir='ltr'>Claudia-</span> 
     </span>
     <span class='ocr_line' id='line_1_18' title="bbox 165 1234 1726 1293; baseline 0.002 -15"><span class='ocrx_word' id='word_1_161' title='bbox 165 1252 238 1279; x_wconf 87' lang='lat' dir='ltr'>nus</span> <span class='ocrx_word' id='word_1_162' title='bbox 271 1240 369 1279; x_wconf 88' lang='lat' dir='ltr'>dicit</span> <span class='ocrx_word' id='word_1_163' title='bbox 393 1254 423 1280; x_wconf 90' lang='lat' dir='ltr'>r.</span> <span class='ocrx_word' id='word_1_164' title='bbox 449 1240 528 1278; x_wconf 90' lang='lat' dir='ltr'>P.1</span> <span class='ocrx_word' id='word_1_165' title='bbox 554 1234 722 1293; x_wconf 77' lang='lat' dir='ltr'>(xxxin)</span> <span class='ocrx_word' id='word_1_166' title='bbox 752 1242 834 1279; x_wconf 84' lang='lat'>107</span> <span class='ocrx_word' id='word_1_167' title='bbox 862 1241 948 1279; x_wconf 75' lang='lat' dir='ltr'>tibi</span> <span class='ocrx_word' id='word_1_168' title='bbox 980 1244 1111 1280; x_wconf 78' lang='lat' dir='ltr'>tauta</span> <span class='ocrx_word' id='word_1_169' title='bbox 1141 1242 1299 1280; x_wconf 71' lang='lat' dir='ltr'>creandi</span> <span class='ocrx_word' id='word_1_170' title='bbox 1336 1242 1475 1290; x_wconf 66' lang='lat' dir='ltr'>Copia,</span> <span class='ocrx_word' id='word_1_171' title='bbox 1506 1242 1566 1281; x_wconf 91' lang='lat' dir='ltr'>his</span> <span class='ocrx_word' id='word_1_172' title='bbox 1599 1243 1726 1282; x_wconf 86' lang='lat' dir='ltr'>verbis</span> 
     </span>
     <span class='ocr_line' id='line_1_19' title="bbox 164 1294 1727 1354; baseline 0.001 -16"><span class='ocrx_word' id='word_1_173' title='bbox 164 1312 322 1339; x_wconf 88' lang='lat' dir='ltr'>versum</span> <span class='ocrx_word' id='word_1_174' title='bbox 353 1299 474 1338; x_wconf 84' lang='lat' dir='ltr'>Ennii</span> <span class='ocrx_word' id='word_1_175' title='bbox 506 1294 616 1354; x_wconf 85' lang='lat' dir='ltr'>(ann.</span> <span class='ocrx_word' id='word_1_176' title='bbox 645 1295 747 1353; x_wconf 84' lang='grc'>109)</span> <span class='ocrx_word' id='word_1_177' title='bbox 786 1299 998 1339; x_wconf 89' lang='lat' dir='ltr'>subscribit</span> <span class='ocrx_word' id='word_1_178' title='bbox 1030 1300 1069 1348; x_wconf 91' lang='lat' dir='ltr'>(o</span> <span class='ocrx_word' id='word_1_179' title='bbox 1107 1301 1188 1339; x_wconf 77' lang='lat' dir='ltr'>Tite</span> <span class='ocrx_word' id='word_1_180' title='bbox 1219 1301 1312 1349; x_wconf 91' lang='lat' dir='ltr'>tute)</span> <span class='ocrx_word' id='word_1_181' title='bbox 1349 1302 1436 1340; x_wconf 75' lang='lat' dir='ltr'>Tati</span> <span class='ocrx_word' id='word_1_182' title='bbox 1474 1302 1560 1340; x_wconf 72' lang='lat' dir='ltr'>tibi</span> <span class='ocrx_word' id='word_1_183' title='bbox 1596 1305 1727 1341; x_wconf 76' lang='lat' dir='ltr'>tanta</span> 
     </span>
     <span class='ocr_line' id='line_1_20' title="bbox 165 1358 1726 1409; baseline 0 -11"><span class='ocrx_word' id='word_1_184' title='bbox 165 1358 348 1408; x_wconf 71' lang='lat' dir='ltr'>(tyrawne</span> <span class='ocrx_word' id='word_1_185' title='bbox 373 1359 526 1408; x_wconf 75' lang='lat' dir='ltr'>tulisti),</span> <span class='ocrx_word' id='word_1_186' title='bbox 551 1360 615 1398; x_wconf 89' lang='lat' dir='ltr'>vel</span> <span class='ocrx_word' id='word_1_187' title='bbox 641 1372 741 1409; x_wconf 90' lang='lat' dir='ltr'>quae</span> <span class='ocrx_word' id='word_1_188' title='bbox 768 1361 861 1398; x_wconf 89' lang='lat' dir='ltr'>sunt</span> <span class='ocrx_word' id='word_1_189' title='bbox 886 1360 991 1409; x_wconf 91' lang='lat' dir='ltr'>apud</span> <span class='ocrx_word' id='word_1_190' title='bbox 1018 1358 1278 1398; x_wconf 80' lang='lat' dir='ltr'>Claudianum</span> <span class='ocrx_word' id='word_1_191' title='bbox 1302 1372 1332 1397; x_wconf 89' lang='lat' dir='ltr'>c.</span> <span class='ocrx_word' id='word_1_192' title='bbox 1353 1374 1402 1398; x_wconf 91' lang='lat' dir='ltr'>m.</span> <span class='ocrx_word' id='word_1_193' title='bbox 1424 1373 1519 1399; x_wconf 87' lang='lat' dir='ltr'>xxv1</span> <span class='ocrx_word' id='word_1_194' title='bbox 1541 1360 1593 1399; x_wconf 89' lang='lat'>58</span> <span class='ocrx_word' id='word_1_195' title='bbox 1620 1362 1726 1399; x_wconf 74' lang='lat' dir='ltr'>nullo</span> 
     </span>
     <span class='ocr_line' id='line_1_21' title="bbox 165 1419 1727 1468; baseline 0.001 -11"><span class='ocrx_word' id='word_1_196' title='bbox 165 1431 253 1457; x_wconf 83' lang='lat' dir='ltr'>cum</span> <span class='ocrx_word' id='word_1_197' title='bbox 276 1420 438 1467; x_wconf 76' lang='lat' dir='ltr'>strepitu</span> <span class='ocrx_word' id='word_1_198' title='bbox 462 1419 633 1457; x_wconf 73' lang='lat' dir='ltr'>madidis</span> <span class='ocrx_word' id='word_1_199' title='bbox 658 1420 802 1468; x_wconf 74' lang='lat' dir='ltr'>infecta</span> <span class='ocrx_word' id='word_1_200' title='bbox 820 1419 969 1467; x_wconf 74' lang='lat' dir='ltr'>favillis</span> <span class='ocrx_word' id='word_1_201' title='bbox 988 1419 1206 1467; x_wconf 73' lang='lat' dir='ltr'>Despumat</span> <span class='ocrx_word' id='word_1_202' title='bbox 1222 1421 1377 1458; x_wconf 80' lang='lat' dir='ltr'>m&#39;veum</span> <span class='ocrx_word' id='word_1_203' title='bbox 1395 1420 1529 1467; x_wconf 77' lang='lat' dir='ltr'>fistula</span> <span class='ocrx_word' id='word_1_204' title='bbox 1547 1431 1647 1458; x_wconf 79' lang='lat' dir='ltr'>caua</span> <span class='ocrx_word' id='word_1_205' title='bbox 1665 1432 1727 1458; x_wconf 78' lang='lat' dir='ltr'>su-</span> 
     </span>
     <span class='ocr_line' id='line_1_22' title="bbox 165 1473 1728 1531; baseline 0 -14"><span class='ocrx_word' id='word_1_206' title='bbox 165 1478 249 1523; x_wconf 82' lang='lat' dir='ltr'>lem,</span> <span class='ocrx_word' id='word_1_207' title='bbox 274 1478 324 1517; x_wconf 90' lang='lat' dir='ltr'>iis</span> <span class='ocrx_word' id='word_1_208' title='bbox 351 1478 587 1517; x_wconf 88' lang='lat' dir='ltr'>conferenda</span> <span class='ocrx_word' id='word_1_209' title='bbox 612 1478 722 1516; x_wconf 88' lang='lat' dir='ltr'>ducit</span> <span class='ocrx_word' id='word_1_210' title='bbox 741 1478 925 1516; x_wconf 83' lang='lat' dir='ltr'>Enniana</span> <span class='ocrx_word' id='word_1_211' title='bbox 946 1473 1054 1531; x_wconf 84' lang='lat' dir='ltr'>(ann.</span> <span class='ocrx_word' id='word_1_212' title='bbox 1077 1473 1181 1531; x_wconf 86' lang='lat'>385)</span> <span class='ocrx_word' id='word_1_213' title='bbox 1202 1477 1455 1527; x_wconf 82' lang='lat' dir='ltr'>(caeruleum)</span> <span class='ocrx_word' id='word_1_214' title='bbox 1475 1482 1630 1526; x_wconf 75' lang='lat' dir='ltr'>spumat</span> <span class='ocrx_word' id='word_1_215' title='bbox 1646 1480 1728 1518; x_wconf 79' lang='lat' dir='ltr'>sale</span> 
     </span>
     <span class='ocr_line' id='line_1_23' title="bbox 165 1536 1726 1587; baseline 0 -11"><span class='ocrx_word' id='word_1_216' title='bbox 165 1536 358 1586; x_wconf 75' lang='lat' dir='ltr'>(conferta</span> <span class='ocrx_word' id='word_1_217' title='bbox 382 1540 466 1576; x_wconf 84' lang='lat' dir='ltr'>rate</span> <span class='ocrx_word' id='word_1_218' title='bbox 483 1537 675 1586; x_wconf 75' lang='lat' dir='ltr'>pulsum).</span> <span class='ocrx_word' id='word_1_219' title='bbox 704 1537 853 1583; x_wconf 85' lang='lat' dir='ltr'>Quodsi</span> <span class='ocrx_word' id='word_1_220' title='bbox 877 1538 973 1576; x_wconf 90' lang='lat' dir='ltr'>haec</span> <span class='ocrx_word' id='word_1_221' title='bbox 998 1537 1118 1587; x_wconf 89' lang='lat' dir='ltr'>probe</span> <span class='ocrx_word' id='word_1_222' title='bbox 1139 1539 1379 1586; x_wconf 87' lang='lat' dir='ltr'>statuuntur,</span> <span class='ocrx_word' id='word_1_223' title='bbox 1406 1538 1500 1587; x_wconf 88' lang='lat' dir='ltr'>quid</span> <span class='ocrx_word' id='word_1_224' title='bbox 1518 1539 1628 1576; x_wconf 90' lang='lat' dir='ltr'>vetat</span> <span class='ocrx_word' id='word_1_225' title='bbox 1648 1551 1726 1576; x_wconf 87' lang='lat' dir='ltr'>cre-</span> 
     </span>
     <span class='ocr_line' id='line_1_24' title="bbox 166 1595 1727 1647; baseline 0 -12"><span class='ocrx_word' id='word_1_226' title='bbox 166 1597 275 1645; x_wconf 87' lang='lat' dir='ltr'>dere,</span> <span class='ocrx_word' id='word_1_227' title='bbox 315 1597 420 1647; x_wconf 86' lang='lat' dir='ltr'>quod</span> <span class='ocrx_word' id='word_1_228' title='bbox 459 1595 700 1635; x_wconf 83' lang='lat' dir='ltr'>Claudianus</span> <span class='ocrx_word' id='word_1_229' title='bbox 739 1597 878 1636; x_wconf 89' lang='lat' dir='ltr'>scribit</span> <span class='ocrx_word' id='word_1_230' title='bbox 908 1609 1006 1636; x_wconf 85' lang='lat' dir='ltr'>XXIV</span> <span class='ocrx_word' id='word_1_231' title='bbox 1029 1597 1080 1635; x_wconf 87' lang='lat'>73</span> <span class='ocrx_word' id='word_1_232' title='bbox 1113 1597 1291 1636; x_wconf 69' lang='lat' dir='ltr'>validis</span> <span class='ocrx_word' id='word_1_233' title='bbox 1324 1598 1412 1645; x_wconf 79' lang='lat' dir='ltr'>fuso</span> <span class='ocrx_word' id='word_1_234' title='bbox 1447 1598 1512 1645; x_wconf 80' lang='lat' dir='ltr'>qui</span> <span class='ocrx_word' id='word_1_235' title='bbox 1543 1598 1727 1635; x_wconf 68' lang='lat' dir='ltr'>viribus</span> 
     </span>
     <span class='ocr_line' id='line_1_25' title="bbox 166 1655 1725 1706; baseline 0 -12"><span class='ocrx_word' id='word_1_236' title='bbox 166 1657 268 1695; x_wconf 78' lang='lat' dir='ltr'>hoste</span> <span class='ocrx_word' id='word_1_237' title='bbox 287 1657 327 1694; x_wconf 91' lang='lat' dir='ltr'>et</span> <span class='ocrx_word' id='word_1_238' title='bbox 345 1655 438 1694; x_wconf 90' lang='lat' dir='ltr'>ibid.</span> <span class='ocrx_word' id='word_1_239' title='bbox 455 1657 511 1695; x_wconf 88' lang='grc'>80</span> <span class='ocrx_word' id='word_1_240' title='bbox 531 1658 698 1695; x_wconf 71' lang='lat' dir='ltr'>amissas</span> <span class='ocrx_word' id='word_1_241' title='bbox 717 1658 818 1695; x_wconf 69' lang='lat' dir='ltr'>vires</span> <span class='ocrx_word' id='word_1_242' title='bbox 845 1659 879 1695; x_wconf 88' lang='lat' dir='ltr'>et</span> <span class='ocrx_word' id='word_1_243' title='bbox 901 1668 1045 1706; x_wconf 67' lang='lat' dir='ltr'>regma</span> <span class='ocrx_word' id='word_1_244' title='bbox 1069 1658 1260 1704; x_wconf 72' lang='lat' dir='ltr'>recepit,</span> <span class='ocrx_word' id='word_1_245' title='bbox 1288 1657 1356 1695; x_wconf 91' lang='lat' dir='ltr'>aut</span> <span class='ocrx_word' id='word_1_246' title='bbox 1377 1656 1481 1705; x_wconf 89' lang='lat' dir='ltr'>quod</span> <span class='ocrx_word' id='word_1_247' title='bbox 1500 1668 1627 1694; x_wconf 83' lang='lat' dir='ltr'>xxvm</span> <span class='ocrx_word' id='word_1_248' title='bbox 1643 1657 1725 1694; x_wconf 82' lang='lat'>254</span> 
     </span>
     <span class='ocr_line' id='line_1_26' title="bbox 166 1715 1727 1764; baseline -0.001 -10"><span class='ocrx_word' id='word_1_249' title='bbox 166 1727 324 1754; x_wconf 85' lang='lat' dir='ltr'>versum</span> <span class='ocrx_word' id='word_1_250' title='bbox 356 1715 510 1754; x_wconf 88' lang='lat' dir='ltr'>orditur</span> <span class='ocrx_word' id='word_1_251' title='bbox 544 1715 799 1764; x_wconf 74' lang='lat' dir='ltr'>Consequitur</span> <span class='ocrx_word' id='word_1_252' title='bbox 829 1727 1003 1764; x_wconf 75' lang='lat' dir='ltr'>vanoque</span> <span class='ocrx_word' id='word_1_253' title='bbox 1033 1717 1199 1764; x_wconf 76' lang='lat' dir='ltr'>fremens</span> <span class='ocrx_word' id='word_1_254' title='bbox 1231 1716 1396 1754; x_wconf 78' lang='lat' dir='ltr'>elamore</span> <span class='ocrx_word' id='word_1_255' title='bbox 1426 1717 1602 1760; x_wconf 75' lang='lat' dir='ltr'>retentat,</span> <span class='ocrx_word' id='word_1_256' title='bbox 1632 1715 1727 1753; x_wconf 86' lang='lat' dir='ltr'>haec</span> 
     </span>
     <span class='ocr_line' id='line_1_27' title="bbox 165 1774 1727 1825; baseline -0.001 -12"><span class='ocrx_word' id='word_1_257' title='bbox 165 1788 255 1813; x_wconf 91' lang='lat' dir='ltr'>eum</span> <span class='ocrx_word' id='word_1_258' title='bbox 273 1775 395 1813; x_wconf 85' lang='lat' dir='ltr'>Ennii</span> <span class='ocrx_word' id='word_1_259' title='bbox 419 1788 632 1813; x_wconf 89' lang='lat' dir='ltr'>memorem</span> <span class='ocrx_word' id='word_1_260' title='bbox 658 1776 872 1825; x_wconf 87' lang='lat' dir='ltr'>scripsisse,</span> <span class='ocrx_word' id='word_1_261' title='bbox 899 1776 968 1824; x_wconf 88' lang='lat' dir='ltr'>qui</span> <span class='ocrx_word' id='word_1_262' title='bbox 992 1774 1088 1813; x_wconf 89' lang='lat' dir='ltr'>haec</span> <span class='ocrx_word' id='word_1_263' title='bbox 1113 1774 1232 1813; x_wconf 88' lang='lat' dir='ltr'>habet</span> <span class='ocrx_word' id='word_1_264' title='bbox 1258 1787 1346 1813; x_wconf 89' lang='lat' dir='ltr'>ann.</span> <span class='ocrx_word' id='word_1_265' title='bbox 1369 1775 1453 1814; x_wconf 86' lang='lat'>300</span> <span class='ocrx_word' id='word_1_266' title='bbox 1472 1774 1614 1813; x_wconf 70' lang='lat' dir='ltr'>validis</span> <span class='ocrx_word' id='word_1_267' title='bbox 1640 1786 1727 1813; x_wconf 82' lang='lat' dir='ltr'>eum</span> 
     </span>
     <span class='ocr_line' id='line_1_28' title="bbox 164 1834 1728 1883; baseline -0.001 -10"><span class='ocrx_word' id='word_1_268' title='bbox 164 1835 313 1873; x_wconf 73' lang='lat' dir='ltr'>viribus</span> <span class='ocrx_word' id='word_1_269' title='bbox 338 1834 495 1879; x_wconf 78' lang='lat' dir='ltr'>Zuctomt,</span> <span class='ocrx_word' id='word_1_270' title='bbox 524 1835 603 1873; x_wconf 90' lang='grc'>141</span> <span class='ocrx_word' id='word_1_271' title='bbox 632 1835 741 1883; x_wconf 77' lang='lat' dir='ltr'>isque</span> <span class='ocrx_word' id='word_1_272' title='bbox 765 1835 846 1873; x_wconf 79' lang='lat' dir='ltr'>dies</span> <span class='ocrx_word' id='word_1_273' title='bbox 864 1837 955 1883; x_wconf 71' lang='lat' dir='ltr'>post</span> <span class='ocrx_word' id='word_1_274' title='bbox 980 1837 1049 1873; x_wconf 82' lang='lat' dir='ltr'>aut</span> <span class='ocrx_word' id='word_1_275' title='bbox 1071 1845 1227 1873; x_wconf 81' lang='lat' dir='ltr'>marcus</span> <span class='ocrx_word' id='word_1_276' title='bbox 1247 1846 1365 1883; x_wconf 81' lang='lat' dir='ltr'>quam</span> <span class='ocrx_word' id='word_1_277' title='bbox 1382 1845 1502 1882; x_wconf 63' lang='lat' dir='ltr'>regna</span> <span class='ocrx_word' id='word_1_278' title='bbox 1520 1834 1669 1881; x_wconf 76' lang='lat' dir='ltr'>recepit,</span> <span class='ocrx_word' id='word_1_279' title='bbox 1689 1835 1728 1871; x_wconf 88' lang='lat' dir='ltr'>et</span> 
     </span>
     <span class='ocr_line' id='line_1_29' title="bbox 167 1892 1726 1942; baseline -0.001 -11"><span class='ocrx_word' id='word_1_280' title='bbox 167 1895 249 1931; x_wconf 86' lang='grc'>277</span> <span class='ocrx_word' id='word_1_281' title='bbox 273 1892 537 1942; x_wconf 73' lang='lat' dir='ltr'>Consequitur.</span> <span class='ocrx_word' id='word_1_282' title='bbox 568 1905 718 1932; x_wconf 81' lang='lat' dir='ltr'>summo</span> <span class='ocrx_word' id='word_1_283' title='bbox 745 1895 875 1932; x_wconf 79' lang='lat' dir='ltr'>souitu</span> <span class='ocrx_word' id='word_1_284' title='bbox 899 1895 1022 1942; x_wconf 75' lang='lat' dir='ltr'>quatit</span> <span class='ocrx_word' id='word_1_285' title='bbox 1045 1894 1193 1942; x_wconf 71' lang='lat' dir='ltr'>uuyula</span> <span class='ocrx_word' id='word_1_286' title='bbox 1218 1896 1371 1932; x_wconf 86' lang='lat' dir='ltr'>terram.</span> <span class='ocrx_word' id='word_1_287' title='bbox 1399 1893 1452 1931; x_wconf 84' lang='lat' dir='ltr'>Et</span> <span class='ocrx_word' id='word_1_288' title='bbox 1477 1894 1642 1942; x_wconf 88' lang='lat' dir='ltr'>possunt</span> <span class='ocrx_word' id='word_1_289' title='bbox 1665 1893 1726 1931; x_wconf 93' lang='lat' dir='ltr'>his</span> 
     </span>
     <span class='ocr_line' id='line_1_30' title="bbox 166 1950 1726 2002; baseline -0.001 -11"><span class='ocrx_word' id='word_1_290' title='bbox 166 1954 316 1992; x_wconf 87' lang='lat' dir='ltr'>similia</span> <span class='ocrx_word' id='word_1_291' title='bbox 341 1953 422 1991; x_wconf 88' lang='lat' dir='ltr'>alia</span> <span class='ocrx_word' id='word_1_292' title='bbox 446 1954 574 1991; x_wconf 89' lang='lat' dir='ltr'>multa</span> <span class='ocrx_word' id='word_1_293' title='bbox 598 1954 737 2002; x_wconf 85' lang='lat' dir='ltr'>promi.</span> <span class='ocrx_word' id='word_1_294' title='bbox 773 1953 864 1991; x_wconf 88' lang='lat' dir='ltr'>Non</span> <span class='ocrx_word' id='word_1_295' title='bbox 889 1952 1147 2002; x_wconf 88' lang='lat' dir='ltr'>probabilius,</span> <span class='ocrx_word' id='word_1_296' title='bbox 1179 1953 1330 2002; x_wconf 90' lang='lat' dir='ltr'>opinor,</span> <span class='ocrx_word' id='word_1_297' title='bbox 1356 1952 1490 1990; x_wconf 87' lang='lat' dir='ltr'>Birtus</span> <span class='ocrx_word' id='word_1_298' title='bbox 1518 1950 1726 1989; x_wconf 87' lang='lat' dir='ltr'>Claudiani</span> 
     </span>
     <span class='ocr_line' id='line_1_31' title="bbox 165 2010 1725 2059; baseline -0.003 -8"><span class='ocrx_word' id='word_1_299' title='bbox 165 2012 286 2051; x_wconf 86' lang='lat' dir='ltr'>verba</span> <span class='ocrx_word' id='word_1_300' title='bbox 306 2025 403 2052; x_wconf 79' lang='lat' dir='ltr'>xxw</span> <span class='ocrx_word' id='word_1_301' title='bbox 425 2013 509 2051; x_wconf 88' lang='grc'>174</span> <span class='ocrx_word' id='word_1_302' title='bbox 535 2013 654 2051; x_wconf 77' lang='lat' dir='ltr'>Hauc</span> <span class='ocrx_word' id='word_1_303' title='bbox 678 2015 720 2049; x_wconf 92' lang='lat' dir='ltr'>tu</span> <span class='ocrx_word' id='word_1_304' title='bbox 745 2024 831 2050; x_wconf 83' lang='lat' dir='ltr'>eum</span> <span class='ocrx_word' id='word_1_305' title='bbox 855 2013 1007 2059; x_wconf 68' lang='lat' dir='ltr'>superis</span> <span class='ocrx_word' id='word_1_306' title='bbox 1028 2042 1035 2049; x_wconf 95' lang='lat'>.</span> <span class='ocrx_word' id='word_1_307' title='bbox 1057 2042 1064 2048; x_wconf 93' lang='lat'>.</span> <span class='ocrx_word' id='word_1_308' title='bbox 1086 2012 1204 2050; x_wconf 76' lang='lat' dir='ltr'>tueris</span> <span class='ocrx_word' id='word_1_309' title='bbox 1230 2011 1398 2050; x_wconf 85' lang='lat' dir='ltr'>conferri</span> <span class='ocrx_word' id='word_1_310' title='bbox 1423 2023 1511 2048; x_wconf 89' lang='lat' dir='ltr'>cum</span> <span class='ocrx_word' id='word_1_311' title='bbox 1534 2010 1725 2048; x_wconf 87' lang='lat' dir='ltr'>Ennianis</span> 
     </span>
     <span class='ocr_line' id='line_1_32' title="bbox 166 2066 1724 2125; baseline -0.003 -15"><span class='ocrx_word' id='word_1_312' title='bbox 166 2066 275 2125; x_wconf 88' lang='lat' dir='ltr'>(ann.</span> <span class='ocrx_word' id='word_1_313' title='bbox 293 2066 397 2125; x_wconf 84' lang='grc'>201)</span> <span class='ocrx_word' id='word_1_314' title='bbox 418 2072 538 2120; x_wconf 75' lang='lat' dir='ltr'>doque</span> <span class='ocrx_word' id='word_1_315' title='bbox 557 2072 768 2110; x_wconf 73' lang='lat' dir='ltr'>volentibus</span> <span class='ocrx_word' id='word_1_316' title='bbox 787 2082 874 2110; x_wconf 83' lang='lat' dir='ltr'>eum</span> <span class='ocrx_word' id='word_1_317' title='bbox 892 2071 1045 2119; x_wconf 71' lang='lat' dir='ltr'>maqms</span> <span class='ocrx_word' id='word_1_318' title='bbox 1064 2071 1125 2108; x_wconf 74' lang='lat' dir='ltr'>dis</span> <span class='ocrx_word' id='word_1_319' title='bbox 1143 2071 1270 2109; x_wconf 88' lang='lat' dir='ltr'>iussit.</span> <span class='ocrx_word' id='word_1_320' title='bbox 1299 2069 1400 2107; x_wconf 83' lang='lat' dir='ltr'>Sunt</span> <span class='ocrx_word' id='word_1_321' title='bbox 1419 2069 1610 2119; x_wconf 88' lang='lat' dir='ltr'>quaedam</span> <span class='ocrx_word' id='word_1_322' title='bbox 1626 2081 1724 2117; x_wconf 89' lang='lat' dir='ltr'>quae</span> 
     </span>
     <span class='ocr_line' id='line_1_33' title="bbox 166 2129 1724 2180; baseline -0.003 -11"><span class='ocrx_word' id='word_1_323' title='bbox 166 2132 294 2180; x_wconf 88' lang='lat' dir='ltr'>specie</span> <span class='ocrx_word' id='word_1_324' title='bbox 327 2131 505 2180; x_wconf 90' lang='lat' dir='ltr'>decipere</span> <span class='ocrx_word' id='word_1_325' title='bbox 537 2131 703 2179; x_wconf 89' lang='lat' dir='ltr'>possunt</span> <span class='ocrx_word' id='word_1_326' title='bbox 734 2129 802 2168; x_wconf 88' lang='lat' dir='ltr'>sed</span> <span class='ocrx_word' id='word_1_327' title='bbox 826 2130 959 2167; x_wconf 88' lang='lat' dir='ltr'>tamen</span> <span class='ocrx_word' id='word_1_328' title='bbox 984 2130 1147 2178; x_wconf 90' lang='lat' dir='ltr'>propius</span> <span class='ocrx_word' id='word_1_329' title='bbox 1173 2129 1368 2178; x_wconf 89' lang='lat' dir='ltr'>temptata</span> <span class='ocrx_word' id='word_1_330' title='bbox 1393 2129 1434 2166; x_wconf 90' lang='lat' dir='ltr'>in</span> <span class='ocrx_word' id='word_1_331' title='bbox 1458 2140 1606 2166; x_wconf 85' lang='lat' dir='ltr'>vanum</span> <span class='ocrx_word' id='word_1_332' title='bbox 1629 2129 1724 2166; x_wconf 86' lang='lat' dir='ltr'>reci-</span> 
     </span>
     <span class='ocr_line' id='line_1_34' title="bbox 169 2182 1726 2241; baseline -0.003 -13"><span class='ocrx_word' id='word_1_333' title='bbox 169 2190 277 2228; x_wconf 89' lang='lat' dir='ltr'>dunt.</span> <span class='ocrx_word' id='word_1_334' title='bbox 307 2188 517 2228; x_wconf 84' lang='lat' dir='ltr'>Claudiani</span> <span class='ocrx_word' id='word_1_335' title='bbox 543 2189 763 2227; x_wconf 88' lang='lat' dir='ltr'>sententiae</span> <span class='ocrx_word' id='word_1_336' title='bbox 783 2183 929 2241; x_wconf 84' lang='lat' dir='ltr'>(xxvm</span> <span class='ocrx_word' id='word_1_337' title='bbox 949 2182 1052 2240; x_wconf 84' lang='lat'>248)</span> <span class='ocrx_word' id='word_1_338' title='bbox 1078 2188 1190 2225; x_wconf 72' lang='lat' dir='ltr'>nulla</span> <span class='ocrx_word' id='word_1_339' title='bbox 1215 2190 1269 2226; x_wconf 83' lang='lat' dir='ltr'>est</span> <span class='ocrx_word' id='word_1_340' title='bbox 1286 2188 1447 2226; x_wconf 74' lang='lat' dir='ltr'>victoria</span> <span class='ocrx_word' id='word_1_341' title='bbox 1464 2188 1591 2225; x_wconf 69' lang='lat' dir='ltr'>maior</span> <span class='ocrx_word' id='word_1_342' title='bbox 1609 2199 1726 2235; x_wconf 76' lang='lat' dir='ltr'>quam</span> 
     </span>
     <span class='ocr_line' id='line_1_35' title="bbox 166 2246 1724 2297; baseline -0.003 -10"><span class='ocrx_word' id='word_1_343' title='bbox 166 2260 264 2297; x_wconf 76' lang='lat' dir='ltr'>quae</span> <span class='ocrx_word' id='word_1_344' title='bbox 289 2249 478 2296; x_wconf 77' lang='lat' dir='ltr'>confessos</span> <span class='ocrx_word' id='word_1_345' title='bbox 505 2249 634 2286; x_wconf 68' lang='lat' dir='ltr'>animo</span> <span class='ocrx_word' id='word_1_346' title='bbox 660 2258 806 2296; x_wconf 76' lang='lat' dir='ltr'>quoque</span> <span class='ocrx_word' id='word_1_347' title='bbox 829 2248 1011 2296; x_wconf 59' lang='lat' dir='ltr'>subiugat</span> <span class='ocrx_word' id='word_1_348' title='bbox 1034 2248 1155 2285; x_wconf 71' lang='lat' dir='ltr'>hostes</span> <span class='ocrx_word' id='word_1_349' title='bbox 1181 2259 1259 2284; x_wconf 91' lang='lat' dir='ltr'>non</span> <span class='ocrx_word' id='word_1_350' title='bbox 1282 2246 1485 2284; x_wconf 89' lang='lat' dir='ltr'>dissimilis</span> <span class='ocrx_word' id='word_1_351' title='bbox 1509 2247 1579 2294; x_wconf 91' lang='lat' dir='ltr'>est,</span> <span class='ocrx_word' id='word_1_352' title='bbox 1606 2258 1724 2295; x_wconf 86' lang='lat' dir='ltr'>quam</span> 
     </span>
     <span class='ocr_line' id='line_1_36' title="bbox 165 2299 1724 2358; baseline -0.003 -12"><span class='ocrx_word' id='word_1_353' title='bbox 165 2308 301 2346; x_wconf 88' lang='lat' dir='ltr'>Birtus</span> <span class='ocrx_word' id='word_1_354' title='bbox 333 2306 638 2357; x_wconf 88' lang='lat' dir='ltr'>comparandam</span> <span class='ocrx_word' id='word_1_355' title='bbox 669 2307 798 2355; x_wconf 85' lang='lat' dir='ltr'>duxit,</span> <span class='ocrx_word' id='word_1_356' title='bbox 830 2306 949 2344; x_wconf 83' lang='lat' dir='ltr'>Ennii</span> <span class='ocrx_word' id='word_1_357' title='bbox 982 2306 1107 2344; x_wconf 89' lang='lat' dir='ltr'>oratio</span> <span class='ocrx_word' id='word_1_358' title='bbox 1141 2299 1249 2358; x_wconf 83' lang='lat' dir='ltr'>(ann.</span> <span class='ocrx_word' id='word_1_359' title='bbox 1272 2299 1376 2358; x_wconf 84' lang='lat'>493)</span> <span class='ocrx_word' id='word_1_360' title='bbox 1409 2306 1475 2353; x_wconf 71' lang='lat' dir='ltr'>qui</span> <span class='ocrx_word' id='word_1_361' title='bbox 1505 2305 1624 2343; x_wconf 77' lang='lat' dir='ltr'>vineit</span> <span class='ocrx_word' id='word_1_362' title='bbox 1646 2316 1724 2342; x_wconf 74' lang='lat' dir='ltr'>nou</span> 
     </span>
     <span class='ocr_line' id='line_1_37' title="bbox 166 2363 1723 2414; baseline -0.003 -8"><span class='ocrx_word' id='word_1_363' title='bbox 166 2370 220 2406; x_wconf 78' lang='lat' dir='ltr'>est</span> <span class='ocrx_word' id='word_1_364' title='bbox 243 2368 374 2412; x_wconf 83' lang='lat' dir='ltr'>victor,</span> <span class='ocrx_word' id='word_1_365' title='bbox 398 2368 478 2405; x_wconf 72' lang='lat' dir='ltr'>uisi</span> <span class='ocrx_word' id='word_1_366' title='bbox 502 2367 624 2405; x_wconf 80' lang='lat' dir='ltr'>victus</span> <span class='ocrx_word' id='word_1_367' title='bbox 649 2368 801 2414; x_wconf 82' lang='lat' dir='ltr'>fatetur.</span> <span class='ocrx_word' id='word_1_368' title='bbox 830 2365 906 2404; x_wconf 83' lang='lat' dir='ltr'>Sed</span> <span class='ocrx_word' id='word_1_369' title='bbox 932 2366 965 2403; x_wconf 90' lang='lat' dir='ltr'>si</span> <span class='ocrx_word' id='word_1_370' title='bbox 992 2366 1079 2414; x_wconf 85' lang='lat' dir='ltr'>quis</span> <span class='ocrx_word' id='word_1_371' title='bbox 1106 2365 1318 2403; x_wconf 85' lang='lat' dir='ltr'>contulerit</span> <span class='ocrx_word' id='word_1_372' title='bbox 1343 2377 1443 2413; x_wconf 87' lang='lat' dir='ltr'>quae</span> <span class='ocrx_word' id='word_1_373' title='bbox 1463 2363 1513 2402; x_wconf 89' lang='lat' dir='ltr'>ad</span> <span class='ocrx_word' id='word_1_374' title='bbox 1533 2376 1621 2402; x_wconf 90' lang='lat' dir='ltr'>eum</span> <span class='ocrx_word' id='word_1_375' title='bbox 1639 2376 1723 2402; x_wconf 87' lang='lat' dir='ltr'>ver-</span> 
     </span>
     <span class='ocr_line' id='line_1_38' title="bbox 165 2423 1724 2474; baseline -0.003 -9"><span class='ocrx_word' id='word_1_376' title='bbox 165 2439 252 2466; x_wconf 87' lang='lat' dir='ltr'>sum</span> <span class='ocrx_word' id='word_1_377' title='bbox 278 2439 323 2465; x_wconf 86' lang='lat' dir='ltr'>ex</span> <span class='ocrx_word' id='word_1_378' title='bbox 342 2425 457 2465; x_wconf 89' lang='lat' dir='ltr'>Livio</span> <span class='ocrx_word' id='word_1_379' title='bbox 484 2426 684 2474; x_wconf 87' lang='lat' dir='ltr'>adnotavi,</span> <span class='ocrx_word' id='word_1_380' title='bbox 712 2438 757 2463; x_wconf 86' lang='lat' dir='ltr'>ex</span> <span class='ocrx_word' id='word_1_381' title='bbox 785 2425 925 2474; x_wconf 91' lang='lat' dir='ltr'>quibus</span> <span class='ocrx_word' id='word_1_382' title='bbox 951 2425 1025 2462; x_wconf 90' lang='lat' dir='ltr'>hoc</span> <span class='ocrx_word' id='word_1_383' title='bbox 1050 2437 1171 2462; x_wconf 87' lang='lat' dir='ltr'>unum</span> <span class='ocrx_word' id='word_1_384' title='bbox 1197 2436 1300 2462; x_wconf 86' lang='lat' dir='ltr'>nunc</span> <span class='ocrx_word' id='word_1_385' title='bbox 1326 2424 1444 2462; x_wconf 90' lang='lat' dir='ltr'>affero</span> <span class='ocrx_word' id='word_1_386' title='bbox 1471 2424 1554 2461; x_wconf 75' lang='lat' dir='ltr'>eius</span> <span class='ocrx_word' id='word_1_387' title='bbox 1572 2423 1724 2461; x_wconf 83' lang='lat' dir='ltr'>demum</span> 
     </span>
     <span class='ocr_line' id='line_1_39' title="bbox 165 2483 1724 2534; baseline -0.003 -10"><span class='ocrx_word' id='word_1_388' title='bbox 165 2486 341 2525; x_wconf 74' lang='lat' dir='ltr'>animum</span> <span class='ocrx_word' id='word_1_389' title='bbox 371 2486 415 2523; x_wconf 79' lang='lat' dir='ltr'>iu</span> <span class='ocrx_word' id='word_1_390' title='bbox 438 2488 670 2534; x_wconf 73' lang='lat' dir='ltr'>perpetuum</span> <span class='ocrx_word' id='word_1_391' title='bbox 700 2485 804 2523; x_wconf 74' lang='lat' dir='ltr'>vinei</span> <span class='ocrx_word' id='word_1_392' title='bbox 829 2485 892 2522; x_wconf 77' lang='lat' dir='ltr'>eui</span> <span class='ocrx_word' id='word_1_393' title='bbox 916 2485 1101 2532; x_wconf 73' lang='lat' dir='ltr'>confessio</span> <span class='ocrx_word' id='word_1_394' title='bbox 1128 2494 1306 2531; x_wconf 67' lang='lat' dir='ltr'>expressa</span> <span class='ocrx_word' id='word_1_395' title='bbox 1330 2484 1381 2521; x_wconf 78' lang='lat' dir='ltr'>sit</span> <span class='ocrx_word' id='word_1_396' title='bbox 1403 2493 1443 2521; x_wconf 83' lang='lat' dir='ltr'>se</span> <span class='ocrx_word' id='word_1_397' title='bbox 1463 2513 1470 2521; x_wconf 90' lang='lat'>.</span> <span class='ocrx_word' id='word_1_398' title='bbox 1492 2512 1499 2519; x_wconf 91' lang='lat'>.</span> <span class='ocrx_word' id='word_1_399' title='bbox 1522 2512 1528 2519; x_wconf 91' lang='lat'>.</span> <span class='ocrx_word' id='word_1_400' title='bbox 1555 2483 1653 2520; x_wconf 75' lang='lat' dir='ltr'>iusto</span> <span class='ocrx_word' id='word_1_401' title='bbox 1680 2493 1724 2519; x_wconf 85' lang='lat' dir='ltr'>ac</span> 
     </span>
     <span class='ocr_line' id='line_1_40' title="bbox 165 2540 1722 2593; baseline -0.004 -9"><span class='ocrx_word' id='word_1_402' title='bbox 165 2546 231 2593; x_wconf 71' lang='lat' dir='ltr'>pio</span> <span class='ocrx_word' id='word_1_403' title='bbox 252 2556 330 2584; x_wconf 83' lang='lat' dir='ltr'>esse</span> <span class='ocrx_word' id='word_1_404' title='bbox 349 2545 443 2583; x_wconf 82' lang='lat' dir='ltr'>bello</span> <span class='ocrx_word' id='word_1_405' title='bbox 462 2546 699 2592; x_wconf 76' lang='lat' dir='ltr'>superatum,</span> <span class='ocrx_word' id='word_1_406' title='bbox 719 2543 909 2582; x_wconf 84' lang='lat' dir='ltr'>fatebitur</span> <span class='ocrx_word' id='word_1_407' title='bbox 929 2541 1158 2591; x_wconf 87' lang='lat' dir='ltr'>Claudiano,</span> <span class='ocrx_word' id='word_1_408' title='bbox 1179 2543 1212 2581; x_wconf 91' lang='lat' dir='ltr'>si</span> <span class='ocrx_word' id='word_1_409' title='bbox 1230 2544 1363 2580; x_wconf 90' lang='lat' dir='ltr'>tamen</span> <span class='ocrx_word' id='word_1_410' title='bbox 1383 2541 1554 2580; x_wconf 86' lang='lat' dir='ltr'>auctoris</span> <span class='ocrx_word' id='word_1_411' title='bbox 1574 2540 1722 2590; x_wconf 87' lang='lat' dir='ltr'>indige-</span> 
     </span>
     <span class='ocr_line' id='line_1_41' title="bbox 165 2599 1721 2653; baseline -0.004 -11"><span class='ocrx_word' id='word_1_412' title='bbox 165 2604 245 2653; x_wconf 88' lang='lat' dir='ltr'>bat,</span> <span class='ocrx_word' id='word_1_413' title='bbox 272 2603 322 2643; x_wconf 92' lang='lat' dir='ltr'>ad</span> <span class='ocrx_word' id='word_1_414' title='bbox 341 2603 514 2642; x_wconf 85' lang='lat' dir='ltr'>Ennium</span> <span class='ocrx_word' id='word_1_415' title='bbox 539 2604 642 2642; x_wconf 90' lang='lat' dir='ltr'>certe</span> <span class='ocrx_word' id='word_1_416' title='bbox 668 2615 745 2641; x_wconf 89' lang='lat' dir='ltr'>non</span> <span class='ocrx_word' id='word_1_417' title='bbox 770 2603 892 2641; x_wconf 82' lang='lat' dir='ltr'>fuisse</span> <span class='ocrx_word' id='word_1_418' title='bbox 913 2601 1018 2651; x_wconf 91' lang='lat' dir='ltr'>quod</span> <span class='ocrx_word' id='word_1_419' title='bbox 1036 2601 1192 2640; x_wconf 87' lang='lat' dir='ltr'>rediret.</span> <span class='ocrx_word' id='word_1_420' title='bbox 1219 2601 1312 2639; x_wconf 90' lang='lat' dir='ltr'>Alia</span> <span class='ocrx_word' id='word_1_421' title='bbox 1336 2613 1435 2650; x_wconf 88' lang='lat' dir='ltr'>quae</span> <span class='ocrx_word' id='word_1_422' title='bbox 1463 2599 1721 2638; x_wconf 88' lang='lat' dir='ltr'>Claudianum</span> 
     </span>
     <span class='ocr_line' id='line_1_42' title="bbox 167 2656 1721 2713; baseline -0.005 -11"><span class='ocrx_word' id='word_1_423' title='bbox 167 2676 211 2702; x_wconf 83' lang='lat' dir='ltr'>ex</span> <span class='ocrx_word' id='word_1_424' title='bbox 238 2663 365 2701; x_wconf 85' lang='lat' dir='ltr'>Ennio</span> <span class='ocrx_word' id='word_1_425' title='bbox 391 2663 628 2713; x_wconf 90' lang='lat' dir='ltr'>prompsisse</span> <span class='ocrx_word' id='word_1_426' title='bbox 652 2663 874 2710; x_wconf 87' lang='lat' dir='ltr'>voluerunt,</span> <span class='ocrx_word' id='word_1_427' title='bbox 899 2661 1047 2699; x_wconf 88' lang='lat' dir='ltr'>habent</span> <span class='ocrx_word' id='word_1_428' title='bbox 1071 2662 1271 2699; x_wconf 90' lang='lat' dir='ltr'>auctorem</span> <span class='ocrx_word' id='word_1_429' title='bbox 1296 2673 1373 2709; x_wconf 92' lang='lat' dir='ltr'>quo</span> <span class='ocrx_word' id='word_1_430' title='bbox 1393 2660 1586 2698; x_wconf 89' lang='lat' dir='ltr'>neminem</span> <span class='ocrx_word' id='word_1_431' title='bbox 1608 2656 1721 2695; x_wconf 85' lang='lat' dir='ltr'>Clau-</span> 
     </span>
     <span class='ocr_line' id='line_1_43' title="bbox 167 2717 1719 2772; baseline -0.005 -12"><span class='ocrx_word' id='word_1_432' title='bbox 167 2723 305 2761; x_wconf 89' lang='lat' dir='ltr'>dianus</span> <span class='ocrx_word' id='word_1_433' title='bbox 325 2723 569 2772; x_wconf 86' lang='lat' dir='ltr'>frequentius</span> <span class='ocrx_word' id='word_1_434' title='bbox 587 2721 788 2771; x_wconf 85' lang='lat' dir='ltr'>expressit,</span> <span class='ocrx_word' id='word_1_435' title='bbox 807 2720 1041 2772; x_wconf 87' lang='lat' dir='ltr'>Vergilium,</span> <span class='ocrx_word' id='word_1_436' title='bbox 1059 2720 1170 2759; x_wconf 89' lang='lat' dir='ltr'>velut</span> <span class='ocrx_word' id='word_1_437' title='bbox 1182 2731 1252 2758; x_wconf 71' lang='lat' dir='ltr'>xxi</span> <span class='ocrx_word' id='word_1_438' title='bbox 1267 2720 1350 2758; x_wconf 82' lang='lat'>257</span> <span class='ocrx_word' id='word_1_439' title='bbox 1371 2720 1417 2756; x_wconf 90' lang='lat' dir='ltr'>ut</span> <span class='ocrx_word' id='word_1_440' title='bbox 1430 2717 1719 2756; x_wconf 84' lang='lat' dir='ltr'>advenientium</span> 
     </span>
     <span class='ocr_line' id='line_1_44' title="bbox 166 2776 1722 2831; baseline -0.005 -12"><span class='ocrx_word' id='word_1_441' title='bbox 166 2781 460 2819; x_wconf 88' lang='lat' dir='ltr'>multitudinem</span> <span class='ocrx_word' id='word_1_442' title='bbox 486 2781 675 2831; x_wconf 88' lang='lat' dir='ltr'>depingat</span> <span class='ocrx_word' id='word_1_443' title='bbox 701 2792 788 2818; x_wconf 89' lang='lat' dir='ltr'>cum</span> <span class='ocrx_word' id='word_1_444' title='bbox 814 2780 872 2818; x_wconf 89' lang='lat' dir='ltr'>ita</span> <span class='ocrx_word' id='word_1_445' title='bbox 897 2780 994 2818; x_wconf 87' lang='lat' dir='ltr'>dicit</span> <span class='ocrx_word' id='word_1_446' title='bbox 1017 2780 1213 2828; x_wconf 70' lang='lat' dir='ltr'>stipamur</span> <span class='ocrx_word' id='word_1_447' title='bbox 1238 2778 1434 2816; x_wconf 75' lang='lat' dir='ltr'>Numidae</span> <span class='ocrx_word' id='word_1_448' title='bbox 1457 2776 1594 2823; x_wconf 72' lang='lat' dir='ltr'>campi,</span> <span class='ocrx_word' id='word_1_449' title='bbox 1619 2776 1722 2812; x_wconf 70' lang='lat' dir='ltr'>staret</span> 
     </span>
     <span class='ocr_line' id='line_1_45' title="bbox 159 2834 1718 2889; baseline -0.006 -10"><span class='ocrx_word' id='word_1_450' title='bbox 159 2841 320 2888; x_wconf 74' lang='lat' dir='ltr'>pulvere</span> <span class='ocrx_word' id='word_1_451' title='bbox 343 2840 473 2889; x_wconf 68' lang='lat' dir='ltr'>Syrtes</span> <span class='ocrx_word' id='word_1_452' title='bbox 496 2840 694 2884; x_wconf 78' lang='lat' dir='ltr'>Gaetulae,</span> <span class='ocrx_word' id='word_1_453' title='bbox 719 2840 870 2877; x_wconf 76' lang='lat' dir='ltr'>Poenus</span> <span class='ocrx_word' id='word_1_454' title='bbox 895 2839 1035 2877; x_wconf 71' lang='lat' dir='ltr'>iaculis</span> <span class='ocrx_word' id='word_1_455' title='bbox 1059 2839 1246 2877; x_wconf 75' lang='lat' dir='ltr'>obtexitur</span> <span class='ocrx_word' id='word_1_456' title='bbox 1271 2848 1348 2880; x_wconf 84' lang='lat' dir='ltr'>aer,</span> <span class='ocrx_word' id='word_1_457' title='bbox 1374 2847 1441 2873; x_wconf 89' lang='lat' dir='ltr'>cur</span> <span class='ocrx_word' id='word_1_458' title='bbox 1461 2834 1631 2872; x_wconf 85' lang='lat' dir='ltr'>Ennium</span> <span class='ocrx_word' id='word_1_459' title='bbox 1651 2845 1718 2881; x_wconf 89' lang='lat' dir='ltr'>po-</span> 
     </span>
     <span class='ocr_line' id='line_1_46' title="bbox 166 2891 1719 2950; baseline -0.003 -14"><span class='ocrx_word' id='word_1_460' title='bbox 166 2899 258 2948; x_wconf 85' lang='lat' dir='ltr'>tius,</span> <span class='ocrx_word' id='word_1_461' title='bbox 284 2899 393 2938; x_wconf 88' lang='lat' dir='ltr'>cuius</span> <span class='ocrx_word' id='word_1_462' title='bbox 419 2899 515 2938; x_wconf 87' lang='lat' dir='ltr'>haec</span> <span class='ocrx_word' id='word_1_463' title='bbox 540 2900 694 2938; x_wconf 83' lang='lat' dir='ltr'>tantum</span> <span class='ocrx_word' id='word_1_464' title='bbox 717 2899 872 2937; x_wconf 87' lang='lat' dir='ltr'>exstant</span> <span class='ocrx_word' id='word_1_465' title='bbox 892 2892 999 2950; x_wconf 85' lang='lat' dir='ltr'>(ann.</span> <span class='ocrx_word' id='word_1_466' title='bbox 1023 2891 1126 2949; x_wconf 88' lang='lat'>608)</span> <span class='ocrx_word' id='word_1_467' title='bbox 1151 2899 1255 2935; x_wconf 76' lang='lat' dir='ltr'>stant</span> <span class='ocrx_word' id='word_1_468' title='bbox 1266 2895 1426 2944; x_wconf 77' lang='lat' dir='ltr'>pulvere</span> <span class='ocrx_word' id='word_1_469' title='bbox 1445 2893 1582 2941; x_wconf 66' lang='lat' dir='ltr'>campi,</span> <span class='ocrx_word' id='word_1_470' title='bbox 1603 2903 1719 2941; x_wconf 83' lang='lat' dir='ltr'>quam</span> 
     </span>
    </p>
   </div>
   <div class='ocr_carea' id='block_1_3' title="bbox 1775 2977 1779 3002">
    <p class='ocr_par' dir='ltr' id='par_1_3' title="bbox 1775 2977 1779 3002">
     <span class='ocr_line' id='line_1_47' title="bbox 1775 2977 1779 3002; baseline 0 0"><span class='ocrx_word' id='word_1_471' title='bbox 1775 2977 1779 3002; x_wconf 66' lang='lat'>2</span> 
     </span>
    </p>
   </div>
  </div>
 </body>
</html>
