2054 3282
309 155 391 196 188
979 147 1179 183 SCENICA

1037 264 1124 300 XIV

976 330 1185 356 THYESTES

796 380 1021 433 naufraqio
1044 381 1191 432 pereat
1213 378 1366 421 Atreus

300 514 385 556 362
416 512 512 567 Ipse
538 511 715 553 summis
742 510 853 552 saxis
878 510 989 551 fixus
1015 508 1176 563 asperis
1201 508 1457 551 evisceratus

415 583 566 624 Latere
590 582 776 637 pendens
802 595 903 622 saxa
928 593 1131 636 spargens
1157 579 1258 621 tabo
1285 580 1401 621 sanie
1426 582 1470 622 et
1494 580 1702 636 sanguine
1726 582 1832 623 atro.

300 725 386 768 364
410 723 561 779 Neque
587 722 858 778 sepulchrum
885 736 969 776 quo
994 721 1174 776 recipiat
1198 721 1354 764 habeat
1378 724 1550 777 portum
1576 722 1781 778 corporis,

416 795 502 838 Ubi
527 795 704 837 remissa
727 794 915 836 humana
938 793 1029 835 vita
1054 807 1208 848 corpus
1234 794 1473 848 requiescat
1497 793 1633 836 malis.

925 993 1091 1036 AMBR
1097 992 1231 1036 ACIA

1069 1105 1086 1139 Ι

294 1169 380 1211 366
411 1169 516 1210 Esse
539 1182 615 1223 per
640 1169 788 1223 gentes
815 1167 984 1210 cluebat
1010 1166 1202 1208 omnium
1228 1166 1490 1209 miserrimus

408 1332 492 1367 XIV
506 1333 603 1377 (362)
636 1330 763 1366 Cicero
783 1331 889 1366 Tusc.
906 1331 1000 1376 disp.
1016 1345 1029 1365 1
1043 1335 1099 1374 44,
1116 1334 1183 1365 107
1200 1331 1433 1366 ‘exsecratur
1450 1331 1651 1367 luculentis
1671 1343 1761 1367 sane
1779 1343 1858 1367 ver-

291 1387 392 1421 sibus
413 1386 512 1430 apud
526 1385 688 1419 Ennium
702 1384 894 1430 Thyestes,
908 1385 1070 1429 primum
1084 1386 1150 1421 «ut
1167 1384 1366 1430 naufragio
1385 1387 1516 1430 pereat
1528 1384 1703 1430 Atreus»,
1724 1386 1857 1421 durum

290 1440 361 1474 hoc
381 1450 479 1482 sane,
499 1438 587 1473 talis
609 1438 707 1473 enim
726 1438 901 1473 interitus
921 1449 996 1473 non
1010 1439 1067 1473 est
1086 1438 1166 1473 sine
1185 1438 1291 1484 gravi
1311 1448 1438 1482 sensu3
1457 1438 1525 1473 illa
1543 1438 1673 1473 inania
1687 1439 1790 1484 «ipse
1805 1468 1811 1474 .
1826 1468 1854 1474 ..

291 1493 471 1538 sanguine
491 1493 594 1528 atro»
615 1493 697 1537 (362
719 1493 797 1537 sq.).
816 1503 891 1526 non
910 1492 994 1537 ipsa
1014 1502 1104 1527 saxa
1122 1491 1244 1538 magis
1267 1502 1377 1527 sensu
1399 1492 1501 1527 omni
1523 1492 1721 1536 vacabunt,
1744 1503 1857 1537 quam

290 1547 354 1581 ille
367 1546 506 1583 «latere
525 1545 714 1591 pendens»
735 1547 843 1591 (363),
866 1545 925 1580 cui
946 1556 984 1580 se
1003 1545 1066 1580 hic
1085 1545 1291 1580 cruciatum
1312 1547 1438 1581 censet
1457 1547 1596 1591 optare.
1619 1557 1715 1591 quae
1735 1548 1858 1582 essent

290 1601 393 1643 dura,
414 1600 446 1634 si
466 1599 631 1642 sentiret,
651 1598 756 1634 nulla
775 1600 889 1644 (sunt)
911 1598 991 1633 sine
1010 1609 1130 1633 sensu.
1151 1598 1247 1633 illud
1267 1610 1351 1634 vero
1376 1610 1557 1645 perquam
1582 1599 1694 1635 inane
1714 1611 1857 1645 «neque

292 1683 297 1688 .
316 1683 321 1688 .
340 1683 345 1688 .
366 1653 499 1689 malis»
520 1655 604 1699 (364
625 1654 703 1698 sq.)
724 1652 838 1694 vides,
866 1653 1007 1697 quanto
1033 1653 1127 1687 haec
1151 1653 1192 1687 in
1217 1663 1339 1688 errore
1364 1654 1571 1688 versentur:
1602 1653 1752 1698 portum
1778 1664 1857 1688 esse

296 1707 458 1752 corporis
478 1707 516 1741 et
534 1706 766 1751 requiescere
784 1705 824 1740 in
844 1705 1040 1751 sepulchro
1059 1706 1171 1751 putat
1189 1707 1388 1749 mortuum,
1408 1716 1547 1751 magna
1566 1706 1678 1751 culpa
1695 1706 1874 1752 Pelopia·

291 1761 355 1804 qui
381 1771 454 1795 non
474 1759 654 1795 erudierit
672 1759 791 1794 filium
810 1770 879 1794 nec
904 1759 1083 1802 docuerit,
1104 1760 1288 1804 quatenus
1315 1759 1412 1794 esset
1434 1759 1600 1804 quidque
1622 1761 1854 1795 curandum.'

405 1813 508 1848 Idem
522 1813 561 1848 in
574 1813 747 1848 Pisonem
762 1816 817 1855 19,
830 1816 874 1846 43
888 1812 1096 1857 ‘Thyestea
1109 1813 1166 1847 est
1184 1812 1259 1847 ista
1278 1812 1482 1847 exsecratio
1501 1813 1636 1857 poetae
1655 1813 1758 1859 vulgi
1777 1814 1856 1849 ani-

287 1878 378 1910 mos,
398 1878 471 1902 non
492 1866 729 1911 sapientium,
743 1866 925 1901 moventis
939 1866 1005 1902 «ut
1023 1867 1065 1901 tu
1080 1865 1280 1911 naufragio
1295 1865 1470 1910 expulsus
1482 1866 1631 1911 uspiam
1646 1867 1743 1902 saxis
1758 1868 1856 1913 (362)

288 1919 380 1955 fixus
401 1920 541 1965 asperis
561 1919 786 1954 evisceratus
808 1919 926 1954 latere
950 1919 1156 1964 penderes»
1175 1920 1219 1954 ut
1238 1919 1293 1954 ait
1310 1919 1376 1954 ille
1396 1930 1510 1955 «saxa
1529 1921 1648 1965 (363).
1666 1949 1672 1954 .
1695 1921 1798 1956 sanie
1819 1923 1857 1956 et

289 1974 354 2018 (et
372 1985 466 2007 unus
487 1973 614 2019 Basil.)
638 1985 664 2007 s.
687 1973 819 2008 atro».'
834 1972 933 2007 Ante
958 1972 1206 2019 naufragio
1231 1972 1271 2008 in
1291 1972 1504 2008 Basilicano
1524 1974 1629 2008 vetus
1650 1973 1855 2010 scholiasta

289 2026 490 2071 adscripsit
505 2027 515 2043 ‘
524 2037 648 2061 versus
662 2026 776 2061 Ennii
786 2026 809 2060 ³.
882 2026 1026 2061 Nonius
1039 2039 1074 2072 p.
1090 2030 1172 2070 405,
1186 2030 1207 2061 3
1221 2027 1231 2043 ‘
1241 2037 1416 2072 spargere
1428 2027 1673 2062 madefacere.
1689 2027 1853 2063 Lucilius

287 2080 351 2114 lib.
372 2092 434 2114 x1x
454 2081 637 2124 (xxvx111
662 2079 764 2114 Harl.
786 2091 833 2114 m.
854 2091 908 2124 pr.
929 2080 968 2114 et
991 2080 1103 2125 pauci
1129 2081 1238 2124 dett.;
1258 2093 1288 2114 v.
1311 2083 1381 2114 500
1400 2080 1563 2124 Lachm.,
1584 2091 1695 2124 quem
1715 2082 1854 2127 confer)

288 2133 449 2169 «latere.
468 2161 473 2166 .
492 2161 497 2166 .
514 2133 616 2168 atro»
633 2133 756 2178 (363).'
857 2132 1043 2168 Ciceronis
1062 2133 1175 2168 verba
1196 2134 1260 2168 ‘ut
1277 2133 1475 2179 naufragio
1495 2135 1626 2178 pereat
1638 2134 1793 2169 Atreus'
1816 2136 1854 2170 et

290 2187 353 2221 ‘ut
370 2187 412 2220 tu
431 2185 629 2230 naufragio
655 2185 829 2230 expulsus
857 2186 1026 2231 uspiam'
1047 2186 1159 2221 Ennii
1182 2186 1416 2230 sententiam,
1440 2198 1514 2222 non
1536 2187 1648 2222 verba
1670 2188 1709 2222 et
1730 2199 1853 2223 versus

287 2239 425 2274 referre
445 2240 618 2284 apparet:
641 2239 699 2273 cui
724 2239 886 2284 primum
907 2240 953 2274 de
978 2251 1070 2275 nave
1090 2240 1211 2275 fracta
1231 2240 1431 2275 dicendum
1451 2242 1542 2284 erat,
1562 2242 1606 2275 ut
1626 2240 1745 2286 ‘ipse
1765 2253 1791 2276 s.
1808 2242 1851 2276 s.’

287 2293 469 2338 pergeret.
491 2292 546 2327 De
564 2291 672 2327 tabo
693 2293 731 2327 et
750 2293 877 2327 sanie
898 2293 943 2328 cf.
960 2292 995 2328 C.
1009 2293 1065 2328 Gl.
1080 2294 1119 2328 L.
1134 2305 1205 2338 vp.
1221 2296 1301 2336 329,
1316 2297 1370 2328 58.

406 2373 657 2410 AMBRACIA
699 2375 936 2410 Praetextam
962 2386 1042 2411 esse
1067 2376 1201 2411 statuit
1224 2375 1465 2419 Ribbeckius,
1486 2376 1724 2412 Ambraciam
1748 2378 1854 2424 oppi-

288 2430 377 2463 dum
397 2440 420 2464 a
438 2428 568 2463 Fulvio
587 2427 779 2463 Nobiliore
798 2431 1054 2475 expugnatum
1082 2429 1313 2475 intelligens:
1341 2430 1388 2464 de
1411 2429 1546 2474 quibus
1565 2429 1675 2465 rebus
1694 2430 1766 2466 vid.
1789 2442 1853 2466 an-

291 2482 433 2517 nalium
453 2481 517 2515 lib.
532 2494 589 2515 xv.

405 2535 422 2569 I
441 2536 538 2580 (366)
575 2534 720 2569 Nonius
742 2546 777 2579 p.
797 2538 851 2577 87,
868 2539 912 2570 33
935 2536 1057 2571 ‘cluet
1079 2536 1302 2572 nominatur.
1324 2536 1490 2572 Lucilius
1516 2536 1580 2571 lib.
1602 2550 1674 2571 xxx
1694 2539 1777 2582 (869
1798 2538 1852 2583 L.)

289 2600 309 2624 «
325 2617 331 2623 .
349 2617 355 2623 .
370 2599 438 2633 per
458 2589 581 2623 castra
600 2587 782 2623 cluebat».
803 2587 944 2624 Ennius
965 2589 1152 2625 ambratia
1171 2601 1261 2635 «per
1279 2592 1409 2636 gentes
1428 2601 1499 2626 esse
1519 2619 1525 2624 .
1544 2619 1549 2624 .
1571 2590 1850 2626 miserrimum?

407 2760 489 2797 362
504 2770 583 2806 sqq.
602 2759 665 2798 De
683 2762 856 2799 numeris
873 2761 1026 2808 frustra
1045 2763 1236 2810 temptatis
1249 2774 1275 2800 a
1290 2760 1337 2800 G.
1351 2762 1388 2799 I.
1405 2762 1538 2800 Vossio
1558 2762 1632 2809 egit
1650 2761 1851 2800 Bentleius

288 2819 339 2857 ad
358 2818 518 2857 Davisii
539 2819 650 2857 Tusa.
665 2820 763 2867 disp.
779 2821 864 2858 edit.
879 2832 921 2868 p.
940 2829 990 2867 25
1007 2831 1060 2868 sq.
1215 2821 1299 2860 366
1328 2820 1423 2859 Esse
1442 2834 1512 2870 per
1530 2822 1666 2871 gentes
1688 2820 1851 2859 Guietus

286 2877 363 2915 Per
376 2879 513 2928 gentes
526 2877 647 2917 Asiae
660 2878 941 2926 Buechelerus;
960 2891 1042 2918 esse
1055 2881 1160 2918 cluet
1172 2882 1216 2919 ut
1226 2881 1268 2918 in
1283 2881 1559 2940 epiyrammate
1567 2880 1716 2920 Plautii
1728 2875 1849 2933 (le.
