<?xml version="1.0" encoding="UTF-8"?>
<!DOCTYPE html PUBLIC "-//W3C//DTD XHTML 1.0 Transitional//EN"
    "http://www.w3.org/TR/xhtml1/DTD/xhtml1-transitional.dtd">
<html xmlns="http://www.w3.org/1999/xhtml" xml:lang="en" lang="en">
 <head>
  <title>
</title>
<meta http-equiv="Content-Type" content="text/html;charset=utf-8" />
  <meta name='ocr-system' content='tesseract 3.04.00' />
  <meta name='ocr-capabilities' content='ocr_page ocr_carea ocr_par ocr_line ocrx_word'/>
</head>
<body>
  <div class='ocr_page' id='page_1' title='image "./ennianaepoesisre00enniuoft_0357.png"; bbox 0 0 2054 3282; ppageno 0'>
   <div class='ocr_carea' id='block_1_1' title="bbox 778 149 1703 200">
    <p class='ocr_par' dir='ltr' id='par_1_1' title="bbox 778 149 1703 200">
     <span class='ocr_line' id='line_1_1' title="bbox 778 149 1703 200; baseline 0.009 -15"><span class='ocrx_word' id='word_1_1' title='bbox 778 149 1076 187; x_wconf 84' lang='lat' dir='ltr'><strong>ALEXANDER</strong></span> <span class='ocrx_word' id='word_1_2' title='bbox 1621 152 1703 200; x_wconf 82' lang='grc'>129</span> 
     </span>
    </p>
   </div>
   <div class='ocr_carea' id='block_1_2' title="bbox 148 270 1275 529">
    <p class='ocr_par' dir='ltr' id='par_1_2' title="bbox 148 270 1275 529">
     <span class='ocr_line' id='line_1_2' title="bbox 898 270 949 305; baseline 0.02 -1"><span class='ocrx_word' id='word_1_3' title='bbox 898 270 949 305; x_wconf 91' lang='lat' dir='ltr'>IX</span> 
     </span>
     <span class='ocr_line' id='line_1_3' title="bbox 148 330 1101 388; baseline 0.001 -16"><span class='ocrx_word' id='word_1_4' title='bbox 148 331 202 372; x_wconf 82' lang='lat'>72</span> <span class='ocrx_word' id='word_1_5' title='bbox 353 330 388 373; x_wconf 94' lang='grc' dir='ltr'>Ο</span> <span class='ocrx_word' id='word_1_6' title='bbox 414 330 489 374; x_wconf 85' lang='lat' dir='ltr'>lux</span> <span class='ocrx_word' id='word_1_7' title='bbox 515 330 678 386; x_wconf 84' lang='lat' dir='ltr'>Troiae,</span> <span class='ocrx_word' id='word_1_8' title='bbox 704 345 903 388; x_wconf 83' lang='lat' dir='ltr'>germane</span> <span class='ocrx_word' id='word_1_9' title='bbox 930 331 1101 373; x_wconf 87' lang='lat' dir='ltr'>Hector.</span> 
     </span>
     <span class='ocr_line' id='line_1_4' title="bbox 353 401 1191 457; baseline 0 -14"><span class='ocrx_word' id='word_1_10' title='bbox 353 401 463 451; x_wconf 84' lang='lat' dir='ltr'><strong>Quid</strong></span> <span class='ocrx_word' id='word_1_11' title='bbox 496 403 556 444; x_wconf 90' lang='lat' dir='ltr'>ita</span> <span class='ocrx_word' id='word_1_12' title='bbox 581 417 678 444; x_wconf 91' lang='lat' dir='ltr'>cum</span> <span class='ocrx_word' id='word_1_13' title='bbox 703 405 779 445; x_wconf 93' lang='lat' dir='ltr'>tuo</span> <span class='ocrx_word' id='word_1_14' title='bbox 804 401 990 445; x_wconf 87' lang='lat' dir='ltr'>lacerato</span> <span class='ocrx_word' id='word_1_15' title='bbox 1016 416 1191 457; x_wconf 86' lang='lat' dir='ltr'>corpore</span> 
     </span>
     <span class='ocr_line' id='line_1_5' title="bbox 148 473 1275 529; baseline 0 -15"><span class='ocrx_word' id='word_1_16' title='bbox 148 473 202 514; x_wconf 84' lang='lat'>74</span> <span class='ocrx_word' id='word_1_17' title='bbox 351 473 482 515; x_wconf 83' lang='lat' dir='ltr'><strong>Miser</strong></span> <span class='ocrx_word' id='word_1_18' title='bbox 506 487 558 529; x_wconf 83' lang='lat' dir='ltr'>es,</span> <span class='ocrx_word' id='word_1_19' title='bbox 584 476 657 515; x_wconf 87' lang='lat' dir='ltr'>aut</span> <span class='ocrx_word' id='word_1_20' title='bbox 684 474 758 529; x_wconf 84' lang='lat' dir='ltr'>qui</span> <span class='ocrx_word' id='word_1_21' title='bbox 783 476 825 515; x_wconf 85' lang='lat' dir='ltr'>te</span> <span class='ocrx_word' id='word_1_22' title='bbox 851 474 912 515; x_wconf 84' lang='lat' dir='ltr'>sic</span> <span class='ocrx_word' id='word_1_23' title='bbox 938 473 1275 528; x_wconf 76' lang='lat' dir='ltr'>respectantibus</span> 
     </span>
    </p>
   </div>
   <div class='ocr_carea' id='block_1_3' title="bbox 353 544 786 587">
    <p class='ocr_par' dir='ltr' id='par_1_3' title="bbox 353 544 786 587">
     <span class='ocr_line' id='line_1_6' title="bbox 353 544 786 587; baseline 0 0"><span class='ocrx_word' id='word_1_24' title='bbox 353 544 604 587; x_wconf 86' lang='lat' dir='ltr'>Tractavere</span> <span class='ocrx_word' id='word_1_25' title='bbox 629 545 754 587; x_wconf 89' lang='lat' dir='ltr'>nobis</span> <span class='ocrx_word' id='word_1_26' title='bbox 765 544 786 586; x_wconf 68' lang='lat' dir='ltr'><em>P</em></span> 
     </span>
    </p>
   </div>
   <div class='ocr_carea' id='block_1_4' title="bbox 148 649 1535 839">
    <p class='ocr_par' dir='ltr' id='par_1_4' title="bbox 148 649 1535 839">
     <span class='ocr_line' id='line_1_7' title="bbox 912 649 945 684; baseline 0 0"><span class='ocrx_word' id='word_1_27' title='bbox 912 649 945 684; x_wconf 94' lang='lat' dir='ltr'>X</span> 
     </span>
     <span class='ocr_line' id='line_1_8' title="bbox 148 696 1535 767; baseline 0.001 -15"><span class='ocrx_word' id='word_1_28' title='bbox 148 711 202 752; x_wconf 82' lang='lat'>76</span> <span class='ocrx_word' id='word_1_29' title='bbox 233 710 346 754; x_wconf 89' lang='lat' dir='ltr'>Nam</span> <span class='ocrx_word' id='word_1_30' title='bbox 371 712 558 754; x_wconf 86' lang='lat' dir='ltr'>maximo</span> <span class='ocrx_word' id='word_1_31' title='bbox 586 713 698 754; x_wconf 90' lang='lat' dir='ltr'>saltu</span> <span class='ocrx_word' id='word_1_32' title='bbox 724 711 936 766; x_wconf 83' lang='lat' dir='ltr'>superabit</span> <span class='ocrx_word' id='word_1_33' title='bbox 962 711 1162 767; x_wconf 84' lang='lat' dir='ltr'>gravidus</span> <span class='ocrx_word' id='word_1_34' title='bbox 1189 696 1364 753; x_wconf 73' lang='lat' dir='ltr'>armatis</span> <span class='ocrx_word' id='word_1_35' title='bbox 1390 726 1535 767; x_wconf 88' lang='lat' dir='ltr'>equus,</span> 
     </span>
     <span class='ocr_line' id='line_1_9' title="bbox 235 781 1141 839; baseline -0.001 -14"><span class='ocrx_word' id='word_1_36' title='bbox 235 782 318 833; x_wconf 88' lang='lat' dir='ltr'>Qui</span> <span class='ocrx_word' id='word_1_37' title='bbox 344 798 420 826; x_wconf 89' lang='lat' dir='ltr'>suo</span> <span class='ocrx_word' id='word_1_38' title='bbox 446 786 574 838; x_wconf 87' lang='lat' dir='ltr'>partu</span> <span class='ocrx_word' id='word_1_39' title='bbox 600 783 731 825; x_wconf 89' lang='lat' dir='ltr'>ardua</span> <span class='ocrx_word' id='word_1_40' title='bbox 755 783 906 837; x_wconf 89' lang='lat' dir='ltr'>perdat</span> <span class='ocrx_word' id='word_1_41' title='bbox 931 781 1141 839; x_wconf 86' lang='lat' dir='ltr'>Pergama</span> 
     </span>
    </p>
   </div>
   <div class='ocr_carea' id='block_1_5' title="bbox 148 887 1533 1004">
    <p class='ocr_par' dir='ltr' id='par_1_5' title="bbox 148 887 1533 1004">
     <span class='ocr_line' id='line_1_10' title="bbox 904 887 954 922; baseline -0.02 0"><span class='ocrx_word' id='word_1_42' title='bbox 904 887 954 922; x_wconf 92' lang='lat' dir='ltr'>XI</span> 
     </span>
     <span class='ocr_line' id='line_1_11' title="bbox 148 948 1533 1004; baseline 0.001 -15"><span class='ocrx_word' id='word_1_43' title='bbox 148 948 202 989; x_wconf 83' lang='lat'>78</span> <span class='ocrx_word' id='word_1_44' title='bbox 1059 949 1218 990; x_wconf 85' lang='lat' dir='ltr'>amidio</span> <span class='ocrx_word' id='word_1_45' title='bbox 1244 964 1376 1004; x_wconf 88' lang='lat' dir='ltr'>purus</span> <span class='ocrx_word' id='word_1_46' title='bbox 1402 952 1533 1004; x_wconf 87' lang='lat' dir='ltr'>putus</span> 
     </span>
    </p>
   </div>
   <div class='ocr_carea' id='block_1_6' title="bbox 146 1082 1716 2200">
    <p class='ocr_par' dir='ltr' id='par_1_6' title="bbox 146 1082 1715 1342">
     <span class='ocr_line' id='line_1_12' title="bbox 146 1082 1714 1130; baseline 0.001 -13"><span class='ocrx_word' id='word_1_47' title='bbox 146 1083 232 1128; x_wconf 90' lang='lat' dir='ltr'>post</span> <span class='ocrx_word' id='word_1_48' title='bbox 256 1082 323 1118; x_wconf 91' lang='lat' dir='ltr'>illa</span> <span class='ocrx_word' id='word_1_49' title='bbox 347 1083 468 1129; x_wconf 85' lang='lat' dir='ltr'>prima</span> <span class='ocrx_word' id='word_1_50' title='bbox 495 1092 590 1129; x_wconf 91' lang='lat' dir='ltr'>quae</span> <span class='ocrx_word' id='word_1_51' title='bbox 611 1082 816 1119; x_wconf 86' lang='lat' dir='ltr'>afferuntur</span> <span class='ocrx_word' id='word_1_52' title='bbox 836 1086 880 1118; x_wconf 83' lang='lat'>59</span> <span class='ocrx_word' id='word_1_53' title='bbox 901 1085 938 1118; x_wconf 86' lang='lat' dir='ltr'>et</span> <span class='ocrx_word' id='word_1_54' title='bbox 957 1085 1025 1118; x_wconf 91' lang='lat' dir='ltr'>cet.</span> <span class='ocrx_word' id='word_1_55' title='bbox 1048 1083 1137 1129; x_wconf 89' lang='lat' dir='ltr'>quia</span> <span class='ocrx_word' id='word_1_56' title='bbox 1162 1083 1372 1130; x_wconf 76' lang='lat' dir='ltr'>insequitur</span> <span class='ocrx_word' id='word_1_57' title='bbox 1394 1085 1455 1119; x_wconf 81' lang='lat' dir='ltr'>‘at</span> <span class='ocrx_word' id='word_1_58' title='bbox 1473 1084 1538 1119; x_wconf 87' lang='lat' dir='ltr'>ille</span> <span class='ocrx_word' id='word_1_59' title='bbox 1558 1084 1653 1119; x_wconf 86' lang='lat' dir='ltr'>alter</span> <span class='ocrx_word' id='word_1_60' title='bbox 1674 1084 1714 1119; x_wconf 90' lang='lat' dir='ltr'>in</span> 
     </span>
     <span class='ocr_line' id='line_1_13' title="bbox 147 1135 1714 1184; baseline 0.002 -14"><span class='ocrx_word' id='word_1_61' title='bbox 147 1135 311 1181; x_wconf 85' lang='lat' dir='ltr'>Chryse’‚</span> <span class='ocrx_word' id='word_1_62' title='bbox 333 1147 443 1181; x_wconf 87' lang='lat' dir='ltr'>quem</span> <span class='ocrx_word' id='word_1_63' title='bbox 471 1147 551 1172; x_wconf 88' lang='lat' dir='ltr'>esse</span> <span class='ocrx_word' id='word_1_64' title='bbox 575 1136 778 1172; x_wconf 88' lang='lat' dir='ltr'>Pacuvium</span> <span class='ocrx_word' id='word_1_65' title='bbox 804 1138 960 1181; x_wconf 87' lang='lat' dir='ltr'>constat,</span> <span class='ocrx_word' id='word_1_66' title='bbox 987 1138 1025 1172; x_wconf 92' lang='lat' dir='ltr'>et</span> <span class='ocrx_word' id='word_1_67' title='bbox 1050 1137 1226 1183; x_wconf 80' lang='lat' dir='ltr'>deinceps</span> <span class='ocrx_word' id='word_1_68' title='bbox 1248 1137 1383 1173; x_wconf 87' lang='lat' dir='ltr'>Accius</span> <span class='ocrx_word' id='word_1_69' title='bbox 1411 1137 1557 1181; x_wconf 86' lang='lat' dir='ltr'>citatur,</span> <span class='ocrx_word' id='word_1_70' title='bbox 1578 1137 1714 1184; x_wconf 84' lang='lat' dir='ltr'>proba-</span> 
     </span>
     <span class='ocr_line' id='line_1_14' title="bbox 146 1189 1715 1236; baseline 0.001 -12"><span class='ocrx_word' id='word_1_71' title='bbox 146 1189 222 1225; x_wconf 91' lang='lat' dir='ltr'>bile</span> <span class='ocrx_word' id='word_1_72' title='bbox 242 1189 293 1233; x_wconf 89' lang='lat' dir='ltr'>fit,</span> <span class='ocrx_word' id='word_1_73' title='bbox 315 1190 379 1235; x_wconf 91' lang='lat' dir='ltr'>qui</span> <span class='ocrx_word' id='word_1_74' title='bbox 399 1190 537 1226; x_wconf 89' lang='lat' dir='ltr'>dicitur</span> <span class='ocrx_word' id='word_1_75' title='bbox 553 1190 673 1226; x_wconf 79' lang='lat' dir='ltr'>‘idem</span> <span class='ocrx_word' id='word_1_76' title='bbox 690 1191 824 1236; x_wconf 87' lang='lat' dir='ltr'>poeta’</span> <span class='ocrx_word' id='word_1_77' title='bbox 844 1190 1006 1226; x_wconf 85' lang='lat' dir='ltr'>Ennium</span> <span class='ocrx_word' id='word_1_78' title='bbox 1026 1201 1121 1234; x_wconf 86' lang='lat' dir='ltr'>esse3</span> <span class='ocrx_word' id='word_1_79' title='bbox 1146 1191 1246 1236; x_wconf 89' lang='lat' dir='ltr'>quod</span> <span class='ocrx_word' id='word_1_80' title='bbox 1266 1191 1297 1226; x_wconf 88' lang='lat' dir='ltr'>si</span> <span class='ocrx_word' id='word_1_81' title='bbox 1317 1192 1383 1235; x_wconf 86' lang='lat' dir='ltr'>est,</span> <span class='ocrx_word' id='word_1_82' title='bbox 1404 1202 1472 1226; x_wconf 89' lang='lat' dir='ltr'>nec</span> <span class='ocrx_word' id='word_1_83' title='bbox 1493 1191 1715 1226; x_wconf 84' lang='lat' dir='ltr'>dubitarunt</span> 
     </span>
     <span class='ocr_line' id='line_1_15' title="bbox 148 1243 1714 1290; baseline 0.002 -13"><span class='ocrx_word' id='word_1_84' title='bbox 148 1243 249 1278; x_wconf 88' lang='lat' dir='ltr'>docti</span> <span class='ocrx_word' id='word_1_85' title='bbox 262 1243 350 1278; x_wconf 90' lang='lat' dir='ltr'>inde</span> <span class='ocrx_word' id='word_1_86' title='bbox 364 1254 386 1278; x_wconf 90' lang='lat' dir='ltr'>a</span> <span class='ocrx_word' id='word_1_87' title='bbox 401 1243 580 1279; x_wconf 83' lang='lat' dir='ltr'>Columna</span> <span class='ocrx_word' id='word_1_88' title='bbox 594 1243 653 1290; x_wconf 88' lang='lat' dir='ltr'>(cf.</span> <span class='ocrx_word' id='word_1_89' title='bbox 668 1244 823 1290; x_wconf 87' lang='lat' dir='ltr'>Bergkii</span> <span class='ocrx_word' id='word_1_90' title='bbox 837 1255 921 1290; x_wconf 92' lang='lat' dir='ltr'>opp.</span> <span class='ocrx_word' id='word_1_91' title='bbox 936 1258 950 1279; x_wconf 94' lang='lat'>1</span> <span class='ocrx_word' id='word_1_92' title='bbox 961 1257 997 1290; x_wconf 85' lang='lat' dir='ltr'>p.</span> <span class='ocrx_word' id='word_1_93' title='bbox 1014 1245 1107 1290; x_wconf 90' lang='lat'>220),</span> <span class='ocrx_word' id='word_1_94' title='bbox 1121 1244 1215 1280; x_wconf 87' lang='lat' dir='ltr'>haec</span> <span class='ocrx_word' id='word_1_95' title='bbox 1229 1245 1300 1280; x_wconf 82' lang='lat' dir='ltr'>sibi</span> <span class='ocrx_word' id='word_1_96' title='bbox 1313 1245 1436 1280; x_wconf 90' lang='lat' dir='ltr'>locum</span> <span class='ocrx_word' id='word_1_97' title='bbox 1449 1245 1488 1280; x_wconf 91' lang='lat' dir='ltr'>in</span> <span class='ocrx_word' id='word_1_98' title='bbox 1502 1245 1714 1280; x_wconf 84' lang='lat' dir='ltr'>Alexandro</span> 
     </span>
     <span class='ocr_line' id='line_1_16' title="bbox 147 1296 446 1342; baseline 0.003 -12"><span class='ocrx_word' id='word_1_99' title='bbox 147 1296 259 1331; x_wconf 88' lang='lat' dir='ltr'>Ennii</span> <span class='ocrx_word' id='word_1_100' title='bbox 278 1299 446 1342; x_wconf 89' lang='lat' dir='ltr'>poscunt.</span> 
     </span>
    </p>

    <p class='ocr_par' dir='ltr' id='par_1_7' title="bbox 147 1350 1714 1494">
     <span class='ocr_line' id='line_1_17' title="bbox 265 1350 1714 1397; baseline 0.001 -12"><span class='ocrx_word' id='word_1_101' title='bbox 265 1350 315 1385; x_wconf 89' lang='lat' dir='ltr'>IX</span> <span class='ocrx_word' id='word_1_102' title='bbox 335 1353 407 1397; x_wconf 87' lang='lat'>(72)</span> <span class='ocrx_word' id='word_1_103' title='bbox 439 1351 650 1387; x_wconf 79' lang='lat' dir='ltr'>Macrobius</span> <span class='ocrx_word' id='word_1_104' title='bbox 672 1352 746 1387; x_wconf 86' lang='lat' dir='ltr'>Sat.</span> <span class='ocrx_word' id='word_1_105' title='bbox 762 1365 799 1388; x_wconf 90' lang='lat' dir='ltr'>v1</span> <span class='ocrx_word' id='word_1_106' title='bbox 813 1356 844 1395; x_wconf 92' lang='lat'>2,</span> <span class='ocrx_word' id='word_1_107' title='bbox 861 1355 904 1387; x_wconf 88' lang='grc'>18</span> <span class='ocrx_word' id='word_1_108' title='bbox 921 1352 956 1387; x_wconf 76' lang='lat' dir='ltr'>‘o</span> <span class='ocrx_word' id='word_1_109' title='bbox 970 1352 1034 1386; x_wconf 86' lang='lat' dir='ltr'>lux</span> <span class='ocrx_word' id='word_1_110' title='bbox 1050 1351 1274 1396; x_wconf 78' lang='lat' dir='ltr'>Dardaniae,</span> <span class='ocrx_word' id='word_1_111' title='bbox 1290 1363 1374 1397; x_wconf 89' lang='lat' dir='ltr'>spes</span> <span class='ocrx_word' id='word_1_112' title='bbox 1389 1364 1409 1388; x_wconf 94' lang='lat' dir='ltr'>o</span> <span class='ocrx_word' id='word_1_113' title='bbox 1424 1352 1606 1387; x_wconf 88' lang='lat' dir='ltr'>fidissima</span> <span class='ocrx_word' id='word_1_114' title='bbox 1619 1352 1714 1387; x_wconf 85' lang='lat' dir='ltr'>Teu-</span> 
     </span>
     <span class='ocr_line' id='line_1_18' title="bbox 147 1405 1711 1451; baseline 0.001 -13"><span class='ocrx_word' id='word_1_115' title='bbox 147 1415 258 1446; x_wconf 88' lang='lat' dir='ltr'>crum,</span> <span class='ocrx_word' id='word_1_116' title='bbox 281 1405 318 1439; x_wconf 89' lang='lat' dir='ltr'>et</span> <span class='ocrx_word' id='word_1_117' title='bbox 337 1405 482 1450; x_wconf 89' lang='lat' dir='ltr'>reliqua</span> <span class='ocrx_word' id='word_1_118' title='bbox 496 1406 598 1451; x_wconf 89' lang='lat' dir='ltr'>(Aen.</span> <span class='ocrx_word' id='word_1_119' title='bbox 615 1419 642 1440; x_wconf 94' lang='lat'>11</span> <span class='ocrx_word' id='word_1_120' title='bbox 657 1407 749 1451; x_wconf 84' lang='lat'>281).</span> <span class='ocrx_word' id='word_1_121' title='bbox 765 1405 906 1440; x_wconf 86' lang='lat' dir='ltr'>Ennius</span> <span class='ocrx_word' id='word_1_122' title='bbox 926 1405 966 1440; x_wconf 89' lang='lat' dir='ltr'>in</span> <span class='ocrx_word' id='word_1_123' title='bbox 986 1405 1197 1441; x_wconf 86' lang='lat' dir='ltr'>Alexandro</span> <span class='ocrx_word' id='word_1_124' title='bbox 1219 1417 1262 1442; x_wconf 89' lang='lat'>«0</span> <span class='ocrx_word' id='word_1_125' title='bbox 1282 1405 1346 1440; x_wconf 83' lang='lat' dir='ltr'>lux</span> <span class='ocrx_word' id='word_1_126' title='bbox 1369 1435 1374 1441; x_wconf 90' lang='lat'>.</span> <span class='ocrx_word' id='word_1_127' title='bbox 1395 1434 1401 1440; x_wconf 85' lang='lat'><em>.</em></span> <span class='ocrx_word' id='word_1_128' title='bbox 1422 1434 1428 1440; x_wconf 92' lang='lat'><strong>.</strong></span> <span class='ocrx_word' id='word_1_129' title='bbox 1445 1407 1551 1442; x_wconf 79' lang='lat' dir='ltr'>miser</span> <span class='ocrx_word' id='word_1_130' title='bbox 1570 1410 1657 1442; x_wconf 89' lang='lat' dir='ltr'>aut.</span> <span class='ocrx_word' id='word_1_131' title='bbox 1679 1434 1684 1440; x_wconf 93' lang='lat'><em>.</em></span> <span class='ocrx_word' id='word_1_132' title='bbox 1706 1434 1711 1440; x_wconf 92' lang='lat'>.</span> 
     </span>
     <span class='ocr_line' id='line_1_19' title="bbox 148 1457 305 1494; baseline 0 -2"><span class='ocrx_word' id='word_1_133' title='bbox 148 1457 305 1494; x_wconf 90' lang='lat' dir='ltr'>nobis».’</span> 
     </span>
    </p>

    <p class='ocr_par' dir='ltr' id='par_1_8' title="bbox 148 1511 1716 1881">
     <span class='ocr_line' id='line_1_20' title="bbox 266 1511 1715 1560; baseline 0.001 -14"><span class='ocrx_word' id='word_1_134' title='bbox 266 1511 300 1546; x_wconf 92' lang='lat' dir='ltr'>X</span> <span class='ocrx_word' id='word_1_135' title='bbox 319 1513 390 1558; x_wconf 88' lang='lat'>(76)</span> <span class='ocrx_word' id='word_1_136' title='bbox 429 1512 640 1548; x_wconf 79' lang='lat' dir='ltr'>Macrobius</span> <span class='ocrx_word' id='word_1_137' title='bbox 661 1512 736 1548; x_wconf 85' lang='lat' dir='ltr'>Sat.</span> <span class='ocrx_word' id='word_1_138' title='bbox 749 1526 786 1548; x_wconf 90' lang='lat' dir='ltr'>V1</span> <span class='ocrx_word' id='word_1_139' title='bbox 806 1517 837 1557; x_wconf 93' lang='lat'>2,</span> <span class='ocrx_word' id='word_1_140' title='bbox 854 1516 897 1548; x_wconf 89' lang='lat'>25</span> <span class='ocrx_word' id='word_1_141' title='bbox 915 1513 1019 1548; x_wconf 81' lang='lat' dir='ltr'>‘cum</span> <span class='ocrx_word' id='word_1_142' title='bbox 1043 1513 1171 1548; x_wconf 86' lang='lat' dir='ltr'>fatalis</span> <span class='ocrx_word' id='word_1_143' title='bbox 1198 1524 1314 1559; x_wconf 88' lang='lat' dir='ltr'>equus</span> <span class='ocrx_word' id='word_1_144' title='bbox 1341 1513 1439 1548; x_wconf 87' lang='lat' dir='ltr'>saltu</span> <span class='ocrx_word' id='word_1_145' title='bbox 1466 1524 1576 1560; x_wconf 87' lang='lat' dir='ltr'>super</span> <span class='ocrx_word' id='word_1_146' title='bbox 1596 1513 1715 1548; x_wconf 84' lang='lat' dir='ltr'>ardua</span> 
     </span>
     <span class='ocr_line' id='line_1_21' title="bbox 148 1564 1714 1613; baseline 0.001 -14"><span class='ocrx_word' id='word_1_147' title='bbox 148 1564 251 1600; x_wconf 90' lang='lat' dir='ltr'>venit</span> <span class='ocrx_word' id='word_1_148' title='bbox 262 1564 445 1612; x_wconf 87' lang='lat' dir='ltr'>Pergama</span> <span class='ocrx_word' id='word_1_149' title='bbox 465 1567 502 1601; x_wconf 87' lang='lat' dir='ltr'>et</span> <span class='ocrx_word' id='word_1_150' title='bbox 522 1568 706 1601; x_wconf 88' lang='lat' dir='ltr'>armatum</span> <span class='ocrx_word' id='word_1_151' title='bbox 725 1567 891 1612; x_wconf 85' lang='lat' dir='ltr'>peditem</span> <span class='ocrx_word' id='word_1_152' title='bbox 905 1567 1028 1613; x_wconf 86' lang='lat' dir='ltr'>gravis</span> <span class='ocrx_word' id='word_1_153' title='bbox 1049 1566 1178 1602; x_wconf 86' lang='lat' dir='ltr'>attulit</span> <span class='ocrx_word' id='word_1_154' title='bbox 1198 1567 1280 1602; x_wconf 88' lang='lat' dir='ltr'>alvo</span> <span class='ocrx_word' id='word_1_155' title='bbox 1295 1566 1398 1613; x_wconf 91' lang='lat' dir='ltr'>(Aen.</span> <span class='ocrx_word' id='word_1_156' title='bbox 1413 1580 1451 1602; x_wconf 92' lang='lat' dir='ltr'>v1</span> <span class='ocrx_word' id='word_1_157' title='bbox 1465 1568 1557 1613; x_wconf 86' lang='lat'>515).</span> <span class='ocrx_word' id='word_1_158' title='bbox 1572 1566 1714 1601; x_wconf 86' lang='lat' dir='ltr'>Ennius</span> 
     </span>
     <span class='ocr_line' id='line_1_22' title="bbox 148 1618 1715 1667; baseline 0.001 -14"><span class='ocrx_word' id='word_1_159' title='bbox 148 1619 187 1653; x_wconf 91' lang='lat' dir='ltr'>in</span> <span class='ocrx_word' id='word_1_160' title='bbox 206 1618 418 1654; x_wconf 81' lang='lat' dir='ltr'>Alexandro</span> <span class='ocrx_word' id='word_1_161' title='bbox 438 1630 548 1656; x_wconf 89' lang='lat' dir='ltr'>«nam</span> <span class='ocrx_word' id='word_1_162' title='bbox 566 1620 728 1655; x_wconf 87' lang='lat' dir='ltr'>maximo</span> <span class='ocrx_word' id='word_1_163' title='bbox 749 1622 883 1666; x_wconf 88' lang='lat' dir='ltr'>(nunc</span> <span class='ocrx_word' id='word_1_164' title='bbox 902 1620 1095 1655; x_wconf 84' lang='lat' dir='ltr'>maxima</span> <span class='ocrx_word' id='word_1_165' title='bbox 1107 1620 1204 1666; x_wconf 90' lang='lat' dir='ltr'>Par.)</span> <span class='ocrx_word' id='word_1_166' title='bbox 1220 1633 1245 1655; x_wconf 90' lang='lat' dir='ltr'>s.</span> <span class='ocrx_word' id='word_1_167' title='bbox 1260 1621 1449 1665; x_wconf 73' lang='lat' dir='ltr'>superavit</span> <span class='ocrx_word' id='word_1_168' title='bbox 1465 1621 1639 1667; x_wconf 76' lang='lat' dir='ltr'>yravibus</span> <span class='ocrx_word' id='word_1_169' title='bbox 1659 1631 1715 1655; x_wconf 88' lang='lat' dir='ltr'>ar-</span> 
     </span>
     <span class='ocr_line' id='line_1_23' title="bbox 149 1672 1715 1720; baseline 0.001 -14"><span class='ocrx_word' id='word_1_170' title='bbox 149 1672 259 1707; x_wconf 88' lang='lat' dir='ltr'>matis</span> <span class='ocrx_word' id='word_1_171' title='bbox 280 1673 452 1718; x_wconf 84' lang='lat' dir='ltr'>&lt;gravis</span> <span class='ocrx_word' id='word_1_172' title='bbox 479 1675 679 1708; x_wconf 87' lang='lat' dir='ltr'>armatus</span> <span class='ocrx_word' id='word_1_173' title='bbox 701 1673 848 1720; x_wconf 84' lang='lat' dir='ltr'>Salisb.)</span> <span class='ocrx_word' id='word_1_174' title='bbox 870 1702 876 1708; x_wconf 91' lang='lat'>.</span> <span class='ocrx_word' id='word_1_175' title='bbox 894 1702 900 1708; x_wconf 95' lang='lat'>.</span> <span class='ocrx_word' id='word_1_176' title='bbox 918 1702 924 1708; x_wconf 93' lang='lat'>.</span> <span class='ocrx_word' id='word_1_177' title='bbox 945 1674 1178 1720; x_wconf 86' lang='lat' dir='ltr'>Pergama».&#39;</span> <span class='ocrx_word' id='word_1_178' title='bbox 1305 1673 1409 1708; x_wconf 88' lang='lat' dir='ltr'>Idem</span> <span class='ocrx_word' id='word_1_179' title='bbox 1428 1672 1519 1708; x_wconf 84' lang='lat' dir='ltr'>ibid.</span> <span class='ocrx_word' id='word_1_180' title='bbox 1537 1686 1579 1707; x_wconf 95' lang='lat'>111</span> <span class='ocrx_word' id='word_1_181' title='bbox 1600 1676 1653 1715; x_wconf 86' lang='lat'>13,</span> <span class='ocrx_word' id='word_1_182' title='bbox 1672 1677 1715 1707; x_wconf 84' lang='lat'>13</span> 
     </span>
     <span class='ocr_line' id='line_1_24' title="bbox 151 1725 1716 1774; baseline 0.001 -14"><span class='ocrx_word' id='word_1_183' title='bbox 151 1725 292 1761; x_wconf 81' lang='lat' dir='ltr'>‘Titius</span> <span class='ocrx_word' id='word_1_184' title='bbox 312 1725 352 1760; x_wconf 90' lang='lat' dir='ltr'>in</span> <span class='ocrx_word' id='word_1_185' title='bbox 371 1726 544 1762; x_wconf 87' lang='lat' dir='ltr'>suasione</span> <span class='ocrx_word' id='word_1_186' title='bbox 562 1726 657 1774; x_wconf 84' lang='lat' dir='ltr'>legis</span> <span class='ocrx_word' id='word_1_187' title='bbox 678 1727 843 1762; x_wconf 85' lang='lat' dir='ltr'>Fanniae</span> <span class='ocrx_word' id='word_1_188' title='bbox 870 1727 1001 1762; x_wconf 89' lang='lat' dir='ltr'>obiicit</span> <span class='ocrx_word' id='word_1_189' title='bbox 1027 1727 1174 1762; x_wconf 87' lang='lat' dir='ltr'>saeculo</span> <span class='ocrx_word' id='word_1_190' title='bbox 1198 1738 1274 1769; x_wconf 87' lang='lat' dir='ltr'>suo,</span> <span class='ocrx_word' id='word_1_191' title='bbox 1296 1727 1396 1772; x_wconf 92' lang='lat' dir='ltr'>quod</span> <span class='ocrx_word' id='word_1_192' title='bbox 1415 1738 1569 1772; x_wconf 89' lang='lat' dir='ltr'>porcum</span> <span class='ocrx_word' id='word_1_193' title='bbox 1589 1726 1716 1762; x_wconf 88' lang='lat' dir='ltr'>Troia-</span> 
     </span>
     <span class='ocr_line' id='line_1_25' title="bbox 148 1779 1715 1826; baseline 0.001 -13"><span class='ocrx_word' id='word_1_194' title='bbox 148 1790 238 1814; x_wconf 89' lang='lat' dir='ltr'>num</span> <span class='ocrx_word' id='word_1_195' title='bbox 262 1779 399 1815; x_wconf 85' lang='lat' dir='ltr'>mensis</span> <span class='ocrx_word' id='word_1_196' title='bbox 423 1779 597 1824; x_wconf 85' lang='lat' dir='ltr'>inferant,</span> <span class='ocrx_word' id='word_1_197' title='bbox 620 1791 730 1826; x_wconf 87' lang='lat' dir='ltr'>quem</span> <span class='ocrx_word' id='word_1_198' title='bbox 754 1781 812 1816; x_wconf 90' lang='lat' dir='ltr'>illi</span> <span class='ocrx_word' id='word_1_199' title='bbox 837 1781 923 1816; x_wconf 87' lang='lat' dir='ltr'>ideo</span> <span class='ocrx_word' id='word_1_200' title='bbox 944 1781 996 1816; x_wconf 86' lang='lat' dir='ltr'>sic</span> <span class='ocrx_word' id='word_1_201' title='bbox 1016 1781 1209 1824; x_wconf 83' lang='lat' dir='ltr'>vocabant,</span> <span class='ocrx_word' id='word_1_202' title='bbox 1231 1780 1339 1825; x_wconf 85' lang='lat' dir='ltr'>quasi</span> <span class='ocrx_word' id='word_1_203' title='bbox 1359 1780 1443 1815; x_wconf 89' lang='lat' dir='ltr'>aliis</span> <span class='ocrx_word' id='word_1_204' title='bbox 1462 1780 1616 1815; x_wconf 88' lang='lat' dir='ltr'>inclusis</span> <span class='ocrx_word' id='word_1_205' title='bbox 1637 1780 1715 1814; x_wconf 86' lang='lat' dir='ltr'>ani-</span> 
     </span>
     <span class='ocr_line' id='line_1_26' title="bbox 148 1832 1546 1881; baseline 0.001 -14"><span class='ocrx_word' id='word_1_206' title='bbox 148 1832 309 1868; x_wconf 88' lang='lat' dir='ltr'>malibus</span> <span class='ocrx_word' id='word_1_207' title='bbox 329 1833 534 1879; x_wconf 77' lang='lat' dir='ltr'>gravidum,</span> <span class='ocrx_word' id='word_1_208' title='bbox 554 1835 598 1870; x_wconf 89' lang='lat' dir='ltr'>ut</span> <span class='ocrx_word' id='word_1_209' title='bbox 616 1834 680 1870; x_wconf 85' lang='lat' dir='ltr'>ille</span> <span class='ocrx_word' id='word_1_210' title='bbox 700 1835 882 1870; x_wconf 89' lang='lat' dir='ltr'>Troianus</span> <span class='ocrx_word' id='word_1_211' title='bbox 902 1845 1018 1880; x_wconf 89' lang='lat' dir='ltr'>equus</span> <span class='ocrx_word' id='word_1_212' title='bbox 1032 1835 1232 1881; x_wconf 70' lang='lat' dir='ltr'>«qravidus</span> <span class='ocrx_word' id='word_1_213' title='bbox 1251 1834 1428 1870; x_wconf 86' lang='lat' dir='ltr'>armatis»</span> <span class='ocrx_word' id='word_1_214' title='bbox 1448 1833 1546 1868; x_wconf 85' lang='lat' dir='ltr'>fuit.&#39;</span> 
     </span>
    </p>

    <p class='ocr_par' dir='ltr' id='par_1_9' title="bbox 149 1886 1716 2200">
     <span class='ocr_line' id='line_1_27' title="bbox 268 1886 1714 1934; baseline 0.001 -12"><span class='ocrx_word' id='word_1_215' title='bbox 268 1886 318 1922; x_wconf 88' lang='lat' dir='ltr'>XI</span> <span class='ocrx_word' id='word_1_216' title='bbox 337 1888 409 1933; x_wconf 84' lang='lat'>(78)</span> <span class='ocrx_word' id='word_1_217' title='bbox 447 1887 585 1923; x_wconf 88' lang='lat' dir='ltr'>Paulus</span> <span class='ocrx_word' id='word_1_218' title='bbox 605 1888 707 1923; x_wconf 85' lang='lat' dir='ltr'>Festi</span> <span class='ocrx_word' id='word_1_219' title='bbox 725 1901 761 1934; x_wconf 91' lang='lat' dir='ltr'>p.</span> <span class='ocrx_word' id='word_1_220' title='bbox 778 1892 856 1931; x_wconf 87' lang='grc'>271,</span> <span class='ocrx_word' id='word_1_221' title='bbox 873 1892 893 1924; x_wconf 89' lang='grc'><strong>6</strong></span> <span class='ocrx_word' id='word_1_222' title='bbox 908 1888 973 1923; x_wconf 88' lang='lat' dir='ltr'>Th.</span> <span class='ocrx_word' id='word_1_223' title='bbox 995 1889 1127 1934; x_wconf 85' lang='lat' dir='ltr'>‘putus</span> <span class='ocrx_word' id='word_1_224' title='bbox 1154 1887 1302 1933; x_wconf 86' lang='lat' dir='ltr'>antiqui</span> <span class='ocrx_word' id='word_1_225' title='bbox 1328 1887 1505 1923; x_wconf 88' lang='lat' dir='ltr'>dicebant</span> <span class='ocrx_word' id='word_1_226' title='bbox 1523 1898 1591 1934; x_wconf 92' lang='lat' dir='ltr'>pro</span> <span class='ocrx_word' id='word_1_227' title='bbox 1610 1898 1714 1933; x_wconf 86' lang='lat' dir='ltr'>puro,</span> 
     </span>
     <span class='ocr_line' id='line_1_28' title="bbox 149 1940 1713 1987; baseline 0.001 -12"><span class='ocrx_word' id='word_1_228' title='bbox 149 1940 248 1976; x_wconf 89' lang='lat' dir='ltr'>unde</span> <span class='ocrx_word' id='word_1_229' title='bbox 261 1941 417 1986; x_wconf 89' lang='lat' dir='ltr'>putatae</span> <span class='ocrx_word' id='word_1_230' title='bbox 430 1941 525 1977; x_wconf 88' lang='lat' dir='ltr'>vites</span> <span class='ocrx_word' id='word_1_231' title='bbox 539 1943 577 1977; x_wconf 88' lang='lat' dir='ltr'>et</span> <span class='ocrx_word' id='word_1_232' title='bbox 590 1941 750 1985; x_wconf 89' lang='lat' dir='ltr'>arbores,</span> <span class='ocrx_word' id='word_1_233' title='bbox 766 1942 865 1987; x_wconf 86' lang='lat' dir='ltr'>quod</span> <span class='ocrx_word' id='word_1_234' title='bbox 880 1941 1014 1977; x_wconf 90' lang='lat' dir='ltr'>decisis</span> <span class='ocrx_word' id='word_1_235' title='bbox 1029 1941 1297 1987; x_wconf 88' lang='lat' dir='ltr'>inpedimentis</span> <span class='ocrx_word' id='word_1_236' title='bbox 1315 1942 1552 1977; x_wconf 86' lang='lat' dir='ltr'>remanerent</span> <span class='ocrx_word' id='word_1_237' title='bbox 1569 1941 1713 1987; x_wconf 88' lang='lat' dir='ltr'>purae.&#39;</span> 
     </span>
     <span class='ocr_line' id='line_1_29' title="bbox 149 1994 1713 2043; baseline 0 -14"><span class='ocrx_word' id='word_1_238' title='bbox 149 1994 281 2030; x_wconf 86' lang='lat' dir='ltr'>Festus</span> <span class='ocrx_word' id='word_1_239' title='bbox 297 1994 355 2021; x_wconf 85' lang='lat'>‘—</span> <span class='ocrx_word' id='word_1_240' title='bbox 373 1995 377 2042; x_wconf 81' lang='lat'>1</span> <span class='ocrx_word' id='word_1_241' title='bbox 395 1994 568 2040; x_wconf 86' lang='lat' dir='ltr'>antiquos</span> <span class='ocrx_word' id='word_1_242' title='bbox 586 2017 629 2021; x_wconf 93' lang='lat'><em>-</em></span> <span class='ocrx_word' id='word_1_243' title='bbox 651 2017 695 2021; x_wconf 98' lang='lat'><strong>—</strong></span> <span class='ocrx_word' id='word_1_244' title='bbox 713 1995 717 2042; x_wconf 76' lang='grc' dir='ltr'>Ι</span> <span class='ocrx_word' id='word_1_245' title='bbox 734 1995 907 2031; x_wconf 88' lang='lat' dir='ltr'>dicisium</span> <span class='ocrx_word' id='word_1_246' title='bbox 928 1997 984 2030; x_wconf 89' lang='lat' dir='ltr'>est</span> <span class='ocrx_word' id='word_1_247' title='bbox 998 1995 1063 2041; x_wconf 89' lang='lat' dir='ltr'>(id)</span> <span class='ocrx_word' id='word_1_248' title='bbox 1085 2017 1128 2021; x_wconf 86' lang='lat'>—-</span> <span class='ocrx_word' id='word_1_249' title='bbox 1150 2016 1193 2022; x_wconf 90' lang='lat'>—</span> <span class='ocrx_word' id='word_1_250' title='bbox 1211 1996 1215 2043; x_wconf 78' lang='lat' dir='ltr'>l</span> <span class='ocrx_word' id='word_1_251' title='bbox 1231 1995 1333 2030; x_wconf 90' lang='lat' dir='ltr'>nifici</span> <span class='ocrx_word' id='word_1_252' title='bbox 1353 1995 1408 2030; x_wconf 90' lang='lat' dir='ltr'>ait</span> <span class='ocrx_word' id='word_1_253' title='bbox 1427 1995 1575 2040; x_wconf 88' lang='lat' dir='ltr'>ne(que)</span> <span class='ocrx_word' id='word_1_254' title='bbox 1592 2015 1633 2020; x_wconf 88' lang='lat'>——</span> <span class='ocrx_word' id='word_1_255' title='bbox 1650 2015 1693 2020; x_wconf 88' lang='lat'>-—</span> <span class='ocrx_word' id='word_1_256' title='bbox 1709 1994 1713 2041; x_wconf 66' lang='grc'>1</span> 
     </span>
     <span class='ocr_line' id='line_1_30' title="bbox 150 2047 1716 2095; baseline 0 -13"><span class='ocrx_word' id='word_1_257' title='bbox 150 2048 190 2083; x_wconf 91' lang='lat' dir='ltr'>in</span> <span class='ocrx_word' id='word_1_258' title='bbox 210 2047 438 2094; x_wconf 83' lang='lat' dir='ltr'>alexandr(o)</span> <span class='ocrx_word' id='word_1_259' title='bbox 453 2069 497 2075; x_wconf 89' lang='lat'><strong>—</strong></span> <span class='ocrx_word' id='word_1_260' title='bbox 514 2069 555 2074; x_wconf 91' lang='lat'>-—</span> <span class='ocrx_word' id='word_1_261' title='bbox 573 2048 577 2095; x_wconf 89' lang='grc' dir='ltr'>Ι</span> <span class='ocrx_word' id='word_1_262' title='bbox 595 2048 734 2084; x_wconf 89' lang='lat' dir='ltr'>amidio</span> <span class='ocrx_word' id='word_1_263' title='bbox 754 2060 868 2095; x_wconf 83' lang='lat' dir='ltr'>purus</span> <span class='ocrx_word' id='word_1_264' title='bbox 881 2049 977 2094; x_wconf 86' lang='lat' dir='ltr'>p(ut)</span> <span class='ocrx_word' id='word_1_265' title='bbox 989 2049 1084 2084; x_wconf 83' lang='lat'>—».&#39;</span> <span class='ocrx_word' id='word_1_266' title='bbox 1184 2047 1327 2083; x_wconf 83' lang='lat' dir='ltr'>Gellius</span> <span class='ocrx_word' id='word_1_267' title='bbox 1340 2061 1391 2082; x_wconf 95' lang='lat' dir='ltr'>v11</span> <span class='ocrx_word' id='word_1_268' title='bbox 1406 2051 1438 2090; x_wconf 86' lang='lat'>5,</span> <span class='ocrx_word' id='word_1_269' title='bbox 1455 2050 1499 2082; x_wconf 94' lang='grc'>10</span> <span class='ocrx_word' id='word_1_270' title='bbox 1515 2047 1526 2064; x_wconf 79' lang='lat'><em>‘</em></span> <span class='ocrx_word' id='word_1_271' title='bbox 1537 2047 1716 2092; x_wconf 83' lang='lat' dir='ltr'>scriptum</span> 
     </span>
     <span class='ocr_line' id='line_1_31' title="bbox 152 2100 1714 2146; baseline 0 -11"><span class='ocrx_word' id='word_1_272' title='bbox 152 2102 209 2135; x_wconf 87' lang='lat' dir='ltr'>est</span> <span class='ocrx_word' id='word_1_273' title='bbox 228 2102 354 2136; x_wconf 89' lang='lat' dir='ltr'>autem</span> <span class='ocrx_word' id='word_1_274' title='bbox 373 2112 530 2146; x_wconf 70' lang='lat' dir='ltr'>«purum</span> <span class='ocrx_word' id='word_1_275' title='bbox 548 2103 720 2146; x_wconf 87' lang='lat' dir='ltr'>putum».</span> <span class='ocrx_word' id='word_1_276' title='bbox 738 2130 744 2136; x_wconf 95' lang='lat'>.</span> <span class='ocrx_word' id='word_1_277' title='bbox 762 2130 768 2136; x_wconf 93' lang='lat'><strong><em>.</em></strong></span> <span class='ocrx_word' id='word_1_278' title='bbox 785 2113 868 2136; x_wconf 90' lang='lat' dir='ltr'>cum</span> <span class='ocrx_word' id='word_1_279' title='bbox 886 2101 926 2136; x_wconf 91' lang='lat' dir='ltr'>in</span> <span class='ocrx_word' id='word_1_280' title='bbox 944 2101 1073 2136; x_wconf 87' lang='lat' dir='ltr'>multis</span> <span class='ocrx_word' id='word_1_281' title='bbox 1094 2101 1178 2136; x_wconf 86' lang='lat' dir='ltr'>aliis</span> <span class='ocrx_word' id='word_1_282' title='bbox 1198 2102 1363 2136; x_wconf 89' lang='lat' dir='ltr'>veterum</span> <span class='ocrx_word' id='word_1_283' title='bbox 1382 2100 1499 2143; x_wconf 89' lang='lat' dir='ltr'>libris,</span> <span class='ocrx_word' id='word_1_284' title='bbox 1520 2101 1600 2136; x_wconf 90' lang='lat' dir='ltr'>tum</span> <span class='ocrx_word' id='word_1_285' title='bbox 1619 2100 1659 2135; x_wconf 88' lang='lat' dir='ltr'>in</span> <span class='ocrx_word' id='word_1_286' title='bbox 1674 2100 1714 2142; x_wconf 80' lang='lat' dir='ltr'>Q.</span> 
     </span>
     <span class='ocr_line' id='line_1_32' title="bbox 152 2154 1251 2200; baseline 0 -11"><span class='ocrx_word' id='word_1_287' title='bbox 152 2164 299 2200; x_wconf 87' lang='lat' dir='ltr'>quoque</span> <span class='ocrx_word' id='word_1_288' title='bbox 319 2154 431 2189; x_wconf 88' lang='lat' dir='ltr'>Ennii</span> <span class='ocrx_word' id='word_1_289' title='bbox 450 2154 646 2200; x_wconf 85' lang='lat' dir='ltr'>tragoedia</span> <span class='ocrx_word' id='word_1_290' title='bbox 665 2165 761 2199; x_wconf 90' lang='lat' dir='ltr'>quae</span> <span class='ocrx_word' id='word_1_291' title='bbox 779 2154 996 2191; x_wconf 83' lang='lat' dir='ltr'>inscribitur</span> <span class='ocrx_word' id='word_1_292' title='bbox 1013 2154 1251 2190; x_wconf 82' lang='lat' dir='ltr'>Alexander.&#39;</span> 
     </span>
    </p>
   </div>
   <div class='ocr_carea' id='block_1_7' title="bbox 152 2241 435 2246">
    <p class='ocr_par' dir='ltr' id='par_1_10' title="bbox 152 2241 435 2246">
     <span class='ocr_line' id='line_1_33' title="bbox 152 2241 435 2246; baseline 0 0"><span class='ocrx_word' id='word_1_293' title='bbox 152 2241 435 2246; x_wconf 95' lang='lat' dir='ltr'> </span> 
     </span>
    </p>
   </div>
   <div class='ocr_carea' id='block_1_8' title="bbox 146 2300 1717 2954">
    <p class='ocr_par' dir='ltr' id='par_1_11' title="bbox 146 2300 1717 2593">
     <span class='ocr_line' id='line_1_34' title="bbox 274 2300 1715 2355; baseline 0.001 -13"><span class='ocrx_word' id='word_1_294' title='bbox 274 2305 296 2342; x_wconf 88' lang='lat'>7</span> <span class='ocrx_word' id='word_1_295' title='bbox 303 2304 326 2342; x_wconf 89' lang='lat'><strong>3</strong></span> <span class='ocrx_word' id='word_1_296' title='bbox 349 2316 438 2343; x_wconf 86' lang='lat' dir='ltr'>eum</span> <span class='ocrx_word' id='word_1_297' title='bbox 453 2305 481 2343; x_wconf 92' lang='lat' dir='ltr'>t.</span> <span class='ocrx_word' id='word_1_298' title='bbox 496 2304 669 2343; x_wconf 87' lang='lat' dir='ltr'>lacerato</span> <span class='ocrx_word' id='word_1_299' title='bbox 690 2315 851 2355; x_wconf 88' lang='lat' dir='ltr'>corpore</span> <span class='ocrx_word' id='word_1_300' title='bbox 870 2304 1066 2342; x_wconf 71' lang='lat' dir='ltr'>vindicavi</span> <span class='ocrx_word' id='word_1_301' title='bbox 1084 2315 1181 2342; x_wconf 82' lang='lat' dir='ltr'>mus.</span> <span class='ocrx_word' id='word_1_302' title='bbox 1193 2303 1316 2342; x_wconf 71' lang='lat' dir='ltr'>Rhea.</span> <span class='ocrx_word' id='word_1_303' title='bbox 1330 2314 1400 2342; x_wconf 85' lang='lat' dir='ltr'>x1v</span> <span class='ocrx_word' id='word_1_304' title='bbox 1413 2315 1455 2351; x_wconf 76' lang='lat' dir='ltr'>P-</span> <span class='ocrx_word' id='word_1_305' title='bbox 1467 2300 1547 2351; x_wconf 85' lang='lat'>567</span> <span class='ocrx_word' id='word_1_306' title='bbox 1565 2303 1611 2341; x_wconf 81' lang='lat' dir='ltr'>de</span> <span class='ocrx_word' id='word_1_307' title='bbox 1627 2315 1715 2343; x_wconf 85' lang='lat' dir='ltr'>cum</span> 
     </span>
     <span class='ocr_line' id='line_1_35' title="bbox 146 2359 1716 2412; baseline -0.001 -11"><span class='ocrx_word' id='word_1_308' title='bbox 146 2364 367 2411; x_wconf 71' lang='lat' dir='ltr'>particulae</span> <span class='ocrx_word' id='word_1_309' title='bbox 391 2375 468 2403; x_wconf 81' lang='lat' dir='ltr'>usu</span> <span class='ocrx_word' id='word_1_310' title='bbox 489 2364 677 2403; x_wconf 63' lang='lat' dir='ltr'>Enniano</span> <span class='ocrx_word' id='word_1_311' title='bbox 703 2375 821 2412; x_wconf 70' lang='lat' dir='ltr'>ayeus</span> <span class='ocrx_word' id='word_1_312' title='bbox 973 2363 1027 2400; x_wconf 80' lang='lat'>74</span> <span class='ocrx_word' id='word_1_313' title='bbox 1054 2375 1094 2402; x_wconf 86' lang='lat' dir='ltr'>es</span> <span class='ocrx_word' id='word_1_314' title='bbox 1121 2363 1258 2402; x_wconf 78' lang='lat' dir='ltr'>addidi</span> <span class='ocrx_word' id='word_1_315' title='bbox 1283 2365 1317 2401; x_wconf 86' lang='lat' dir='ltr'>et</span> <span class='ocrx_word' id='word_1_316' title='bbox 1337 2362 1532 2411; x_wconf 73' lang='lat' dir='ltr'>duplicem</span> <span class='ocrx_word' id='word_1_317' title='bbox 1555 2359 1716 2401; x_wconf 76' lang='lat' dir='ltr'>interro-</span> 
     </span>
     <span class='ocr_line' id='line_1_36' title="bbox 150 2422 1714 2471; baseline -0.001 -10"><span class='ocrx_word' id='word_1_318' title='bbox 150 2424 345 2470; x_wconf 69' lang='lat' dir='ltr'>yationem</span> <span class='ocrx_word' id='word_1_319' title='bbox 363 2424 503 2463; x_wconf 72' lang='lat' dir='ltr'>similis</span> <span class='ocrx_word' id='word_1_320' title='bbox 521 2425 728 2462; x_wconf 72' lang='lat' dir='ltr'>sententiae</span> <span class='ocrx_word' id='word_1_321' title='bbox 746 2423 897 2462; x_wconf 71' lang='lat' dir='ltr'>institui</span> <span class='ocrx_word' id='word_1_322' title='bbox 916 2422 1050 2460; x_wconf 80' lang='lat' dir='ltr'>Herm.</span> <span class='ocrx_word' id='word_1_323' title='bbox 1066 2435 1123 2460; x_wconf 79' lang='grc' dir='ltr'>ΧΠ</span> <span class='ocrx_word' id='word_1_324' title='bbox 1135 2435 1177 2471; x_wconf 72' lang='lat' dir='ltr'>p.</span> <span class='ocrx_word' id='word_1_325' title='bbox 1195 2431 1280 2470; x_wconf 85' lang='lat'>400</span> <span class='ocrx_word' id='word_1_326' title='bbox 1288 2436 1302 2469; x_wconf 88' lang='lat'>,·</span> <span class='ocrx_word' id='word_1_327' title='bbox 1321 2423 1367 2460; x_wconf 81' lang='lat' dir='ltr'>cle</span> <span class='ocrx_word' id='word_1_328' title='bbox 1385 2425 1503 2460; x_wconf 80' lang='lat' dir='ltr'>metro</span> <span class='ocrx_word' id='word_1_329' title='bbox 1523 2422 1606 2460; x_wconf 71' lang='lat' dir='ltr'>dimi</span> <span class='ocrx_word' id='word_1_330' title='bbox 1623 2422 1714 2460; x_wconf 75' lang='lat' dir='ltr'>ibid.</span> 
     </span>
     <span class='ocr_line' id='line_1_37' title="bbox 154 2480 1715 2531; baseline 0 -12"><span class='ocrx_word' id='word_1_331' title='bbox 154 2494 208 2520; x_wconf 81' lang='lat' dir='ltr'>xv</span> <span class='ocrx_word' id='word_1_332' title='bbox 220 2495 262 2530; x_wconf 73' lang='lat' dir='ltr'>p.</span> <span class='ocrx_word' id='word_1_333' title='bbox 281 2480 358 2519; x_wconf 89' lang='lat'>262</span> <span class='ocrx_word' id='word_1_334' title='bbox 380 2495 432 2531; x_wconf 79' lang='lat' dir='ltr'>sq.</span> <span class='ocrx_word' id='word_1_335' title='bbox 587 2483 639 2521; x_wconf 84' lang='lat'>75</span> <span class='ocrx_word' id='word_1_336' title='bbox 662 2483 898 2522; x_wconf 86' lang='lat' dir='ltr'>Tractavere</span> <span class='ocrx_word' id='word_1_337' title='bbox 922 2482 956 2520; x_wconf 76' lang='lat' dir='ltr'>h.</span> <span class='ocrx_word' id='word_1_338' title='bbox 976 2493 1003 2519; x_wconf 83' lang='lat' dir='ltr'>e.</span> <span class='ocrx_word' id='word_1_339' title='bbox 1024 2480 1220 2527; x_wconf 80' lang='grc' dir='ltr'>εἵλκυσαν,</span> <span class='ocrx_word' id='word_1_340' title='bbox 1241 2482 1287 2529; x_wconf 75' lang='lat' dir='ltr'>cf.</span> <span class='ocrx_word' id='word_1_341' title='bbox 1309 2493 1400 2521; x_wconf 69' lang='lat' dir='ltr'>aum.</span> <span class='ocrx_word' id='word_1_342' title='bbox 1423 2490 1497 2529; x_wconf 85' lang='lat'>137</span> <span class='ocrx_word' id='word_1_343' title='bbox 1519 2482 1715 2520; x_wconf 88' lang='lat' dir='ltr'>tractatus</span> 
     </span>
     <span class='ocr_line' id='line_1_38' title="bbox 153 2539 1717 2593; baseline -0.001 -14"><span class='ocrx_word' id='word_1_344' title='bbox 153 2554 223 2591; x_wconf 90' lang='lat' dir='ltr'>per</span> <span class='ocrx_word' id='word_1_345' title='bbox 242 2554 413 2592; x_wconf 87' lang='lat' dir='ltr'>aequora</span> <span class='ocrx_word' id='word_1_346' title='bbox 433 2544 584 2593; x_wconf 89' lang='lat' dir='ltr'>campi,·</span> <span class='ocrx_word' id='word_1_347' title='bbox 597 2542 804 2581; x_wconf 76' lang='lat' dir='ltr'>Lucretius</span> <span class='ocrx_word' id='word_1_348' title='bbox 823 2554 869 2580; x_wconf 89' lang='lat'>111</span> <span class='ocrx_word' id='word_1_349' title='bbox 890 2539 973 2589; x_wconf 81' lang='grc'>889</span> <span class='ocrx_word' id='word_1_350' title='bbox 994 2541 1109 2580; x_wconf 87' lang='lat' dir='ltr'>malis</span> <span class='ocrx_word' id='word_1_351' title='bbox 1128 2553 1338 2591; x_wconf 88' lang='lat' dir='ltr'>morsuque</span> <span class='ocrx_word' id='word_1_352' title='bbox 1358 2541 1532 2580; x_wconf 79' lang='lat' dir='ltr'>ferarum</span> <span class='ocrx_word' id='word_1_353' title='bbox 1551 2540 1717 2579; x_wconf 83' lang='lat' dir='ltr'>tractari</span> 
     </span>
    </p>

    <p class='ocr_par' dir='ltr' id='par_1_12' title="bbox 155 2599 1715 2711">
     <span class='ocr_line' id='line_1_39' title="bbox 277 2599 1715 2651; baseline -0.002 -11"><span class='ocrx_word' id='word_1_354' title='bbox 277 2600 335 2649; x_wconf 82' lang='lat' dir='ltr'>Of.</span> <span class='ocrx_word' id='word_1_355' title='bbox 359 2601 490 2641; x_wconf 77' lang='lat' dir='ltr'>Cicero</span> <span class='ocrx_word' id='word_1_356' title='bbox 507 2614 584 2651; x_wconf 71' lang='lat' dir='ltr'>pro</span> <span class='ocrx_word' id='word_1_357' title='bbox 603 2602 715 2640; x_wconf 77' lang='lat' dir='ltr'>Fout.</span> <span class='ocrx_word' id='word_1_358' title='bbox 740 2611 760 2637; x_wconf 95' lang='lat'>2</span> <span class='ocrx_word' id='word_1_359' title='bbox 774 2610 805 2651; x_wconf 91' lang='lat'>1,</span> <span class='ocrx_word' id='word_1_360' title='bbox 825 2599 878 2648; x_wconf 87' lang='lat'>46</span> <span class='ocrx_word' id='word_1_361' title='bbox 901 2600 947 2639; x_wconf 92' lang='lat' dir='ltr'>de</span> <span class='ocrx_word' id='word_1_362' title='bbox 966 2602 1105 2649; x_wconf 84' lang='lat' dir='ltr'>matris</span> <span class='ocrx_word' id='word_1_363' title='bbox 1132 2601 1338 2651; x_wconf 89' lang='lat' dir='ltr'>complexu</span> <span class='ocrx_word' id='word_1_364' title='bbox 1356 2601 1467 2640; x_wconf 89' lang='lat' dir='ltr'>vobis</span> <span class='ocrx_word' id='word_1_365' title='bbox 1492 2601 1715 2650; x_wconf 86' lang='lat' dir='ltr'>inspectan-</span> 
     </span>
     <span class='ocr_line' id='line_1_40' title="bbox 155 2659 1715 2711; baseline -0.001 -13"><span class='ocrx_word' id='word_1_366' title='bbox 155 2660 260 2699; x_wconf 86' lang='lat' dir='ltr'>tibus</span> <span class='ocrx_word' id='word_1_367' title='bbox 282 2661 446 2708; x_wconf 62' lang='lat' dir='ltr'>wellet,-</span> <span class='ocrx_word' id='word_1_368' title='bbox 464 2663 566 2700; x_wconf 71' lang='lat' dir='ltr'>idem</span> <span class='ocrx_word' id='word_1_369' title='bbox 585 2662 631 2700; x_wconf 75' lang='lat' dir='ltr'>de</span> <span class='ocrx_word' id='word_1_370' title='bbox 649 2663 739 2710; x_wconf 71' lang='lat' dir='ltr'>imp.</span> <span class='ocrx_word' id='word_1_371' title='bbox 758 2660 825 2699; x_wconf 75' lang='lat' dir='ltr'>Cu.</span> <span class='ocrx_word' id='word_1_372' title='bbox 840 2661 972 2709; x_wconf 70' lang='lat' dir='ltr'>Pomp.</span> <span class='ocrx_word' id='word_1_373' title='bbox 988 2671 1002 2696; x_wconf 93' lang='lat'>1</span> <span class='ocrx_word' id='word_1_374' title='bbox 1013 2669 1048 2710; x_wconf 87' lang='lat'>2,</span> <span class='ocrx_word' id='word_1_375' title='bbox 1065 2669 1116 2709; x_wconf 84' lang='lat'>33</span> <span class='ocrx_word' id='word_1_376' title='bbox 1132 2673 1255 2711; x_wconf 88' lang='lat' dir='ltr'>prope</span> <span class='ocrx_word' id='word_1_377' title='bbox 1274 2659 1587 2711; x_wconf 88' lang='lat' dir='ltr'>inspectantibus</span> <span class='ocrx_word' id='word_1_378' title='bbox 1604 2659 1715 2698; x_wconf 86' lang='lat' dir='ltr'>vobis</span> 
     </span>
    </p>

    <p class='ocr_par' dir='ltr' id='par_1_13' title="bbox 156 2718 1717 2954">
     <span class='ocr_line' id='line_1_41' title="bbox 278 2718 1715 2770; baseline -0.001 -13"><span class='ocrx_word' id='word_1_379' title='bbox 278 2721 330 2759; x_wconf 80' lang='lat'>76</span> <span class='ocrx_word' id='word_1_380' title='bbox 358 2720 560 2770; x_wconf 84' lang='lat' dir='ltr'>superabit</span> <span class='ocrx_word' id='word_1_381' title='bbox 580 2722 757 2760; x_wconf 74' lang='lat' dir='ltr'>Vossius:</span> <span class='ocrx_word' id='word_1_382' title='bbox 783 2721 984 2770; x_wconf 85' lang='lat' dir='ltr'>superavit</span> <span class='ocrx_word' id='word_1_383' title='bbox 1132 2719 1229 2759; x_wconf 69' lang='lat' dir='ltr'><em>Aen.</em></span> <span class='ocrx_word' id='word_1_384' title='bbox 1250 2733 1281 2758; x_wconf 93' lang='lat'>11</span> <span class='ocrx_word' id='word_1_385' title='bbox 1304 2728 1383 2768; x_wconf 81' lang='lat'>237</span> <span class='ocrx_word' id='word_1_386' title='bbox 1408 2718 1562 2758; x_wconf 87' lang='lat' dir='ltr'>scandit</span> <span class='ocrx_word' id='word_1_387' title='bbox 1580 2718 1715 2756; x_wconf 89' lang='lat' dir='ltr'>fatalis</span> 
     </span>
     <span class='ocr_line' id='line_1_42' title="bbox 156 2778 1717 2828; baseline -0.001 -12"><span class='ocrx_word' id='word_1_388' title='bbox 156 2779 339 2818; x_wconf 87' lang='lat' dir='ltr'>machina</span> <span class='ocrx_word' id='word_1_389' title='bbox 362 2793 493 2819; x_wconf 89' lang='lat' dir='ltr'>muros</span> <span class='ocrx_word' id='word_1_390' title='bbox 519 2782 600 2819; x_wconf 87' lang='lat' dir='ltr'>feta</span> <span class='ocrx_word' id='word_1_391' title='bbox 627 2781 745 2818; x_wconf 86' lang='lat' dir='ltr'>armis</span> <span class='ocrx_word' id='word_1_392' title='bbox 771 2780 916 2828; x_wconf 72' lang='lat' dir='ltr'>confert</span> <span class='ocrx_word' id='word_1_393' title='bbox 941 2779 1192 2828; x_wconf 76' lang='lat' dir='ltr'>Quicheratus</span> <span class='ocrx_word' id='word_1_394' title='bbox 1351 2781 1402 2817; x_wconf 85' lang='lat'>77</span> <span class='ocrx_word' id='word_1_395' title='bbox 1429 2778 1623 2817; x_wconf 82' lang='lat' dir='ltr'>Putabam</span> <span class='ocrx_word' id='word_1_396' title='bbox 1648 2778 1717 2826; x_wconf 91' lang='lat' dir='ltr'>qui</span> 
     </span>
     <span class='ocr_line' id='line_1_43' title="bbox 158 2837 1717 2887; baseline -0.001 -11"><span class='ocrx_word' id='word_1_397' title='bbox 158 2850 247 2876; x_wconf 90' lang='lat' dir='ltr'>cum</span> <span class='ocrx_word' id='word_1_398' title='bbox 266 2851 335 2878; x_wconf 93' lang='lat' dir='ltr'>suo</span> <span class='ocrx_word' id='word_1_399' title='bbox 343 2853 357 2886; x_wconf 86' lang='grc'>,·</span> <span class='ocrx_word' id='word_1_400' title='bbox 382 2841 449 2878; x_wconf 79' lang='lat' dir='ltr'>sed</span> <span class='ocrx_word' id='word_1_401' title='bbox 474 2841 688 2879; x_wconf 71' lang='lat' dir='ltr'>trochaicus</span> <span class='ocrx_word' id='word_1_402' title='bbox 706 2851 841 2878; x_wconf 72' lang='lat' dir='ltr'>versus</span> <span class='ocrx_word' id='word_1_403' title='bbox 858 2841 903 2877; x_wconf 92' lang='lat' dir='ltr'>ut</span> <span class='ocrx_word' id='word_1_404' title='bbox 924 2847 988 2886; x_wconf 85' lang='lat'>73.</span> <span class='ocrx_word' id='word_1_405' title='bbox 1007 2848 1059 2887; x_wconf 88' lang='lat'>74</span> <span class='ocrx_word' id='word_1_406' title='bbox 1080 2840 1231 2878; x_wconf 73' lang='lat' dir='ltr'>aduecti</span> <span class='ocrx_word' id='word_1_407' title='bbox 1254 2839 1417 2877; x_wconf 70' lang='lat' dir='ltr'>iambico</span> <span class='ocrx_word' id='word_1_408' title='bbox 1443 2838 1636 2876; x_wconf 74' lang='lat' dir='ltr'>octonario</span> <span class='ocrx_word' id='word_1_409' title='bbox 1661 2837 1717 2874; x_wconf 78' lang='lat' dir='ltr'>vi-</span> 
     </span>
     <span class='ocr_line' id='line_1_44' title="bbox 158 2893 1385 2954; baseline 0 -19"><span class='ocrx_word' id='word_1_410' title='bbox 158 2897 268 2935; x_wconf 78' lang='lat' dir='ltr'>detur</span> <span class='ocrx_word' id='word_1_411' title='bbox 414 2900 466 2937; x_wconf 85' lang='lat'>78</span> <span class='ocrx_word' id='word_1_412' title='bbox 492 2899 637 2938; x_wconf 70' lang='lat' dir='ltr'>Fuitne</span> <span class='ocrx_word' id='word_1_413' title='bbox 656 2898 839 2937; x_wconf 89' lang='lat' dir='ltr'>clamidio</span> <span class='ocrx_word' id='word_1_414' title='bbox 861 2893 1095 2954; x_wconf 78' lang='grc' dir='ltr'>(χλαμυδίῳ)</span> <span class='ocrx_word' id='word_1_415' title='bbox 1116 2900 1170 2939; x_wconf 74' lang='lat' dir='ltr'>a‘n</span> <span class='ocrx_word' id='word_1_416' title='bbox 1189 2897 1385 2937; x_wconf 73' lang='lat' dir='ltr'>amiculo?</span> 
     </span>
    </p>
   </div>
   <div class='ocr_carea' id='block_1_9' title="bbox 228 2966 1435 3004">
    <p class='ocr_par' dir='ltr' id='par_1_14' title="bbox 228 2966 1435 3004">
     <span class='ocr_line' id='line_1_45' title="bbox 228 2966 1435 3004; baseline 0.001 -3"><span class='ocrx_word' id='word_1_417' title='bbox 228 2975 380 3003; x_wconf 68' lang='lat' dir='ltr'>Exmus</span> <span class='ocrx_word' id='word_1_418' title='bbox 406 2977 450 3003; x_wconf 80' lang='lat' dir='ltr'>ed.</span> <span class='ocrx_word' id='word_1_419' title='bbox 471 2978 599 3004; x_wconf 80' lang='lat' dir='ltr'>Vahlen.</span> <span class='ocrx_word' id='word_1_420' title='bbox 1416 2966 1435 2997; x_wconf 84' lang='grc'><strong>9</strong></span> 
     </span>
    </p>
   </div>
  </div>
 </body>
</html>
