2054 3282
354 170 438 212 174
1026 162 1226 200 scEch

1100 282 1151 317 VI

347 348 434 391 295
466 347 747 403 Regnumque
771 347 967 387 nostrum
994 346 1041 386 ut
1066 343 1278 398 sospitent
1303 343 1666 399 superstitentque

1017 496 1230 540 NEMEA

1114 590 1131 624 I

344 654 430 696 296
461 651 619 695 Pe'cudi
646 653 744 694 dare
770 652 911 694 vivam
937 652 1092 693 marito

1106 743 1139 778 H

342 807 427 849 297
461 806 625 849 Tene6r
650 808 889 861 consaepta,
914 805 1103 860 undique
1128 820 1260 847 venor

990 958 1254 1002 PHOENIX

1114 1052 1131 1086 Ι

1026 1113 1207 1139 AMYNTOR

339 1163 425 1204 298
459 1161 625 1204 Stultus
651 1164 727 1217 est,
753 1161 827 1216 qui
853 1161 1007 1216 cupida
1033 1165 1163 1204 mente
1188 1162 1363 1216 cupiens
1389 1161 1611 1216 cupienter
1637 1162 1756 1217 cupit

339 1301 518 1335 perquam
537 1290 702 1336 eleganti
726 1289 907 1326 vocabulo
928 1290 1053 1327 «stata
1073 1290 1216 1336 (tecta
1235 1289 1358 1336 Vat.)»
1379 1290 1528 1334 dicitur,
1549 1301 1645 1335 quae
1661 1301 1782 1335 neque
1795 1289 1902 1335 κοινὴ

339 1344 464 1379 futura
484 1344 533 1378 sit
551 1354 671 1388 neque
690 1343 845 1388 ποινή..
861 1372 867 1378 .
888 1344 918 1363 ¹⁴
930 1343 1072 1378 Ennius
1092 1345 1218 1379 autem
1231 1343 1271 1378 in
1284 1344 1359 1379 ista
1378 1355 1491 1389 quam
1511 1344 1607 1379 dixit
1625 1343 1821 1390 tragoedia
1840 1354 1902 1378 eas

338 1397 414 1431 fere
433 1396 591 1432 feminas
612 1396 667 1432 ait
685 1396 865 1432 incolumi
883 1397 1071 1442 pudicitia
1090 1408 1180 1441 esse,
1195 1408 1291 1444 quae
1306 1398 1430 1433 «stata
1443 1397 1586 1433 forma»
1600 1396 1749 1433 forent.'
1765 1396 1901 1432 Versus

338 1450 495 1485 formam
514 1461 733 1495 recuperare
753 1450 843 1485 olim
862 1450 1092 1486 Ribbeckius
1107 1452 1215 1496 (trag.
1230 1451 1335 1485 Rom.
1351 1463 1386 1496 p.
1404 1452 1497 1497 180),
1517 1462 1636 1496 nuper
1655 1450 1902 1485 Buechelerus

339 1503 439 1548 apud.
452 1503 560 1538 Ribb.
574 1504 682 1549 (trag.
698 1504 754 1539 ed.
767 1505 821 1549 111)
834 1504 1066 1539 studuerunt.
1153 1504 1265 1539 Ennii
1279 1504 1466 1539 sententia
1479 1504 1528 1539 ad
1541 1504 1798 1549 Melanippam
1811 1503 1902 1548 quid

338 1556 461 1591 valeat
481 1557 649 1602 apparet,
670 1568 766 1601 quae
786 1558 824 1592 et
842 1556 966 1592 κάλλει
986 1556 1220 1603 διαφέρουσα
1240 1557 1430 1593 ferebatur
1443 1558 1481 1592 et
1494 1569 1516 1593 a
1528 1557 1703 1602 Neptuno
1717 1558 1900 1602 corrupta.

450 1610 500 1644 VI
519 1612 615 1656 (295)
653 1610 797 1645 Nonius
817 1622 853 1655 p.
872 1614 950 1654 176,
962 1614 982 1645 3
1001 1611 1208 1656 ‘sospitent
1227 1611 1382 1646 salvent.
1402 1610 1545 1646 Ennius
1564 1610 1783 1656 Melanippa
1802 1612 1901 1656 (me-

338 1663 527 1708 nalippa
546 1663 675 1709 Wolf.)
690 1674 951 1709 «regnumque
970 1676 1005 1699 n.
1024 1675 1051 1700 s.
1071 1664 1445 1710 supe1·stitentque».’
1586 1664 1689 1699 Idem
1707 1676 1743 1710 p.
1763 1667 1842 1706 170,
1857 1667 1901 1698 13

341 1717 604 1762 ‘superstitent
628 1717 782 1753 salvent.
803 1717 946 1752 Ennius
966 1717 1185 1763 Melanippa
1205 1728 1459 1764 «regnumque
1482 1729 1517 1752 η.
1535 1722 1577 1753 ut
1595 1729 1622 1753 s.
1641 1716 1901 1763 superstitent-

341 1771 462 1814 que>).'
574 1770 626 1806 Cf.
642 1770 679 1806 C.
695 1770 751 1806 Gl.
767 1771 805 1805 L.
821 1784 872 1806 v11
891 1783 928 1816 p.
944 1773 1022 1805 282.

456 1847 628 1882 ΝΕΜΕΑ
653 1847 669 1882 Ι
683 1849 779 1894 (296)
805 1848 1018 1883 Priscianus
1031 1861 1054 1883 v
1066 1860 1102 1893 p.
1120 1851 1199 1891 171,
1210 1852 1232 1883 4
1245 1848 1290 1882 H.
1305 1849 1316 1865 ‘
1325 1848 1387 1882 hic
1401 1849 1439 1883 et
1451 1848 1545 1883 haec
1558 1849 1596 1882 et
1609 1848 1679 1882 hoc
1692 1858 1815 1892 pecus.
1828 1847 1900 1882 En-

338 1900 421 1935 nius
434 1901 474 1935 in
486 1901 628 1936 Nemea
641 1902 679 1947 <n
689 1901 805 1936 emia
818 1901 950 1948 Lug-d.)
965 1901 1125 1946 «pecudi
1139 1901 1172 1935 d.
1186 1901 1307 1936 vivam
1322 1901 1411 1947 (viv
1420 1912 1442 1936 a
1461 1900 1573 1946 pauci
1587 1901 1802 1946 deteriores)
1815 1911 1898 1936 m.».

337 1955 461 1998 potest
473 1955 600 1989 tamen
614 1954 773 2001 figurate
786 1955 857 1990 hoc
871 1965 950 1989 esse
963 1954 1162 1999 prolatum,
1176 1957 1219 1990 ut
1239 1954 1270 1989 si
1290 1954 1413 1989 dicam
1434 1954 1563 1998 aquila
1581 1954 1738 1988 maritus
1758 1954 1815 1989 vel
1835 1964 1898 1988 rex

338 2007 487 2042 avium.’

455 2061 487 2095 H
508 2062 602 2107 (297)
638 2061 781 2097 Nonius
794 2074 830 2107 p.
848 2065 925 2105 183,
943 2065 986 2096 13
1003 2062 1135 2097 ‘venor
1149 2061 1424 2097 circumvenior.
1439 2061 1581 2095 Ennius
1594 2060 1736 2096 Nemea
1750 2062 1901 2097 «teneor

338 2116 515 2159 consepta
529 2116 567 2160 (c
576 2126 596 2149 o
605 2127 629 2149 n
638 2126 656 2149 c
666 2126 717 2161 ep
725 2117 771 2151 ta
785 2115 912 2161 Wolf.)
926 2127 960 2150 u.
976 2115 1138 2151 venor».’
1219 2115 1359 2150 Paulus
1371 2115 1473 2150 Festi
1486 2127 1521 2161 p.
1531 2118 1587 2158 43,
1597 2118 1641 2149 37
1653 2114 1718 2149 Th.
1734 2115 1744 2131 ‘
1755 2113 1899 2159 consip-

337 2168 417 2200 tum
434 2168 533 2212 apud
553 2167 714 2204 Ennium
733 2180 801 2214 pro
821 2171 1040 2215 conseptum
1058 2169 1273 2212 invenitm’,
1289 2169 1355 2204 sed
1367 2168 1467 2204 idem
1485 2181 1521 2214 p.
1537 2171 1592 2211 45,
1610 2172 1652 2202 15
1669 2167 1900 2213 ‘consiptum

338 2219 451 2254 clavis
470 2221 700 2265 praefixum?
715 2222 766 2257 Ut
786 2222 935 2258 dubites
955 2233 1067 2267 quam
1087 2223 1187 2258 recte
1204 2222 1277 2257 hae
1297 2222 1394 2257 duae
1413 2222 1559 2268 glossae
1580 2222 1628 2256 ad
1640 2221 1675 2255 N
1677 2231 1803 2256 emeae
1822 2230 1900 2255 ver-

338 2284 418 2307 sum
446 2273 669 2310 referantur:
696 2275 735 2310 in
759 2286 832 2321 quo
859 2276 1073 2321 consipta
1098 2275 1211 2311 scribi
1236 2275 1369 2310 iubent
1388 2275 1554 2321 Scaliger
1573 2274 1725 2310 coniect.
1741 2274 1780 2309 in
1793 2273 1898 2309 Varr.

338 2326 383 2361 de
403 2326 426 2360 l.
441 2326 479 2360 L.
494 2338 529 2371 p.
547 2330 613 2362 107
635 2330 673 2362 et
692 2328 732 2363 G.
747 2329 772 2362 I.
786 2329 939 2364 Vossius
960 2329 1090 2375 castig.
1104 2342 1140 2374 p.
1157 2333 1211 2364 36.

455 2396 671 2432 ΡΗΟΕΝΙΧ
708 2399 724 2433 1
744 2402 840 2446 (298)
865 2400 1009 2434 Nonius
1028 2411 1063 2445 p.
1080 2403 1136 2443 91,
1152 2403 1171 2434 7
1188 2399 1403 2445 ‘cupienter
1422 2399 1663 2444 cupidissime
1679 2427 1685 2433 .
1703 2427 1708 2433 .
1726 2427 1732 2432 .
1754 2398 1896 2433 Ennius

337 2450 480 2485 foenice
495 2450 653 2487 «stultus
668 2480 675 2487 .
693 2480 698 2485 .
713 2453 850 2497 cupida
868 2454 1018 2498 cupiens
1037 2465 1065 2488 c.
1082 2453 1237 2498 cupit».’

457 2601 539 2638 295
560 2597 644 2637 Aut
663 2611 737 2648 que
757 2601 881 2639 delent
899 2603 968 2639 aut
985 2611 1138 2639 versum
1156 2612 1280 2639 wnum
1297 2602 1341 2639 in
1359 2601 1435 2639 duo
1448 2601 1681 2649 discerpunt,
1694 2602 1898 2646 utrumque

337 2660 473 2707 opinor
496 2658 620 2706 falso‚·
644 2660 678 2697 si
697 2660 849 2706 quddem
869 2673 943 2710 que
963 2672 1041 2698 non
1065 2662 1196 2698 minus
1213 2662 1311 2698 recte
1331 2660 1490 2698 elidetur
1508 2671 1625 2707 quam
1651 2660 1769 2707 atque
1789 2658 1897 2706 apud

336 2717 551 2756 Pacuvium
570 2729 680 2765 quem
699 2719 942 2758 crediderunt
954 2714 1045 2772 (inc.
1060 2721 1134 2758 inc.
1147 2720 1226 2767 fab.
1248 2729 1321 2767 191
1341 2713 1472 2771 Ribb.)
1488 2719 1566 2756 situ
1586 2719 1754 2768 nigroris
1773 2717 1897 2756 barba

336 2777 505 2825 paedore
531 2777 692 2815 horrida
719 2778 837 2826 atque
862 2778 1025 2816 Intonsa
1046 2781 1079 2816 et
1102 2780 1260 2826 saepius
1278 2779 1385 2826 apud
1407 2777 1644 2815 Terentium:
1664 2777 1711 2824 cf.
1726 2788 1895 2824 prooem.

343 2833 450 2883 1878
465 2849 507 2884 p.
523 2835 548 2873 6
652 2837 780 2874 Plaut.
801 2838 900 2875 asin.
922 2847 935 2872 1
948 2847 967 2885 7
987 2840 1079 2875 tuae
1098 2849 1298 2887 superesse
1317 2839 1423 2875 vitae
1443 2837 1629 2885 sospitem
1650 2838 1689 2873 et
1707 2836 1895 2885 supersti-

336 2897 415 2933 tem
538 2895 620 2933 298
641 2898 771 2934 mente
792 2896 927 2935 addida·
941 2894 1130 2950 (prooem.
1152 2893 1258 2932 1888
1263 2892 1342 2947 s89
1363 2908 1405 2944 p.
1427 2890 1520 2949 16),·
1545 2895 1592 2943 cf.
1613 2895 1755 2944 cupido
1780 2894 1895 2932 corde

2025 2531 2043 2692 ›vacua-suu..
2036 2503 2042 2520 ν.
