2054 3282
707 177 968 213 ANNALIUM
992 177 1079 213 LIB.
1101 177 1185 214 VIII
1667 178 1721 219 51

161 357 250 399 290
747 296 1113 401 PoenoZKVlIJIidone
1145 357 1348 401 oriundos

885 462 919 496 X

160 522 245 565 291
279 522 485 566 Romanis
516 521 624 566 Iuno
655 524 784 577 coepit
810 462 1146 578 placavtitflfavere

902 627 986 662 XIX

159 689 246 731 292
279 688 428 732 «Nunc
458 688 604 731 hostes
635 688 735 731 vino
769 688 921 731 domiti
953 703 1188 744 somnoque
1220 689 1377 745 sepulti

280 759 528 802 Consiluere

911 828 979 863 XX

159 890 247 932 294
279 889 392 932 «Aut
425 905 598 933 occasus
630 890 704 932 ubi
735 893 957 945 tempusve
990 890 1143 932 audere
1175 890 1377 945 repressit

900 994 934 1029 X

159 1055 246 1099 295
279 1055 462 1106 Quintus
493 1058 616 1111 pater
647 1058 847 1111 quartum
878 995 1110 1098 fithonsul

277 1208 379 1243 XVII
398 1209 493 1254 (290)
531 1208 743 1243 Priscianus
763 1221 800 1243 v1
819 1220 855 1253 p.
878 1212 1017 1252 210,10
1037 1208 1081 1243 H.
1106 1209 1227 1253 ‘quod
1254 1209 1379 1243 autem
1403 1209 1501 1244 Ionis
1528 1209 1566 1243 et
1592 1208 1726 1254 Calyp-

158 1262 257 1296 sonis
278 1262 316 1296 et
335 1261 491 1296 Didonis
512 1262 659 1305 dicitur,
680 1262 845 1296 ostendit
862 1262 933 1296 hoc
953 1262 1067 1296 etiam
1086 1261 1289 1296 Caesellius
1304 1261 1450 1296 Vindex
1466 1262 1506 1296 in
1525 1263 1725 1297 stromateo

157 1315 215 1349 his
235 1314 372 1350 verbis:
395 1314 649 1360 Calypsonem.
671 1315 727 1349 ita
747 1315 975 1349 declinatum
995 1316 1051 1349 est
1071 1315 1171 1360 apud
1192 1315 1366 1360 antiquos
1382 1344 1388 1349 .
1406 1343 1411 1349 .
1429 1343 1435 1349 .
1451 1315 1592 1350 Ennius
1606 1315 1646 1350 in
1658 1328 1725 1350 vm

158 1368 228 1414 (vel
247 1368 293 1402 in
312 1381 396 1403 v111
415 1368 600 1414 Ennius)
622 1379 782 1413 «poenos
804 1368 875 1413 (vel
893 1379 1033 1413 penos
1053 1368 1111 1402 vel
1130 1368 1343 1414 phoenos)
1365 1368 1407 1403 D.
1423 1369 1508 1404 0.».'

276 1421 395 1456 XVHI
421 1423 516 1467 (291)
556 1421 701 1456 Servius
727 1421 767 1455 in
791 1421 881 1455 Aen.
903 1435 915 1455 1
937 1425 1002 1455 281
1033 1421 1211 1456 ‘consilia
1236 1421 1275 1455 in
1300 1421 1433 1456 melius
1459 1421 1609 1456 referet:
1637 1422 1726 1466 quia

158 1474 255 1509 bello
276 1474 416 1509 Punico
437 1475 610 1517 secundo,
630 1475 673 1508 ut
693 1474 747 1508 ait
759 1474 911 1518 Ennius,
927 1475 1101 1519 «placata
1113 1474 1204 1509 Iuno
1220 1475 1343 1519 coepit
1357 1474 1480 1509 favere
1493 1475 1723 1511 Romanis».’

275 1527 359 1562 XIX
379 1529 474 1573 (292)
518 1527 729 1562 Macrobius
757 1527 831 1562 Sat.
852 1541 890 1563 v1
911 1531 941 1571 1,
957 1531 1001 1562 20
1030 1528 1233 1562 ‘invadunt
1256 1528 1386 1562 urbem
1412 1539 1539 1563 somno
1566 1529 1725 1574 vinoque

158 1581 343 1626 sepultam
354 1581 456 1626 (Aen.
470 1594 497 1615 11
511 1582 603 1626 265).
619 1581 760 1615 Ennius
780 1581 819 1615 in
833 1594 899 1615 vm
919 1592 1040 1617 «nunc
1058 1581 1183 1616 hostes
1204 1581 1370 1626 (hostis
1390 1581 1522 1627 Neap.)
1539 1610 1545 1615 .
1560 1610 1566 1616 ,
1582 1610 1587 1616 .
1604 1582 1725 1627 sepul-

157 1634 237 1670 ti»)
345 1634 483 1669 Paulus
504 1634 605 1668 Festi
623 1646 658 1679 p.
671 1638 728 1677 41,
741 1637 760 1668 5
775 1634 841 1668 Th.
859 1634 1085 1669 ‘consiluere
1105 1634 1246 1668 Ennius
1265 1645 1332 1679 pro
1347 1635 1557 1669 conticuere
1570 1635 1723 1680 posuit.’

275 1687 343 1722 XX
366 1689 461 1734 (294)
505 1688 636 1722 Festus
662 1700 697 1733 p.
721 1691 799 1730 194,
816 1691 858 1721 17
880 1687 946 1722 Τ11.
976 1688 1148 1722 ‘occasus
1174 1687 1347 1722 interitus
1446 1699 1518 1733 quo
1544 1688 1724 1723 vocabulo

155 1740 297 1775 Ennius
322 1752 389 1786 pro
416 1741 610 1776 occasione
636 1742 693 1775 est
716 1753 804 1775 usus
824 1740 863 1775 in
882 1740 906 1775 1.
928 1754 954 1775 11
976 1741 1090 1787 [vn1];
1110 1741 1201 1775 item
1219 1741 1259 1775 in
1278 1740 1301 1775 l.
1320 1754 1343 1776 v
1364 1742 1426 1788 [1];
1447 1741 1537 1776 item
1557 1741 1596 1776 in
1615 1742 1638 1776 l.
1659 1755 1726 1776 vm

157 1796 247 1831 «aut
267 1823 273 1829 .
291 1823 296 1829 .
314 1823 320 1828 .
341 1794 528 1840 repssit».'

274 1848 359 1882 XXI
384 1849 480 1894 (295)
532 1848 672 1883 Gellius
692 1848 725 1882 X
747 1851 777 1891 1,
794 1852 814 1883 6
837 1848 969 1883 ‘verba
994 1848 1041 1882 M.
1057 1848 1234 1883 Varronis
1256 1858 1300 1882 ex
1318 1847 1414 1883 libro
1441 1848 1725 1893 disciplinarum

157 1901 287 1946 quinto
307 1901 400 1936 haec
420 1903 522 1936 sunt:
544 1901 647 1936 aliud
662 1902 718 1936 est
735 1903 866 1946 quarto
881 1903 1090 1947 praetorem
1103 1902 1183 1936 fieri
1203 1903 1241 1936 et
1260 1903 1449 1946 quartum:
1472 1902 1571 1946 quod
1592 1903 1723 1946 quarto

155 1954 279 1989 locum
305 1954 544 2000 adsignificat
571 1966 614 1990 ac
638 1956 713 1989 tres
735 1956 821 1990 ante
840 1955 971 1998 factos,
993 1956 1167 2000 quartum
1186 1956 1332 1999 tempus
1354 1955 1593 2000 adsignificat
1612 1956 1650 1989 et
1668 1956 1725 1989 ter

157 2009 243 2042 ante
268 2007 418 2042 factum.
440 2008 557 2053 igitur
581 2008 722 2042 Ennius
748 2009 848 2042 recte
874 2008 974 2053 quod
1000 2008 1149 2053 scripsit
1169 2007 1351 2049 «Quintus
1449 2007 1627 2043 consul».'
1650 2007 1724 2042 No-

156 2061 239 2095 nius
258 2073 293 2106 p.
315 2064 395 2104 435,
413 2065 455 2095 13
478 2061 674 2105 ‘quartum
700 2062 738 2095 et
763 2062 895 2105 quarto
914 2061 1116 2106 prudentes
1137 2060 1286 2095 differre
1307 2060 1490 2095 dixerunt.
1511 2060 1628 2095 Varro
1649 2061 1723 2095 dis-

157 2114 379 2159 ciplinarum
405 2114 535 2158 quinto
556 2114 683 2150 «aliud
709 2115 766 2148 est
791 2115 922 2158 quarto
950 2115 987 2148 et
1012 2113 1115 2148 aliud
1136 2114 1310 2158 quartum
1328 2114 1538 2158 praetorem
1557 2113 1636 2148 fieri
1656 2114 1724 2159 (sic

156 2166 496 2211 Harl.m.pr,Par.;
518 2166 583 2201 alii
604 2166 731 2201 aliud
752 2168 820 2201 est
840 2168 1000 2211 quarto
1020 2168 1277 2211 praetorem
1297 2166 1422 2209 fieri,
1444 2166 1570 2201 aliud
1591 2178 1723 2211 quar-

155 2221 283 2266 tum):
305 2221 342 2254 et
361 2221 493 2264 quarto
509 2219 623 2265 (Leid.
639 2221 848 2264 quartum
869 2221 969 2264 cett.)
989 2219 1111 2254 locum
1132 2219 1319 2264 significat
1338 2221 1376 2254 et
1395 2221 1468 2254 tres
1489 2221 1575 2254 ante
1591 2219 1722 2262 factos,

157 2275 288 2318 quarto
304 2273 382 2318 (sic)
397 2274 543 2318 tempus
558 2273 754 2318 significat,
769 2274 826 2307 ter
840 2274 926 2307 ante
939 2272 1090 2307 facturn.
1106 2272 1247 2307 Ennius
1261 2274 1360 2307 recte
1375 2272 1557 2315 «Quintus
1572 2273 1723 2318 (quin-

155 2327 247 2360 tum
266 2326 366 2361 Harl.
382 2338 428 2360 m.
444 2338 497 2371 pr.
513 2326 594 2360 Par.
610 2326 727 2371 Leid.)
744 2355 749 2360 .
767 2355 773 2360 .
791 2355 796 2360 .
819 2326 997 2362 consul».'

276 2499 357 2536 291
382 2498 662 2536 Heoeametrum
687 2498 853 2536 restituit
870 2497 1028 2545 Huyius
1151 2498 1234 2535 292
1260 2495 1318 2547 Of.
1336 2495 1613 2546 Ver9.Aeu.1x
1638 2506 1720 2544 234

155 2556 294 2595 Rutuli
320 2569 455 2595 somno
481 2557 651 2606 vinoque
681 2558 801 2595 soluti
827 2558 1068 2602 conticuere;
1097 2557 1206 2594 cuius
1233 2558 1400 2605 exemplo
1424 2558 1496 2595 illa
1521 2558 1596 2595 duo
1623 2558 1722 2595 testi-

155 2618 288 2655 monia
313 2618 508 2655 cormeoeui.
539 2615 596 2664 Of.
618 2616 825 2654 Lucretius
844 2629 870 2655 v
891 2624 975 2664 974
996 2617 1110 2654 taciti
1135 2616 1410 2665 respectabant
1430 2628 1643 2665 somnoque
1664 2628 1720 2653 se-

155 2675 260 2724 pulti
422 2677 505 2714 294
531 2675 606 2713 Ast
635 2675 824 2714 Columna
974 2674 1116 2713 audere
1141 2676 1345 2725 repressit:
1371 2677 1417 2723 cf.
1440 2675 1720 2713 Lachmannus

157 2735 209 2772 ad
227 2734 347 2773 Lucr.
367 2747 409 2773 1v
432 2744 515 2782 244
668 2735 750 2773 295
779 2733 968 2778 Quintum
997 2736 1180 2784 patrem
1207 2736 1377 2782 appellat
1394 2736 1472 2772 uisi
1490 2734 1608 2781 fallor
1627 2734 1721 2780 quia

159 2792 200 2840 Q.
226 2793 379 2832 Fabius
407 2795 514 2840 filius
542 2795 658 2831 simul
688 2796 838 2831 creatus
864 2795 918 2831 est
938 2796 1109 2840 praetor,
1133 2796 1359 2842 poteratque
1386 2804 1520 2830 versus
1547 2792 1720 2840 suppleri

156 2851 259 2890 filius
277 2854 458 2902 praetor;
478 2854 523 2900 cf.
535 2853 677 2891 Livius
691 2865 787 2891 XXIV
803 2862 840 2901 9,
852 2861 874 2898 3
897 2853 1094 2902 creatique
1115 2853 1292 2891 consules
1308 2851 1350 2897 Q.
1365 2851 1510 2889 Fabius
1524 2850 1718 2888 Maximus

158 2913 355 2960 quartum,
374 2912 424 2949 M.
446 2912 655 2949 Marcellus
678 2912 841 2949 tertium
863 2942 868 2948 .
887 2942 892 2948 .
911 2942 916 2948 .
937 2913 1096 2960 praetor
1117 2942 1123 2948 .
1142 2942 1147 2948 .
1166 2942 1172 2948 .
1195 2911 1238 2956 Q.
1259 2911 1405 2949 Fabius
1426 2910 1594 2948 consulis
1614 2909 1718 2947 filius

1388 2975 1436 3009 4*

1771 1076 1800 1095 A.
1815 1076 1844 1095 U.
1860 1076 1883 1095 C.
1898 1077 1964 1095 DXL
