2054 3282
715 170 974 207 ANNALIUM
1000 171 1087 206 LIB.
1108 171 1158 206 IX
1666 170 1724 212 53

674 361 989 406 ANNALIUM
1020 361 1125 405 LIB.
1152 361 1214 404 IX

934 485 951 519 1
1734 479 1809 504 RES
1830 477 2008 504 PUNICAE

160 552 247 594 300
277 552 470 596 Fortuna
500 553 617 596 varia
648 552 799 595 validis
825 566 917 595 enm
942 552 1104 594 viribus
1135 551 1312 594 luctant.
1742 519 2008 611 Aizxfflgigssg:

1734 601 1852 628 BAms
1875 601 2009 628 cumn

924 657 958 691 Π
1813 650 1934 669 1-—xvt1

161 723 244 765 301
278 723 425 767 Livius
458 724 556 767 inde
587 724 698 766 redit
728 738 884 780 magno
916 725 1128 765 mactatus
1159 722 1379 778 triumpho
1745 733 1983 752 A-v-v-thvn

917 828 968 863 111

160 895 246 938 302
277 895 496 952 Europam
528 896 794 952 Libyamque
825 910 957 951 rapax
988 895 1063 937 ubi
1095 895 1248 937 dividit
1279 895 1392 937 unda

920 1000 971 1036 IV

160 1067 246 1110 303
278 1066 465 1110 Additur
497 1071 641 1111 orator
673 1067 895 1111 Cornelius
928 1067 1244 1122 suaviloquenti
1788 1075 1951 1095 A-U·0-1>L

279 1138 360 1182 Ore
393 1138 607 1196 Cethegus
638 1139 807 1182 Marcus
843 1139 1055 1182 Tuditano
1088 1138 1254 1195 collega

276 1292 363 1327 LIB.
378 1292 429 1327 IX
465 1292 482 1327 I
496 1294 591 1338 (300)
618 1292 762 1327 Nonius
775 1305 810 1338 p.
823 1296 904 1335 4'72⁷
919 1295 937 1327 7
955 1291 1121 1326 ‘luctant
1133 1302 1199 1336 pro
1213 1291 1404 1326 luctantur
1417 1291 1559 1326 Ennius
1572 1290 1636 1325 lib.
1650 1304 1729 1326 vnn

158 1345 444 1434 {Zrlilacffialgq
465 1346 628 1392 Montep.
650 1346 799 1381 varria
820 1345 920 1381 Colb.
942 1345 1029 1380 viri
1052 1356 1075 1380 a
1094 1344 1195 1379 Leid.
1211 1344 1323 1379 Wolf.
1345 1344 1462 1390 Harl.)
1488 1345 1623 1380 validis
1641 1345 1729 1380 viri-

277 1457 311 1491 Π
324 1459 420 1503 (301)
453 1458 598 1493 Servius
619 1458 803 1493 Danielin.
819 1458 858 1493 in
871 1458 961 1492 Aen.
978 1471 1015 1492 1x
1035 1461 1100 1493 641
1116 1469 1151 1502 p.
1166 1460 1274 1500 367‚7
1287 1456 1381 1491 Thil.
1400 1457 1564 1492 ‘mactus
1580 1456 1728 1502 (Daniel

157 1512 301 1545 macte
321 1510 431 1557 Flor.)
450 1513 575 1546 autem
592 1512 692 1557 apud
709 1513 849 1547 veteres
867 1511 981 1546 etiam
996 1512 1182 1545 mactatus
1200 1510 1405 1554 dicebatur,
1423 1511 1466 1544 ut
1485 1510 1626 1545 Ennius
1646 1510 1728 1547 «Li-

158 1564 237 1599 vius
259 1592 265 1598 .
283 1593 288 1599 .
310 1575 446 1610 magno
468 1567 689 1611 (magnum
708 1565 818 1611 Flor.)
838 1577 885 1599 m.
907 1564 1147 1609 triumpho».'

269 1623 319 1658 HI
339 1625 434 1670 (302)
473 1623 599 1659 Cicero
620 1624 725 1659 Tusc.
748 1625 842 1669 disp.
863 1638 876 1658 1
897 1627 952 1667 20,
967 1627 1011 1658 45
1035 1623 1194 1658 ‘etenim
1221 1623 1252 1658 si
1277 1634 1375 1658 nunc
1401 1623 1547 1668 aliquid
1573 1623 1729 1668 adsequi

158 1687 196 1712 se
216 1678 362 1722 putant,
391 1677 455 1722 qui
480 1677 617 1712 ostium
636 1677 747 1712 Ponti
766 1677 939 1712 viderunt
963 1678 1001 1712 et
1026 1688 1088 1711 eas
1109 1676 1302 1723 angustias
1322 1687 1389 1721 per
1408 1687 1500 1722 quas
1519 1677 1730 1722 penetravit

159 1741 204 1765 ea
229 1741 325 1775 quae
352 1731 408 1765 est
432 1731 626 1766 nominata
646 1731 768 1777 «Argo
795 1731 884 1776 quia
903 1730 1032 1776 Argivi
1057 1730 1096 1765 in
1121 1741 1166 1765 ea
1191 1730 1327 1765 delecti
1347 1730 1416 1765 viri
1435 1730 1531 1765 vecti
1549 1730 1731 1775 petebant

156 1783 294 1828 pellem
318 1783 531 1819 inauratam
557 1784 707 1820 arietis»
728 1786 837 1831 (scen.
861 1788 928 1819 250
949 1786 1028 1830 sq),
1050 1786 1115 1819 aut
1134 1784 1162 1818 ii
1182 1784 1247 1829 qui
1267 1783 1406 1819 Oceani
1425 1783 1523 1819 freta
1541 1783 1609 1819 illa
1628 1784 1729 1819 vide-

157 1838 244 1871 runt
263 1837 474 1882 «Europam
492 1837 709 1883 lybiamque
725 1866 730 1872 .
748 1866 754 1872 .
772 1867 777 1873 .
799 1838 935 1881 unda»,
957 1838 1057 1883 quod
1076 1837 1229 1872 tandem
1249 1837 1503 1882 spectaculum
1522 1836 1600 1872 fore
1619 1839 1728 1882 puta-

157 1902 238 1925 mus
264 1902 348 1926 cum
373 1892 493 1926 totam
517 1893 655 1926 terram
680 1892 848 1927 contueri
872 1891 1028 1926 licebit.'
1150 1891 1253 1925 Idem
1279 1891 1325 1925 de
1345 1892 1420 1925 nat.
1437 1891 1535 1926 deor.
1551 1904 1593 1926 111
1615 1894 1669 1934 10,
1683 1895 1727 1925 24

160 1944 271 1989 ‘quid
298 1943 511 1980 Chalcidico
538 1945 676 1990 Euripo
696 1945 736 1980 in
754 1946 859 1980 motu
878 1945 1085 1980 identidem
1104 1944 1369 1990 reciprocando
1389 1945 1501 1989 putas
1521 1944 1600 1978 fieri
1619 1955 1727 1989 posse

158 1997 399 2041 constantius,
426 1998 516 2043 quid
542 1998 637 2034 freto
665 1998 860 2042 Siciliensi,
888 1999 978 2044 quid
999 1998 1138 2033 Oceani
1163 1997 1305 2033 fervore
1324 1997 1399 2032 illis
1419 1997 1458 2032 in
1477 1997 1569 2032 locis
1590 1997 1726 2034 «Euro—

157 2061 245 2095 pam
264 2050 471 2096 libiamque
492 2080 498 2085 .
516 2079 521 2085 .
539 2079 545 2086 .
566 2052 719 2088 unda».'

275 2110 326 2144 IV
346 2111 441 2155 (303)
481 2109 607 2145 Cicero
632 2110 734 2145 Brut.
758 2114 813 2154 15,
828 2113 872 2145 57
896 2111 1027 2155 ‘quem
1052 2121 1136 2145 vero
1162 2111 1283 2144 exstet
1302 2110 1340 2144 et
1360 2110 1406 2144 de
1426 2120 1499 2154 quo
1520 2110 1571 2145 sit
1589 2120 1727 2145 memo-

157 2163 235 2197 riae
254 2163 444 2207 proditum
464 2162 700 2207 eloquentem
719 2163 834 2198 fuisse
854 2164 891 2198 et
909 2163 964 2198 ita
983 2173 1063 2198 esse
1081 2163 1265 2206 habitum,
1285 2163 1427 2208 primus
1448 2164 1505 2198 est
1523 2163 1571 2198 M.
1594 2163 1726 2199 Corne-

156 2216 229 2251 lius
245 2215 439 2262 Cethegus,
454 2216 559 2251 cuius
573 2216 809 2262 eloquentiae
823 2218 879 2251 est
892 2217 1031 2260 auctor,
1046 2218 1084 2251 et
1097 2216 1252 2251 idoneus
1267 2216 1419 2261 quidem
1431 2227 1515 2251 mea
1529 2217 1725 2266 sententia,

159 2269 198 2312 Q.
220 2269 372 2313 Ennius,
397 2269 617 2314 praesertim
643 2281 727 2305 cum
752 2271 790 2304 et
808 2270 888 2315 ipse
908 2281 993 2305 eum
1012 2269 1197 2305 audiverit
1216 2271 1254 2304 et
1272 2269 1412 2305 scribat
1431 2270 1478 2304 de
1496 2271 1659 2305 mortuo:
1681 2281 1725 2305 ex

158 2333 230 2367 quo
251 2322 355 2358 nulla
374 2323 535 2368 suspicio
556 2325 612 2358 est
631 2323 819 2358 amicitiae
839 2334 952 2359 causa
972 2333 1051 2358 esse
1070 2322 1278 2358 mentitum.
1294 2323 1326 2344 ⁶⁸
1344 2325 1401 2358 est
1413 2323 1530 2369 igitur
1550 2323 1603 2359 sic
1623 2324 1724 2369 apud

279 2495 363 2534 300
390 2495 566 2533 Fortuna
592 2496 740 2539 addidi,
760 2498 805 2533 nt
821 2496 934 2533 varia
959 2497 1158 2540 constaret,
1180 2507 1259 2544 qua
1283 2506 1371 2534 voce
1394 2496 1492 2534 nihil
1511 2497 1663 2543 verius,·
1682 2498 1725 2534 in

158 2555 324 2602 ineptias
350 2555 537 2599 abierunt,
562 2556 628 2602 qni
654 2566 698 2593 ex
722 2554 799 2593 viri
825 2567 849 2592 a
878 2555 1027 2602 aliquid
1044 2555 1161 2602 probi
1187 2555 1337 2602 efficere
1362 2556 1500 2593 vellent
1637 2568 1725 2594 cum

160 2614 312 2652 addidit
323 2614 354 2651 I
351 2625 452 2652 anus
466 2614 617 2658 Densa,
637 2615 679 2652 id
698 2625 844 2662 qnoque
861 2615 1123 2652 convenienter
1140 2616 1261 2660 mori,·
1281 2614 1327 2662 cf.
1343 2615 1389 2653 de
1407 2615 1475 2653 hoe
1493 2626 1608 2653 versu
1627 2626 1726 2662 quae

160 2674 300 2720 scripsi
317 2673 361 2710 in
379 2673 487 2711 relat.
509 2674 617 2712 acad.
639 2685 674 2711 a.
694 2670 800 2709 1888
816 2685 857 2721 p.
872 2681 924 2720 47
1069 2673 1154 2712 304
1175 2673 1373 2712 Tuditano
1394 2674 1546 2724 collega
1564 2668 1679 2725 m.(h.
1693 2685 1721 2711 e.

159 2726 301 2785 marci)
326 2731 431 2770 filius
453 2734 611 2780 primus
635 2731 856 2771 Schuetzius
883 2733 1094 2771 restituisse
1122 2733 1274 2778 dicitnr,
1305 2735 1340 2772 et
1365 2744 1504 2771 nornen
1533 2731 1722 2770 Tuditani

159 2792 376 2829 restitutum
395 2794 450 2829 est
466 2792 549 2839 ipso
573 2790 751 2830 Cicerone
771 2794 860 2830 teste
879 2801 893 2828 1
905 2799 942 2839 5,
958 2789 1024 2829 60.
1047 2792 1210 2843 conlega
1234 2793 1293 2830 vel
1318 2792 1502 2843 conlegae
1523 2791 1721 2829 Tuditano

160 2851 296 2888 temere
315 2851 593 2898 coniectarnnt;
613 2852 659 2899 cf.
681 2854 767 2889 acta
787 2851 896 2889 acad.
912 2863 946 2889 a.
969 2861 982 2887 1
994 2848 1076 2889 886
1092 2846 1131 2904 (t
1143 2845 1250 2891 Uber
1268 2852 1330 2891 die
1348 2849 1534 2889 Annalen
1552 2851 1619 2889 des
1638 2850 1722 2888 En-

160 2903 290 2961 nius')
311 2921 353 2957 p.
375 2919 425 2956 14
445 2921 497 2957 sq.
