2004 3278
725 181 986 217 ANNALIUM
1011 182 1098 218 LIB.
1119 182 1137 218 I
1592 185 1717 222 CXLV

152 292 311 337 tineant,
334 292 435 331 sicut
450 292 604 340 publici
617 290 791 331 'ammales
816 305 910 342 quos
927 296 1132 343 pontifices
1155 297 1378 345 scribaeque
1409 299 1626 345 conficiunt,
1655 299 1718 337 vel
1788 295 1798 301 “

152 351 343 390 Romanis
351 345 404 404 ²³),
436 350 537 399 quod
561 351 830 390 Romanorum
854 365 915 392 res
937 357 1065 402 qestas
1096 355 1306 394 declarant.
1338 355 1456 394 Haud
1488 356 1604 395 dubie
1635 357 1714 395 En-

153 410 275 459 nium,
301 422 418 459 quem
442 422 523 448 non
547 409 645 448 dicit
669 411 839 460 nomine,
865 412 1114 463 significavit.
1147 413 1224 452 Sed
1257 414 1362 463 quod
1390 417 1550 465 poetam
1581 416 1714 467 singu-

151 469 280 506 lorum
305 469 386 507 fere
412 481 604 507 annorum
631 470 740 507 actus
766 473 1014 519 persecutum
1045 472 1154 521 dicit,
1179 473 1279 510 illud
1309 486 1358 512 ne
1391 487 1506 523 quem
1536 476 1579 513 in
1611 488 1714 514 erro-

151 541 234 566 rem
252 527 415 567 inducat
435 527 699 566 animadverti
717 528 835 567 velim
854 542 933 567 non
951 532 1035 568 tam
1055 544 1075 569 e
1095 531 1278 570 carminis
1300 533 1523 583 cognitione
1545 534 1715 584 fluxisse,

152 600 272 636 quam
297 600 374 637 quo
401 588 585 626 carminis
605 587 775 626 indicem
795 601 864 627 suo
883 589 1059 638 periculo
1079 590 1272 640 explicare
1292 592 1570 641 grammaticus
1589 595 1714 643 temp-

150 648 264 685 taret.
296 646 361 684 An
385 647 490 685 inter
514 648 706 685 maximos
733 648 894 686 annales
921 650 960 686 et
985 648 1106 686 Ennii
1130 651 1281 698 poesim
1305 650 1380 688 1100
1406 652 1562 689 tantum
1593 653 1714 691 inter—

150 705 270 744 fuisse
295 707 425 756 putas,
452 707 556 756 quod
581 707 643 744 illi
662 705 835 755 pedestri
854 708 894 745 et
913 708 1008 746 satis
1030 708 1139 746 arido
1159 709 1251 747 stilo
1271 709 1543 759 exarabantur,
1563 711 1714 750 Ennius

150 777 285 804 versus
318 767 358 803 et
389 766 625 804 curatiorem
657 766 876 804 orationem
909 765 1117 805 adhibuit?
1148 767 1231 805 Nec
1262 767 1304 805 id
1334 781 1396 806 me
1427 769 1542 807 valde
1570 772 1713 819 movet,

151 823 256 873 quod
293 825 463 876 vestigia
494 825 688 874 quaedam
718 826 849 863 notati
880 825 974 864 anni
1006 827 1045 864 et
1078 828 1266 876 temporis
1302 828 1345 864 in
1382 828 1444 866 his
1481 829 1714 880 fragmentis

150 886 362 933 supersunt
393 879 502 938 (ann.
526 885 620 922 163.
643 885 724 923 501
736 878 824 938 sq.).
856 884 982 923 Immo
1007 885 1160 924 Ennius
1193 887 1389 924 communi
1414 888 1499 924 tum
1523 889 1713 938 temporis

149 943 339 982 historiae
364 943 652 995 significatione
678 944 840 982 annales
865 946 1087 983 nominavit
1110 945 1290 983 historici
1315 947 1467 996 generis
1492 949 1643 996 poesim
1675 950 1715 986 et

151 1015 251 1051 quae
277 1015 301 1041 a
325 1003 552 1053 primordiis
578 1003 686 1042 urbis
711 1015 773 1042 res
799 1003 998 1042 Romanas
1022 1006 1230 1054 repeteret.

267 1062 343 1100 Per
373 1062 495 1101 libros
527 1075 685 1101 carmen
715 1064 800 1113 ipse
831 1064 951 1112 poeta
982 1063 1201 1102 distribuit:
1233 1076 1353 1113 quam
1383 1077 1466 1102 rem
1498 1064 1659 1114 quidam
1691 1078 1714 1104 a

148 1120 393 1172 Vargunteio
414 1123 673 1173 grammatico
692 1122 919 1161 institutam
940 1122 1152 1170 affirmant,
1176 1123 1279 1161 bono
1299 1125 1399 1162 teste
1419 1125 1464 1161 ut
1483 1124 1560 1162 sibi
1579 1124 1714 1163 viden-

148 1182 214 1218 tur
234 1180 422 1220 Suetonio
448 1182 521 1231 usi,
547 1182 616 1231 qui
636 1176 703 1235 (de
722 1195 886 1233 gramm.
909 1183 932 1219 2
954 1195 991 1231 p.
1016 1183 1095 1220 101
1107 1176 1172 1235 R.)
1192 1183 1375 1221 hactenus
1395 1185 1523 1221 tamen
1548 1183 1605 1221 ait
1628 1185 1715 1222 imi-

147 1242 230 1285 tati,
260 1243 303 1278 ut
333 1243 511 1280 carmina
534 1253 684 1289 parum
715 1242 841 1280 adhuc
871 1241 1074 1290 divulqata
1100 1272 1108 1279 .
1135 1272 1141 1278 .
1171 1272 1177 1278 .
1210 1242 1432 1290 diliqentius
1461 1245 1714 1282 retractarent

148 1311 194 1338 ac
224 1300 379 1349 leqendo
417 1301 777 1349 commentandoque
814 1303 849 1339 et
881 1302 1013 1339 ceteris
1043 1303 1136 1339 nota
1165 1302 1357 1349 facerent;
1387 1304 1430 1339 ut
1464 1300 1504 1340 G.
1533 1301 1714 1341 Octavius

148 1358 372 1407 Lampadio
396 1360 541 1398 Naevii
570 1360 764 1398 Punicum
796 1360 948 1405 bellum,
979 1361 1080 1409 quod
1110 1371 1188 1398 uno
1219 1361 1413 1399 volumine
1444 1363 1478 1399 et
1507 1362 1714 1400 continenti

146 1420 343 1466 scriptura
368 1420 581 1467 expositum
606 1419 739 1458 divisit
762 1420 805 1458 in
828 1422 970 1468 septem
994 1420 1134 1466 libros;
1161 1422 1205 1457 ut
1220 1422 1358 1468 postea
1384 1419 1426 1468 Q.
1454 1420 1713 1469 Varqwnteius

148 1478 310 1516 annales
335 1478 458 1523 Enni,
489 1490 583 1526 quos
614 1480 725 1517 certis
756 1479 890 1517 diebus
920 1480 964 1517 in
993 1491 1138 1528 maqna
1168 1480 1385 1527 frequentia
1408 1480 1714 1527 pronuntiabam

146 1539 191 1574 ut
225 1536 390 1576 Laelius
426 1537 644 1576 Archelaus
683 1537 908 1586 Vectiusque
941 1539 1184 1577 Philocomus
1221 1539 1355 1577 Lucili
1390 1541 1558 1577 saturas.
1601 1538 1656 1576 At
1690 1551 1714 1576 a

149 1595 336 1634 Suetonio
362 1596 463 1634 1111111
487 1597 567 1635 tale
592 1598 803 1636 memorari
826 1597 1022 1646 concedet,
1049 1599 1118 1647 qui
1136 1597 1256 1636 verba
1275 1599 1315 1635 et
1334 1598 1551 1636 sententiae
1570 1610 1713 1635 nexum

146 1656 307 1705 propius
334 1656 542 1706 aspexerit,
567 1657 677 1694 cuius
703 1657 751 1694 de
777 1669 823 1694 ea
847 1670 891 1695 re
912 1657 1113 1695 silentium
1138 1657 1236 1694 mihi
1257 1656 1353 1695 adeo
1372 1669 1443 1706 pro
1464 1657 1609 1695 diserto
1631 1669 1713 1695 esse

146 1715 374 1754 testimonio
399 1715 568 1754 videtur.
594 1715 742 1754 Verum
769 1716 868 1754 alios
895 1716 991 1755 duos
1018 1716 1175 1766 prodire
1200 1717 1319 1754 testes
1349 1716 1476 1764 iubeo,
1509 1716 1576 1765 qui
1609 1715 1714 1765 quod

146 1773 214 1812 ille
239 1774 405 1813 tacendo
431 1774 547 1813 docet
571 1777 706 1824 aperte
733 1777 772 1813 et
797 1777 843 1813 ut
868 1775 972 1814 absit
997 1775 1194 1814 dubitatio
1219 1775 1394 1813 tradunt.
1427 1775 1580 1813 Plinius
1608 1776 1712 1813 enim

145 1832 242 1871 haec
272 1834 314 1871 in
346 1834 521 1872 naturali
551 1835 720 1872 historia
746 1829 823 1888 (vn
846 1829 949 1888 101)
974 1835 1095 1873 refert
1121 1829 1228 1888 (ann.
1250 1847 1319 1873 xv1
1338 1835 1384 1871 fr.
1405 1828 1457 1887 1):
1485 1834 1527 1882 Q.
1553 1834 1712 1872 Ennius

151 1892 191 1931 T.
222 1892 435 1931 Caecilium
464 1894 654 1932 Teucrum
677 1895 915 1942 fratremque
941 1895 1023 1933 eius
1040 1895 1253 1942 praecipue
1277 1895 1444 1932 miratus
1462 1896 1623 1941 propter
1650 1904 1712 1931 eos

144 1954 294 1990 sextum
324 1953 514 1991 decimum
545 1953 686 1992 adiecit
710 1954 903 1992 annalem.
937 1952 1045 1998 Quae
1070 1954 1260 1990 memoria
1284 1952 1438 2000 hausta,
1470 1954 1516 1989 ut
1542 1951 1711 2000 videtur,

146 2023 190 2048 ex
216 2012 382 2050 vetustis
410 2011 575 2051 alicuius
602 2013 852 2062 grammatici
877 2012 1170 2050 commentariis
1195 2011 1429 2049 difficultate
1456 2010 1613 2060 quidem
1638 2011 1709 2048 im-

145 2070 280 2119 pedita
306 2072 366 2109 est
391 2071 538 2120 aliqua,
564 2084 684 2120 quam
709 2084 779 2110 suo
804 2071 890 2109 loco
915 2083 1152 2121 proponam:
1183 2070 1257 2108 hoc
1283 2071 1415 2107 tamen
1444 2071 1621 2118 apparet,
1651 2070 1711 2107 ita

145 2142 215 2167 nec
235 2129 409 2167 Plinium
428 2142 499 2167 nec
520 2143 609 2168 eum
628 2131 738 2168 cuius
757 2130 825 2168 ille
853 2131 1132 2168 auctoritatem
1152 2130 1330 2178 sequitur
1354 2128 1553 2166 locuturos
1577 2128 1710 2176 fuisse,

146 2189 223 2226 nisi
249 2188 423 2226 Ennium
449 2201 605 2227 carmen
636 2201 706 2238 per
738 2188 914 2238 singulos
946 2188 1067 2226 libros
1100 2188 1375 2237 conscripsisse
1406 2199 1477 2236 pro
1510 2189 1709 2237 comperto

261 2325 292 2371 ²⁸)
319 2326 498 2361 Romanis
517 2324 615 2368 libri,
637 2326 789 2361 Romais
807 2324 974 2370 reposuit
986 2323 1315 2360 Reifferscheidius
1335 2323 1388 2368 (id
1408 2323 1508 2368 quod
1527 2323 1602 2358 iam
1622 2324 1709 2358 ante

144 2372 169 2407 Ι.
185 2373 408 2418 Bernaysius
435 2372 664 2419 cogitaverat
689 2382 906 2416 mecumque
931 2372 1297 2417 communicaverat);
1324 2371 1424 2415 quod
1445 2370 1475 2405 si
1494 2381 1621 2405 verum
1641 2372 1707 2413 est,

144 2421 187 2455 ut
210 2420 368 2465 videtur,
394 2420 631 2466 grammatici
655 2420 780 2454 nescio
807 2419 911 2454 ouius
937 2420 1129 2454 inventum
1160 2429 1240 2454 esse
1271 2418 1466 2463 probabile
1498 2419 1570 2460 est3
1604 2417 1708 2452 cuius

144 2469 338 2512 praeterea.
362 2468 507 2502 nullum
533 2469 655 2502 exstat
679 2467 889 2512 vestigium,
923 2468 961 2501 et
985 2477 1032 2503 ne
1055 2466 1219 2501 Lucilius
1246 2466 1396 2510 quidem
1423 2476 1506 2500 cum
1532 2465 1709 2499 scriberet

144 2516 226 2559 (302
236 2525 288 2559 sq.
311 2515 365 2559 L.)
397 2519 473 2551 tota
498 2516 598 2550 Ilias
622 2526 700 2550 una
724 2519 791 2557 est,
821 2526 900 2549 una
924 2512 1031 2554 θέσις
1046 2518 1142 2549 sunt
1165 2514 1318 2549 annales
1343 2513 1468 2555 Enni,
1501 2514 1566 2547 aut
1591 2512 1707 2547 Varro

144 2562 254 2606 (Men.
271 2566 338 2597 398
346 2562 401 2607 Β.)
422 2562 487 2606 qui
507 2563 599 2597 dicit
613 2563 733 2607 poesis
752 2566 803 2597 est
815 2566 1029 2606 perpetuum
1049 2565 1300 2607 arqumentum
1319 2572 1336 2595 e
1354 2561 1529 2606 rhythmis
1547 2564 1590 2595 ut
1607 2560 1708 2594 Ilias

145 2610 297 2644 Homeri
326 2613 358 2644 et
388 2611 541 2645 annales
567 2610 674 2644 Enni
704 2609 917 2643 maluerunt
941 2609 969 2643 Ι
972 2609 1066 2643 liadi
1094 2609 1308 2644 Romaidem
1340 2607 1563 2651 coniungere
1595 2616 1706 2650 quam

144 2657 307 2699 annales,
326 2656 416 2691 licet
434 2657 529 2691 illud
549 2657 674 2702 aptius
699 2656 824 2698 fuerit,
848 2657 891 2690 ut
905 2655 1103 2690 Diomedes
1122 2655 1204 2700 ipse
1223 2654 1352 2690 scribit
1366 2660 1414 2699 (p.
1429 2657 1509 2696 483,
1523 2655 1558 2698 5)
1577 2654 1707 2706 spec-ies

144 2703 297 2746 heroica,
322 2708 365 2739 ut
388 2708 438 2739 est
463 2705 610 2740 Iliados
635 2708 667 2739 et
686 2704 875 2738 Aeneidos.
903 2702 982 2744 Quo
1006 2703 1129 2737 minus
1156 2701 1335 2737 credibile
1354 2703 1411 2736 est
1435 2702 1531 2734 hanc
1550 2700 1705 2752 inscrip-

144 2750 284 2785 tionem
310 2751 358 2785 ad
376 2751 539 2785 Ennium
564 2752 686 2796 ipsum
711 2750 842 2785 redire.
870 2749 999 2784 Simile
1025 2750 1116 2794 quid
1142 2750 1207 2784 sed
1233 2750 1361 2784 contra
1381 2748 1519 2782 accidit
1536 2746 1704 2787 Aene1d1,

145 2797 191 2832 de
217 2807 291 2841 qua
317 2798 462 2833 Servius
488 2798 527 2832 in
552 2811 589 2833 VI
605 2802 670 2833 752
697 2798 794 2833 unde
819 2798 927 2832 etiam
957 2797 1081 2841 inquit
1112 2798 1154 2832 in
1184 2797 1349 2840 antiquis
1380 2795 1583 2829 invenimus
1612 2803 1703 2837 opus

143 2845 207 2880 hoc
232 2846 453 2890 appellatum
473 2857 544 2881 esse
562 2857 636 2881 non
656 2845 850 2881 Aeneidem
867 2845 929 2880 sed
946 2850 1045 2890 qesta
1059 2845 1191 2889 populi
1211 2843 1389 2879 Romani:
1414 2841 1509 2885 quod
1527 2840 1606 2875 ideo
1625 2851 1703 2874 mu-

145 2895 261 2927 tatum
285 2897 337 2928 est
360 2894 447 2937 quia
472 2904 600 2928 nomen
626 2903 700 2928 non
725 2904 748 2927 a
770 2896 876 2936 parte
900 2892 962 2927 sed
986 2904 1010 2927 a
1035 2897 1107 2927 toto
1132 2891 1231 2926 debet
1255 2890 1350 2924 dari.

215 2957 240 2982 E
251 2964 370 2984 nurus
390 2958 435 2984 ed.
455 2958 582 2985 Vahlen.
1467 2945 1492 2980 k
