2054 3282
335 177 392 218 42
449 161 452 165 ’
880 168 1141 205 ANNALIUM
1165 169 1251 203 ΗΒ.
1272 167 1340 203 vn

1066 286 1151 320 XIII

333 354 419 396 232
450 352 642 406 Denique
674 351 715 392 vi
747 363 901 405 magna
933 348 1173 403 quadrupes
1205 361 1333 402 eques
1365 349 1494 403 atque
1526 347 1742 403 elephanti

450 423 671 464 Proiciunt
703 435 792 462 sese

1067 504 1152 539 XIV

332 571 419 613 234
450 569 590 611 Haece
622 568 789 610 locutus
821 569 956 622 vocat,
990 580 1174 621 quocum
1205 566 1312 608 bene
1344 581 1469 621 saepe
1499 567 1683 610 libenter

449 641 639 683 Mensam
671 652 970 691 sermonesque
1002 651 1102 679 suos
1134 652 1362 692 rerumque
1393 652 1565 680 suarum

447 767 530 802 XHI
549 769 643 812 (232)
682 766 822 801 Gellius
842 779 932 801 xvm
952 770 983 809 5,
997 769 1016 800 2
1040 765 1203 801 ‘Iuliano
1222 766 1418 801 nuntiatur
1436 767 1677 813 ἀναγνώστην
1703 767 1890 813 quendam

331 851 337 856 .
356 850 361 856 .
379 850 384 856 .
406 821 516 855 Ennii
537 820 687 855 annales
713 819 837 865 legere
864 820 911 854 ad
930 819 1111 864 populum
1130 819 1169 854 in
1188 819 1334 854 theatro
1357 849 1363 854 .
1381 849 1386 854 .
1402 849 1407 854 .
1434 820 1446 839 ⁴
1465 831 1576 865 quem
1595 832 1679 855 cum
1698 821 1774 855 iam
1792 821 1891 855 inter

329 875 497 920 ingentes
518 873 694 908 clamores
713 872 900 918 legentem
919 873 1197 917 invenissemus,
1217 873 1369 919 legebat
1388 875 1514 908 autem
1531 873 1669 908 librum
1688 884 1733 909 ex
1747 874 1891 909 annali-

329 928 397 962 bus
425 927 537 961 Ennii
565 926 773 971 septimum,
802 926 870 961 hos
903 937 987 961 eum
1015 926 1176 971 primum
1207 937 1332 961 versus
1360 937 1555 972 perperam
1585 927 1891 972 pronuntiantem

328 981 535 1015 audivimus
562 980 745 1024 «denique
767 1008 772 1014 .
791 1008 796 1013 .
814 1008 820 1014 .
842 991 954 1024 equus
980 981 1019 1025 (e
1029 991 1104 1014 cus
1131 980 1256 1026 pauci)
1284 981 1396 1024 atque
1417 1009 1423 1015 .
1441 1009 1447 1015 .
1465 1009 1470 1014 .
1493 991 1595 1016 sese»
1615 991 1735 1025 neque
1760 980 1889 1015 multis

328 1035 458 1079 postea
471 1034 634 1068 versibus
649 1033 788 1068 additis
803 1033 1078 1068 celebrantibus
1093 1044 1177 1068 eum
1189 1033 1507 1077 laudantibusque
1521 1034 1692 1068 omnibus
1707 1033 1887 1068 discessit.

331 1088 345 1107 ⁵
363 1089 442 1122 tum
467 1087 631 1121 Iulianus
657 1086 851 1132 egrediens
878 1098 898 1121 e
923 1087 1069 1121 theatro
1094 1087 1185 1131 quid
1204 1087 1308 1121 vobis
1327 1087 1451 1131 inquit
1470 1087 1516 1121 de
1534 1087 1606 1122 hoc
1626 1088 1834 1132 anagnosta
1853 1088 1891 1122 et

329 1141 375 1175 de
401 1141 640 1185 quadrupede
666 1151 760 1184 equo
786 1140 957 1175 videtur?
983 1140 1036 1175 sic
1062 1140 1161 1175 enim
1185 1139 1352 1185 profecto
1377 1140 1472 1185 legit
1498 1140 1682 1184 «denique
1703 1169 1709 1174 .
1727 1169 1733 1174 .
1751 1168 1757 1174 .
1778 1151 1891 1185 equus

329 1196 361 1239 (e
371 1205 444 1228 cus
463 1194 586 1238 pauci)
602 1195 714 1238 atque
730 1222 735 1228 .
753 1222 759 1228 .
777 1222 782 1228 .
799 1204 912 1230 sese».
924 1194 939 1214 ⁶
952 1194 1087 1238 ecquid
1099 1194 1254 1239 putatis,
1269 1193 1301 1228 si
1316 1194 1538 1239 magistrum
1550 1193 1890 1239 praelectoremque

327 1247 519 1282 habuisset
533 1247 690 1282 alicuius
704 1247 810 1291 aeris,
826 1248 1038 1292 quadrupes
1053 1258 1169 1292 equus
1184 1248 1370 1282 dicturum
1383 1247 1509 1290 fuisse,
1530 1258 1573 1282 ac
1589 1258 1663 1282 non
1677 1247 1889 1292 quadrupes

328 1305 463 1345 eques?
483 1301 581 1345 quod
602 1300 649 1335 ab
668 1300 788 1336 Ennio
808 1301 863 1335 ita
882 1301 1062 1346 scriptum
1080 1301 1325 1345 relictumque
1346 1311 1425 1335 esse
1444 1311 1551 1335 nemo
1571 1312 1667 1335 unus
1679 1300 1890 1335 litterarum

326 1355 489 1388 veterum
510 1354 670 1399 diligens
691 1354 879 1389 dubitavit
899 1383 999 1390 .....
1020 1355 1050 1374 ¹¹
1063 1355 1128 1389 sed
1154 1354 1253 1389 enim
1274 1355 1469 1389 contentus
1494 1354 1618 1399 inquit
1643 1365 1711 1399 ego
1737 1354 1795 1388 his
1815 1365 1889 1389 non

327 1407 381 1441 fui
401 1409 438 1441 et
455 1409 498 1441 ut
517 1418 591 1441 non
610 1407 784 1442 turbidae
803 1408 891 1442 fidei
910 1419 978 1443 nec
999 1408 1209 1453 ambiguae,
1230 1408 1295 1442 sed
1314 1409 1358 1442 ut
1375 1418 1491 1452 purae
1509 1407 1762 1452 liquentisque
1782 1408 1889 1450 esset,

327 1471 490 1504 equusne
511 1471 558 1495 an
578 1471 690 1505 eques
711 1461 891 1506 scriptum
910 1461 1052 1495 Ennius
1071 1461 1295 1505 reliquisset,
1315 1461 1452 1495 librum
1473 1471 1638 1495 summae
1658 1462 1770 1505 atque
1789 1471 1889 1495 reve-

326 1514 463 1548 rendae
491 1514 699 1557 vetustatis,
729 1525 840 1558 quem
868 1514 946 1549 fere
975 1514 1172 1550 constabat
1202 1514 1469 1559 Lampadionis
1497 1525 1611 1549 manu
1640 1514 1888 1557 emendatum,

327 1567 449 1602 studio
475 1568 671 1612 pretioque
695 1568 813 1603 multo
839 1569 949 1603 unius
975 1579 1100 1603 versus
1126 1568 1351 1613 inspiciendi
1380 1567 1504 1613 gratia
1529 1567 1689 1602 conduxi
1709 1568 1746 1601 et
1766 1578 1889 1611 eques,

326 1632 399 1655 non
424 1632 551 1665 equus,
579 1621 758 1666 scriptum
783 1622 822 1655 in
848 1632 890 1656 eo
916 1632 1023 1656 versu
1048 1621 1198 1656 inveni.’
1231 1621 1375 1655 Nonius
1399 1633 1435 1666 p.
1458 1624 1585 1663 106,3Ο
1614 1621 1797 1664 ‘equitem
1821 1631 1888 1665 pro

327 1685 420 1718 equo
446 1674 627 1720 Virgilius
653 1675 911 1720 georgicorum
936 1675 999 1709 lib.
1021 1688 1063 1709 111
1091 1675 1202 1721 [116].
1235 1674 1377 1708 Ennius
1403 1674 1531 1709 annali
1555 1673 1619 1708 lib.
1641 1687 1693 1708 vn
1718 1684 1790 1710 «an
1815 1685 1889 1708 non

327 1728 585 1772 quadrupedes
615 1728 809 1772 equites».’
839 1730 901 1773 (ac
926 1739 1013 1763 non
1037 1728 1214 1771 Rothius3
1241 1728 1390 1772 sumpta
1415 1727 1514 1761 enim
1533 1727 1626 1762 haec
1646 1738 1668 1762 a
1686 1726 1890 1762 festinante

325 1780 445 1815 Nonio
466 1792 511 1815 ex
530 1781 641 1816 Gellii
661 1781 781 1816 verbis
795 1792 907 1826 supra
921 1781 1068 1826 scriptis
1091 1781 1101 1797 ‘
1112 1792 1155 1815 ac
1174 1792 1248 1815 non
1262 1781 1474 1825 quadrupes
1489 1791 1601 1825 eques
1612 1781 1642 1824 ’ς
1663 1791 1735 1825 quo
1750 1781 1796 1815 de
1811 1780 1889 1815 dixi

326 1836 466 1878 quaest.
488 1835 579 1870 Enn.
603 1846 634 1870 a.
652 1838 742 1870 1852
761 1847 796 1880 p.
820 1837 887 1880 11).
968 1834 1178 1869 Macrobius
1200 1833 1273 1868 Sat.
1294 1847 1332 1868 VI
1352 1837 1383 1877 9,
1399 1837 1419 1868 9
1443 1834 1589 1869 ‘omnes
1610 1834 1756 1878 antiqui
1776 1834 1890 1879 scrip-

325 1889 422 1922 tores
447 1889 491 1922 ut
514 1888 702 1923 hominem
722 1899 816 1932 equo
836 1888 1071 1930 insidentem,
1098 1888 1153 1922 ita
1178 1888 1216 1921 et
1241 1898 1377 1931 equum
1403 1899 1486 1922 cum
1510 1889 1678 1932 portaret
1701 1887 1890 1922 hominem

326 1941 489 1985 equitem
513 1943 737 1976 vocaverunt
762 1943 799 1976 et
825 1941 993 1986 equitare
1018 1952 1092 1975 non
1117 1940 1305 1975 hominem
1330 1942 1478 1975 tantum
1501 1941 1566 1975 sed
1586 1951 1722 1985 equum
1741 1951 1889 1985 quoque

327 1994 508 2029 dixerunt.
529 1994 559 2015 ¹⁰
570 1994 712 2030 Ennius
732 1995 827 2030 libro
849 1994 1041 2030 annalium
1062 1994 1219 2039 septimo
1241 1994 1295 2028 ait
1315 1994 1520 2038 «denique.
1538 2022 1544 2028 .
1562 2022 1568 2028 .
1584 2005 1688 2039 eques
1707 1995 1819 2039 atque
1835 2023 1840 2028 .
1858 2023 1864 2028 .
1882 2022 1888 2028 .

327 2058 437 2084 sese».
457 2048 638 2093 numquid
660 2049 815 2083 dubium
835 2050 892 2083 est
911 2048 1002 2093 quin
1023 2048 1187 2092 equitem
1206 2047 1246 2082 in
1264 2047 1335 2082 hoc
1353 2047 1435 2082 loco
1456 2047 1579 2092 ipsum
1599 2057 1735 2092 equum
1754 2047 1891 2082 dixerit

328 2112 409 2135 cum
430 2102 638 2137 addidisset
657 2102 714 2136 illi
734 2102 927 2147 epitheton
942 2101 1181 2146 quadrupes.’
1282 2100 1428 2135 Servius
1436 2100 1556 2135 Vatic.
1571 2101 1611 2136 in
1625 2111 1749 2146 georg.
1764 2113 1806 2135 111
1821 2104 1889 2135 116

326 2166 361 2198 p.
378 2157 456 2198 286,
473 2159 515 2189 15
530 2155 625 2189 Thil.
644 2155 702 2190 ‘et
721 2155 846 2190 aliter:
866 2155 928 2190 hic
942 2154 1106 2199 equitem
1120 2154 1199 2188 sine
1214 2153 1328 2189 dubio
1349 2164 1486 2198 equum
1506 2154 1608 2197 dicit,
1625 2154 1786 2188 maxime
1806 2165 1890 2189 cum

327 2206 464 2242 inferat
475 2208 655 2243 insultare
669 2208 756 2244 solo.
778 2208 919 2243 Ennius
935 2207 1126 2243 annalium
1141 2207 1298 2253 septimo
1314 2207 1499 2252 «denique
1514 2236 1520 2242 .
1538 2235 1544 2241 .
1562 2235 1568 2241 .
1583 2219 1687 2252 eques
1706 2209 1818 2251 atque
1833 2235 1839 2242 .
1857 2235 1863 2242 .
1880 2235 1887 2242 .

329 2262 455 2296 sese».’
555 2262 610 2296 De
629 2262 700 2297 hac
720 2262 893 2307 equitis
913 2261 1186 2307 significatione
1200 2259 1443 2295 Woelfflinus
1464 2260 1545 2306 agit
1564 2260 1661 2295 arch.
1676 2260 1850 2306 lexicogr.
1866 2274 1889 2294 x

327 2325 362 2357 p.
380 2316 465 2356 2863
486 2314 550 2349 alii
571 2315 680 2350 aliter
698 2315 800 2350 velut
818 2314 1074 2350 Haverfieldus
1096 2313 1209 2348 class.
1224 2314 1311 2348 Rev.
1327 2327 1393 2348 x111
1409 2315 1528 2359 (1899)
1542 2326 1578 2358 p.
1594 2317 1672 2348 305.

446 2366 530 2401 X1V
544 2369 638 2413 (234)
666 2368 807 2403 Gellius
821 2382 872 2402 x11
886 2373 918 2411 4,
933 2372 950 2402 1
966 2368 976 2384 ‘
987 2367 1215 2412 descriptum
1230 2366 1497 2411 definitumque
1512 2368 1568 2401 est
1581 2378 1604 2401 a
1617 2366 1753 2409 Quinto
1767 2366 1887 2401 Ennio

327 2419 367 2454 in
387 2419 514 2454 annali
534 2421 690 2465 septimo
710 2422 889 2467 graphice
909 2421 1110 2456 admodum
1130 2420 1295 2464 sciteque
1321 2419 1389 2454 sub
1414 2420 1572 2454 historia
1591 2419 1739 2454 Gemini
1759 2419 1888 2454 Servili

327 2472 398 2507 viri
422 2472 557 2507 nobilis
584 2485 655 2518 quo
681 2475 832 2520 ingenio
859 2485 933 2519 qua
959 2474 1135 2508 comitate
1160 2483 1234 2518 qua
1252 2472 1437 2507 modestia
1457 2483 1531 2517 qua
1550 2472 1623 2507 fide
1642 2483 1717 2517 qua
1734 2472 1887 2518 linguae

327 2525 556 2571 parsimonia
576 2538 649 2570 qua
667 2527 844 2572 loquendi
858 2527 1113 2573 oportunitate
1126 2527 1268 2571 quanta
1283 2536 1405 2560 rerum
1420 2526 1658 2570 antiquarum
1670 2536 1887 2570 morumque

328 2580 493 2613 veterum
512 2590 555 2613 ac
574 2590 750 2615 novorum
763 2581 920 2616 scientia
934 2581 1148 2625 quantaque
1162 2579 1332 2613 servandi
1346 2578 1549 2623 tuendique
1563 2578 1694 2612 secreti
1707 2577 1887 2623 religione

330 2632 502 2677 qualibus
523 2632 682 2677 denique
703 2634 751 2668 ad
769 2634 990 2668 minuendas
1003 2633 1103 2667 vitae
1115 2632 1305 2667 molestias
1319 2631 1493 2666 fomentis
1506 2631 1725 2665 levamentis
1740 2631 1887 2666 solaciis

450 2780 534 2818 234
560 2779 689 2818 Haece
708 2780 861 2818 locutus
882 2792 976 2818 corr.
991 2792 1107 2828 pauc.
1240 2791 1408 2828 quocum
1426 2780 1548 2827 pauci
1578 2778 1772 2827 quodcum
1798 2779 1887 2816 libri

323 2840 519 2888 plerc'un
536 2840 598 2878 cui
609 2850 712 2877 mero
725 2840 916 2877 scribendi
930 2841 1051 2878 errori
1066 2839 1163 2878 nihil
1176 2840 1360 2877 tributum
1372 2839 1538 2886 oportuit
1631 2837 1728 2875 bene
1749 2849 1864 2886 saepe
1875 2851 1887 2874 .·

331 2899 376 2945 cf.
399 2899 451 2936 ad
469 2911 483 2935 1
501 2899 551 2946 fr.
573 2911 654 2936 xxv
