2004 3278
321 181 376 222 14
887 175 1149 210 ANNALIUM
1173 175 1261 209 Lm.
1283 175 1300 208 1

810 296 857 337 in
887 298 1021 337 monte
1051 300 1075 309 ‘²

522 361 679 403 Remus
711 360 902 415 auspicio
935 374 979 401 se
1010 359 1191 401 devovet
1221 362 1349 414 atque
1380 359 1607 401 secundam

319 434 375 475 80
406 432 531 474 Solus
562 446 684 473 avem
715 433 865 473 servat.
898 433 942 472 at
972 429 1182 472 Romulus
1212 429 1391 484 pulcher
1420 430 1466 471 in
1496 429 1584 472 alto

406 502 581 552 Quaerit
610 500 839 555 Aventino,
870 504 1011 543 servat
1042 515 1175 557 genus
1206 500 1519 542 altivolantum.

316 574 372 615 82
405 573 635 615 Certabant
664 572 814 614 urbem
846 572 1028 614 Romam
1060 571 1343 613 Remoramne
1373 573 1586 613 vocarent.

404 643 614 686 Omnibus
646 658 746 685 cura
776 644 878 685 viris
910 646 1006 684 uter
1036 645 1147 684 esset
1178 643 1464 697 induperator.

317 715 373 757 84
404 715 655 770 Expectant,
686 713 820 756 veluti
851 713 999 756 consul
1031 728 1128 755 cum
1159 714 1329 755 mittere
1360 714 1531 770 signum

403 784 509 827 Volt
540 800 686 827 omnes
718 785 832 827 avidi
863 787 1057 839 spectant
1087 785 1141 826 ad
1171 784 1350 826 carceris
1382 799 1490 841 oras,

316 857 371 898 86
404 855 541 906 Quam
572 871 673 898 mox
704 856 873 898 emittat
903 856 1030 910 pictis
1063 870 1085 897 e
1115 856 1310 897 faucibus
1342 869 1501 909 currus,

404 926 476 970 Sic
506 927 755 983 expectabat
786 926 971 982 populus
1002 929 1130 981 atque
1161 941 1233 968 ore
1264 926 1444 968 timebat

403 997 559 1052 Rebus,
590 999 677 1040 utri
707 998 853 1054 magni
883 998 1064 1039 victoria
1094 997 1151 1039 sit
1182 997 1281 1038 data
1309 997 1442 1053 regni.

403 1068 571 1111 Interea
601 1068 666 1111 sol
697 1068 819 1110 albus
849 1068 1024 1110 recessit
1054 1068 1100 1110 in
1131 1068 1267 1109 infera
1297 1068 1448 1109 noctis.

316 1140 373 1181 90
403 1139 517 1181 Exin
547 1140 725 1181 candida
755 1154 800 1181 se
830 1139 960 1180 radiis
992 1139 1108 1180 dedit
1139 1139 1224 1180 icta
1254 1139 1368 1180 foras
1399 1138 1474 1180 lux

403 1209 462 1251 Et
492 1210 620 1251 simul
652 1225 703 1252 ex
733 1210 821 1252 alto
853 1209 981 1266 longe
1011 1209 1312 1264 pulcherruma
1341 1223 1519 1264 praepes

316 1281 372 1323 92
403 1281 542 1322 Laeva
572 1280 735 1322 volavit
765 1281 867 1323 avis.
900 1280 1028 1322 simul
1060 1295 1213 1322 aureus
1245 1280 1436 1322 exoritur
1467 1279 1544 1334 sol,

404 1350 570 1393 Cedunt
601 1351 651 1393 de
683 1351 800 1393 caelo
831 1354 897 1393 ter
928 1354 1131 1406 quattuor
1161 1366 1340 1406 corpora
1370 1353 1517 1393 sancta

315 1422 372 1463 94
402 1421 572 1475 Avium,
603 1422 876 1477 praepetibus
908 1437 998 1464 sese
1029 1422 1305 1477 pulchrisque
1335 1421 1441 1464 locis
1473 1422 1586 1464 dant.

403 1492 623 1548 Conspicit
653 1493 751 1535 inde
783 1494 867 1535 sibi
898 1493 996 1535 data
1027 1493 1237 1535 Romulus
1269 1508 1360 1535 esse
1390 1493 1545 1548 priora,

401 1563 608 1619 Auspicio
639 1565 761 1620 regni
793 1564 985 1606 stabilita
1015 1578 1188 1606 scamna
1218 1564 1453 1619 solumque.

316 1674 579 1720 «praepetibus
593 1685 673 1709 sese
682 1675 824 1719 pulcris
836 1674 927 1709 locis
942 1675 1083 1710 dant».'
1154 1674 1339 1719 Excerpta
1352 1685 1397 1709 ex
1410 1674 1490 1709 cod.
1506 1674 1645 1709 Cassin.
1658 1678 1703 1709 90
1717 1673 1754 1710 C.
1767 1674 1822 1709 Gl.
1835 1675 1874 1709 L.

315 1741 337 1762 v
356 1739 391 1772 p.
409 1731 488 1770 578,
505 1731 525 1762 3
548 1727 684 1762 ‘Rome
704 1728 875 1762 conditor
899 1730 1021 1763 certus
1041 1728 1215 1763 nescitur.
1243 1727 1428 1762 Salustius
1448 1728 1562 1762 dicit.
1580 1756 1586 1762 .
1605 1727 1807 1773 .Vergilius
1827 1728 1875 1763 ab

315 1780 507 1824 Ebandm,
534 1781 675 1815 Ennius
702 1782 740 1816 et
767 1781 832 1815 alii
859 1792 881 1816 a
899 1781 1085 1816 Romulo.'
1108 1781 1160 1816 Cf,
1176 1781 1321 1815 Servius
1342 1781 1526 1816 Danielin.
1542 1781 1581 1815 in
1601 1781 1690 1816 Aen.
1705 1794 1718 1815 1
1739 1785 1806 1816 273
1827 1781 1875 1816 ad

315 1847 429 1869 xxv111
450 1834 670 1879 adscriptus.

437 1959 489 1996 79
522 1958 626 1996 Hinc
645 1958 790 1996 Remus
809 1959 992 2007 vulgatur
1008 1959 1121 1996 nulla
1144 1959 1222 2006 fide
1348 1958 1561 1997 devoverat
1586 1971 1686 2007 quae
1711 1959 1816 1998 Voss.
1836 1957 1876 1996 A

317 2017 567 2067 devoveratq.
590 2018 702 2055 Viml.
825 2018 880 2055 80
902 2025 976 2055 aue
998 2029 1093 2055 corr.
1121 2029 1165 2055 ex
1184 2012 1254 2056 aut
1282 2018 1387 2055 Voss.
1408 2017 1448 2055 Β
1473 2019 1605 2056 autem
1626 2012 1747 2070 (aut)
1769 2018 1875 2056 Voss.

317 2075 356 2112 A
379 2077 489 2114 Vinci.
613 2077 666 2115 81
695 2077 982 2115 altevolantum
1008 2072 1352 2129 (altemolantum,
1371 2089 1391 2114 e
1411 2088 1430 2114 e
1448 2088 1557 2121 corr„
1577 2077 1683 2115 Voss.
1696 2072 1755 2129 B)
1776 2077 1875 2115 libri.

321 2135 430 2183 Confi
450 2136 569 2174 Lacr.
590 2148 616 2174 v
637 2145 719 2182 433
741 2135 834 2174 Alte
855 2136 1004 2185 volans,
1026 2137 1094 2174 sed
1111 2136 1341 2175 Macrobius
1359 2135 1440 2174 Sat.
1460 2148 1503 2174 v1
1525 2145 1562 2184 2,
1580 2144 1629 2182 23
1651 2136 1876 2174 Altivolans

437 2194 491 2232 82
517 2207 765 2233 rem**amne
791 2190 887 2248 (fuit
909 2190 1173 2248 remoramne)
1195 2196 1301 2234 Voss.
1322 2195 1362 2233 Β
1483 2195 1538 2233 84
1568 2195 1806 2244 Expectant:
1830 2196 1878 2233 de

317 2253 445 2300 forma
469 2256 656 2292 orationis
681 2256 967 2302 comparati-vae
991 2255 1074 2293 dix-2·
1099 2255 1122 2292 l.
1143 2266 1172 2292 ο.
1191 2267 1234 2302 p.
1262 2263 1338 2302 115
1351 2264 1364 2289 1
1397 2266 1451 2302 sq.
1561 2266 1649 2291 cum
1675 2265 1770 2291 corr.
1790 2266 1876 2292 com

326 2312 431 2349 Voss.
446 2312 485 2348 Β
505 2318 549 2350 06
571 2313 676 2351 Voss.
692 2311 753 2359 Α,·
777 2314 970 2361 opinabar
995 2326 1113 2362 quom
1222 2314 1275 2351 86
1304 2325 1473 2362 quamox
1498 2314 1643 2361 optimi,
1670 2315 1877 2351 correctum

317 2371 359 2407 in
385 2371 635 2410 deterioribus
642 2382 656 2418 ,·
674 2371 817 2410 Festus
831 2385 875 2420 p.
897 2370 996 2423 348,
1018 2382 1059 2408 11
1088 2373 1156 2410 Th.
1178 2385 1297 2422 quam
1315 2384 1406 2409 mox
1426 2371 1623 2422 significat
1643 2385 1761 2421 quam
1787 2372 1878 2421 cito,

318 2428 386 2467 sed
412 2429 445 2467 si
469 2442 539 2478 per
565 2442 604 2468 se
629 2443 753 2480 ponas
778 2443 887 2480 molt,
912 2431 1151 2481 significabit
1180 2432 1299 2481 paulo
1331 2432 1422 2480 post
1449 2431 1511 2468 vel
1541 2432 1691 2480 postea.
1722 2431 1876 2469 Eadem

317 2488 479 2526 Paulus.
520 2488 579 2535 Of.
606 2489 800 2538 Berykius
829 2502 957 2538 opusc.
983 2503 997 2527 1
1019 2503 1061 2538 p.
1085 2499 1166 2539 233
1193 2490 1451 2528 Buechelerus
1480 2501 1577 2527 mus.
1603 2490 1724 2527 Rhen.
1749 2501 1875 2527 xxxw

311 2559 355 2595 p.
378 2556 401 2594 3
407 2557 462 2595 34
482 2559 535 2595 sq.
638 2549 690 2586 87
719 2561 785 2587 ore
809 2549 976 2587 timebat
994 2549 1137 2597 Rebus,
1162 2550 1260 2587 utri:
1279 2550 1513 2597 scriptura-m
1531 2560 1629 2596 quae
1649 2550 1703 2585 est
1719 2549 1875 2596 optimo-

317 2618 407 2644 rwm
426 2600 515 2659 (ora
538 2606 699 2645 tenebat
722 2604 956 2656 vulgabatur
981 2620 1025 2646 ex
1050 2602 1318 2660 detmioribus)
1338 2610 1373 2646 et
1390 2608 1600 2645 orationem
1626 2607 1735 2644 varie
1758 2610 1874 2655 temp-

319 2668 440 2703 tatam
466 2666 661 2703 vindicavi
680 2666 702 2703 l.
724 2678 752 2705 c.
764 2679 808 2714 p.
830 2676 843 2701 1
860 2676 873 2702 1
885 2676 907 2713 5
915 2677 937 2714 3
1062 2668 1115 2704 92
1142 2667 1297 2705 &simul
1313 2667 1418 2705 Voss.
1435 2664 1475 2703 A
1495 2668 1529 2704 et
1550 2678 1600 2703 m.
1612 2677 1678 2713 pr.
1700 2665 1812 2704 Vind.
1827 2678 1874 2701 *ια

319 2724 437 2762 simul
459 2725 564 2762 Voss.
584 2724 636 2768 B,
654 2725 732 2772 fuit
749 2725 799 2763 s&
818 2725 937 2763 simul
1029 2727 1082 2764 93
1110 2728 1297 2775 quattuor
1316 2725 1556 2773 bisyllabum,
1576 2725 1623 2771 cf.
1644 2724 1875 2763 Ritschelius

318 2795 404 2831 opp.
423 2795 469 2820 111
489 2795 530 2831 p.
547 2780 631 2830 638
650 2795 688 2821 n.
704 2782 789 2831 650
806 2796 843 2822 n.
870 2784 1150 2823 Lachmamms
1176 2786 1228 2823 ad
1252 2785 1371 2822 [faor.
1391 2796 1437 2821 m
1457 2792 1539 2831 917
1648 2784 1701 2820 94
1727 2784 1874 2821 Auium

320 2842 560 2889 bis-yllabum,
578 2843 625 2890 cf.
640 2842 920 2881 Lachmannus
939 2844 962 2881 l.
977 2855 1005 2880 e.
1117 2845 1170 2882 95
1197 2845 1331 2892 priora
1356 2855 1452 2881 corr.
1473 2853 1517 2880 ex
1534 2842 1697 2899 (ppriam
1717 2843 1820 2881 Voss.
1835 2842 1875 2879 Β

320 2901 521 2950 propriam
541 2902 646 2939 Voss.
661 2899 700 2938 A
718 2901 830 2939 Vim.
