2004 3278
839 156 1039 192 SERVIUS
1629 160 1724 197 CVII

168 266 350 316 Scipione
376 260 486 319 (vm)
514 268 651 305 attulit
674 270 825 315 sparsis
849 270 969 308 hasti-s
994 270 1117 319 lonyis
1142 283 1300 320 campus
1330 273 1500 320 splendet
1525 277 1558 312 et
1587 275 1723 319 horret,

168 338 283 375 quem
310 325 468 364 Servius
495 325 600 363 haud
633 326 748 364 dubie
774 329 816 365 in
841 330 970 367 mente
995 329 1135 368 habuit
1160 332 1200 369 et
1224 343 1312 369 cum
1336 331 1565 383 Vergiliano
1595 333 1722 371 confe-

165 385 331 423 rendum
363 385 485 423 duxit.
524 385 578 422 Et
604 398 680 434 quo
706 387 832 436 magis
858 388 1109 437 perspicuum
1133 389 1204 427 fiat
1228 390 1273 427 in·
1294 390 1368 428 hoc
1398 404 1536 442 genere
1563 392 1720 431 Servius

168 444 263 493 quid
287 444 526 493 probaverit,
552 456 630 483 uno
650 446 826 494 exemplo
846 448 937 483 utar
957 447 1101 485 alieno:
1127 461 1154 486 v
1175 449 1255 486 591
1279 445 1518 497 ‘franyeret'.·
1539 451 1724 498 deciperet

165 504 326 552 falleret.
347 504 422 541 Est
440 506 568 541 autem
586 515 720 541 versus
742 503 897 543 Catulli.
917 505 1026 543 Dicit
1046 518 1202 544 versum
1221 509 1404 546 carminis
1424 521 1519 548 LXIV
1536 511 1616 547 115
1638 512 1722 549 tecti

165 563 424 611 frustraretur
447 563 740 601 inobservabilis
766 575 890 608 error,
915 564 1085 614 Vergilii
1113 567 1245 603 autem
1274 579 1408 605 versus
1440 570 1500 606 est
1529 570 1723 617 franyeret

167 620 354 670 (falleret)
379 622 634 670 indeprensus
660 625 694 660 et
716 623 978 661 inremeabilis
1003 635 1119 662 error.
1158 623 1336 674 Apparet
1362 639 1479 674 quam
1509 628 1637 666 tenuis
1670 629 1722 666 sit

167 681 373 719 amborum
397 681 628 720 similitudo.

284 739 396 778 Alibi
422 740 580 779 Servius
607 741 664 779 sic
688 741 866 789 loquitur
890 753 932 780 1v
952 742 1036 780 404
1065 738 1110 780 ‘it
1132 744 1289 791 niyrum
1314 745 1460 791 campis
1486 743 1634 792 aymen’
1655 775 1663 782 .
1685 776 1692 783 .
1715 776 1722 783 .

167 803 200 839 et
225 802 279 838 est
301 801 581 838 hemistichium
600 800 727 838 Ennii
752 800 798 838 de
823 800 999 848 elefantis
1019 802 1162 839 dictum
1182 796 1289 853 (ann.
1312 797 1434 855 474)3
1460 816 1499 840 1x
1524 804 1604 841 163
1628 801 1723 842 ‘ver-

166 862 252 897 tunt
275 862 446 898 crateras
472 856 619 898 aenos’:
641 862 821 907 potantes
853 860 1095 899 exhauriunt.
1128 861 1183 898 Et
1213 864 1266 899 est
1295 862 1572 901 hemistichium
1597 863 1723 901 Enni-

167 931 288 957 anum
306 912 415 972 (ann.
438 912 559 971 511);
579 931 637 956 xn
658 918 740 956 552
765 915 932 957 ‘summa
950 921 1129 957 nituntur
1148 931 1264 968 opum
1282 917 1352 958 vi⁷:
1376 922 1652 960 hemistichium
1672 926 1724 960 est

166 978 410 1016 Ennianum.
442 978 496 1016 Et
520 978 594 1016 hoc
618 990 756 1016 verum
781 979 841 1016 est
862 979 1007 1028 quippe
1027 979 1116 1017 aliis
1136 979 1303 1018 testibus
1324 979 1595 1018 confirmatum
1616 975 1721 1032 (ann.

169 1038 263 1075 161.
286 1032 408 1090 412);
435 1037 481 1076 de
507 1037 657 1076 duobus
678 1037 945 1086 superioribus
965 1051 1045 1076 una
1065 1037 1194 1076 Servii
1212 1038 1286 1076 fide
1306 1039 1521 1077 nitentibus
1542 1041 1601 1077 est
1621 1040 1724 1088 quod

167 1096 356 1147 ambigas.
383 1096 571 1146 Apertius
591 1109 674 1134 rem
694 1096 937 1148 significavit
955 1110 997 1134 lx
1013 1097 1093 1136 501
1118 1094 1174 1136 ‘at
1192 1098 1284 1135 tuba
1303 1099 1509 1136 terribilem
1527 1096 1724 1136 sonitum’:

166 1157 445 1194 hemistichium
469 1157 612 1201 anii,
643 1169 738 1195 nam
761 1158 958 1204 sequentia
982 1158 1052 1195 iste
1079 1158 1262 1195 mutavit:
1291 1158 1356 1196 ille
1387 1159 1487 1195 enim
1519 1158 1570 1195 ad
1601 1160 1722 1204 expri-

166 1215 348 1254 mendum
366 1216 479 1254 tubae
497 1227 635 1254 sonum
655 1217 711 1254 ait
731 1212 995 1254 ‘taratantara
1014 1213 1138 1254 dixit’.
1165 1217 1220 1254 Et
1236 1217 1358 1254 multa
1377 1217 1492 1255 huius
1510 1217 1614 1255 modi
1635 1217 1724 1255 Ver-

163 1275 283 1323 9ilius
308 1287 395 1313 cum
419 1286 561 1323 aspera
584 1276 773 1314 invenerit
790 1278 933 1313 mutat:
957 1276 1048 1314 bene
1066 1279 1194 1314 tamen
1211 1277 1272 1314 hic
1291 1270 1473 1328 (Ennius,
1497 1271 1613 1327 puto)
1635 1277 1723 1314 elec-

166 1335 215 1372 tis
241 1335 368 1372 verbis
397 1335 574 1373 imitatur
603 1345 742 1373 sonum
772 1336 954 1373 tubarum
984 1329 1091 1386 (ann.
1115 1330 1229 1387 140).
1262 1335 1320 1372 De
1345 1336 1473 1373 vitata
1498 1348 1521 1372 a
1545 1334 1722 1385 Vergilio

167 1394 381 1443 asperitate
401 1393 522 1432 Ennii
543 1393 701 1432 Servius
722 1406 780 1431 XII
802 1394 883 1432 115
912 1395 951 1432 et
975 1407 990 1431 1
1011 1394 1062 1432 51
1093 1406 1192 1443 quae
1219 1406 1338 1443 supra
1364 1394 1482 1431 attuli
1508 1394 1721 1432 admonuit.

284 1453 470 1491 Nondum
495 1453 658 1492 exhausi
684 1453 933 1492 citandorum
957 1466 1142 1492 versuum
1167 1454 1437 1492 Ennianorum
1462 1453 1608 1491 formas
1636 1453 1722 1491 Ser-

166 1513 317 1560 vianas‚
348 1513 526 1561 loquitur
556 1513 661 1550 enim
689 1514 811 1551 etiam
836 1514 911 1551 ita:
943 1525 1016 1552 v111
1037 1513 1121 1551 500
1149 1509 1234 1560 ‘flos
1259 1509 1456 1551 veterum':
1480 1513 1722 1550 Ennianum.

168 1570 297 1617 Quid?
322 1571 418 1610 Flos
442 1570 637 1610 veterum?
662 1572 800 1621 Immo,
826 1573 871 1610 ut
892 1573 1001 1622 puto,
1027 1573 1098 1619 flos
1117 1572 1305 1610 delibatus
1318 1572 1458 1619 populi
1478 1567 1584 1624 (ann.
1608 1566 1722 1623 308).

166 1630 277 1668 Alibi
302 1630 414 1669 addit
438 1631 569 1680 ipsum
596 1631 701 1681 quod
726 1632 952 1670 Ennianum
978 1644 1060 1670 esse
1085 1632 1182 1669 vult.
1202 1644 1244 1669 IX
1267 1632 1319 1669 37
1349 1628 1479 1669 ‘hostis
1499 1627 1634 1668 adest’:
1664 1631 1724 1668 hic

166 1690 492 1738 distinguendum,
517 1693 560 1729 ut
586 1687 701 1729 ‘heia'
728 1692 896 1730 militum
919 1692 971 1729 sit
987 1692 1285 1739 properantium
1311 1691 1476 1736 clamor;
1507 1693 1540 1727 et
1564 1692 1617 1728 est
1642 1690 1723 1727 En-

165 1751 349 1794 nianum,
383 1751 450 1798 qui·
481 1751 538 1788 ait
569 1747 671 1789 ‘heia
701 1747 942 1789 machaeras'
971 1745 1079 1803 (ann.
1102 1750 1154 1788 59
1163 1743 1223 1802 7);
1261 1762 1302 1787 ix
1324 1749 1406 1787 526
1436 1746 1540 1787 ‘oras
1571 1749 1724 1787 evolvite

167 1805 305 1847 belli’.·.
322 1840 329 1848 .
345 1838 352 1845 .
372 1812 533 1848 narrate
556 1821 635 1848 non
660 1813 811 1848 tantum
830 1811 945 1848 initia
962 1810 1030 1848 sed
1049 1811 1164 1848 etiam
1183 1811 1349 1848 extrema
1368 1808 1572 1847 bellorum.
1590 1838 1596 1846 .
1613 1838 1620 1846 .
1636 1807 1722 1845 add.

165 1867 320 1906 Daniel.
357 1871 411 1906 est
441 1871 568 1907 autem
599 1870 833 1908 Ennianum
865 1866 948 1917 ‘qui
970 1871 1076 1917 potis
1105 1870 1270 1917 inqentis
1301 1879 1390 1906 oras
1422 1868 1587 1906 evolvere
1621 1863 1721 1905 belli’

167 1921 274 1979 (ann.
304 1922 420 1980 174).
458 1939 500 1965 ix
528 1928 611 1966 653
646 1923 838 1981 (Daniel.)
873 1925 1040 1967 ‘cetera'.·
1069 1928 1112 1966 id
1143 1930 1196 1966 est
1225 1929 1269 1965 in
1302 1929 1474 1965 ceterum.
1514 1929 1567 1964 est
1597 1928 1724 1964 autem

166 1986 400 2025 Ennianum
427 1984 565 2026 ‘cetera
589 1999 683 2036 quos
701 1989 888 2036 peperisti
908 1999 956 2026 ne
975 1984 1098 2025 cures’
1121 1980 1228 2038 (ann.
1251 1980 1336 2037 56).
1363 1998 1404 2023 1x
1427 1986 1509 2022 744
1531 1979 1722 2037 (Daniel.)

168 2042 340 2084 ‘versat':
370 2046 504 2091 librat,
534 2048 672 2085 iactat:
707 2049 741 2084 et
770 2049 824 2085 est
854 2047 1087 2084 Ennianum
1114 2042 1257 2083 ‘versat
1284 2040 1517 2082 mucronem’
1546 2040 1637 2095 (inc.
1666 2037 1721 2093 3).

165 2104 345 2154 Denique
370 2118 397 2142 x
419 2105 442 2143 5
472 2102 774 2153 ‘bipatentibus':
785 2106 944 2154 physice
963 2105 1061 2143 dixit
1074 2134 1082 2142 .
1097 2134 1104 2142 .
1121 2134 1129 2141 .
1150 2106 1204 2142 est
1224 2106 1351 2142 autem
1368 2113 1491 2141 sermo
1511 2102 1723 2140 Ennianus

167 2158 275 2217 (ann.
299 2158 384 2215 61).
410 2176 436 2200 x
453 2164 475 2201 6
499 2160 733 2211 ‘quianam'.·
751 2175 831 2208 cur,
851 2175 981 2211 quare.
1002 2163 1214 2201 Ennianus
1232 2173 1355 2200 sermo
1376 2164 1445 2200 est:
1466 2160 1552 2199 add.
1567 2160 1721 2199 Daniel.

168 2220 371 2271 ‘quianam
390 2223 553 2271 leqiones
573 2223 768 2261 caedimus
787 2219 906 2270 ferro'
929 2216 1036 2274 (ann.
1060 2216 1174 2274 127).
1213 2233 1271 2258 x11
1291 2220 1374 2259 605
1392 2217 1528 2268 ‘flavos
1546 2220 1723 2259 Lavinia

166 2279 321 2321 crines':
349 2283 511 2330 antiqua
536 2282 642 2321 lectio
670 2278 815 2329 ‘floros'
842 2282 986 2325 habuit,
1017 2281 1059 2319 id
1084 2283 1138 2319 est
1160 2280 1380 2328 florulentos
1402 2310 1409 2317 .
1431 2310 1438 2317 .
1465 2282 1498 2317 et
1523 2282 1577 2318 est
1598 2290 1722 2317 sermo

166 2342 380 2380 Ennianus
406 2335 500 2393 (inc.
523 2334 609 2393 24).
658 2354 701 2380 VI
723 2342 804 2378 748
834 2337 973 2378 ‘rotam
996 2341 1144 2378 volvere
1156 2352 1230 2388 per
1250 2336 1404 2377 annos':
1428 2340 1629 2387 eoeeyerunt
1645 2340 1722 2376 sta-

166 2403 290 2438 tutum
315 2403 461 2448 tempus
479 2412 554 2448 per
577 2412 770 2439 annorum
789 2400 1072 2438 volubilitatem.
1094 2402 1148 2437 est
1166 2401 1292 2437 autem
1310 2409 1433 2437 sermo
1452 2398 1589 2436 Ennii.
1614 2397 1723 2435 Haec

167 2459 218 2498 ad
249 2472 337 2499 ann.
361 2460 443 2498 558
476 2460 566 2498 inde
590 2461 774 2508 patefecit
801 2459 928 2497 radiis
959 2461 1045 2497 rota
1076 2458 1246 2497 candida
1277 2457 1425 2496 caelum
1457 2457 1647 2506 adscripsi
1684 2457 1723 2494 et

166 2520 306 2568 putavi
338 2519 387 2558 ad
421 2520 546 2558 solam
582 2531 718 2557 vocem
754 2521 839 2557 rota
869 2518 1081 2567 pertinere3
1114 2517 1161 2555 de
1193 2529 1270 2566 qua
1300 2529 1342 2554 re
1368 2516 1587 2567 Bellingius
1618 2517 1722 2552 recte

166 2577 370 2627 iudicavit,
396 2579 465 2627 qui
489 2591 615 2627 nuper
640 2579 777 2616 contra
802 2577 903 2615 dixit
927 2577 970 2614 R.
991 2576 1171 2615 Helmius
1191 2588 1299 2614 meus
1325 2576 1488 2614 erravit:
1512 2585 1722 2613 sermonem

167 2637 272 2675 enim
292 2637 473 2676 Servium
492 2649 628 2675 vocem
647 2637 888 2687 singularem
908 2636 1035 2674 dicere
1056 2648 1144 2674 cum
1162 2636 1244 2674 illis
1264 2635 1450 2684 exemplis
1479 2646 1576 2683 quae
1602 2644 1721 2681 supra

167 2696 289 2734 Ennii
314 2708 433 2735 causa
458 2697 662 2746 composui
691 2698 778 2734 tum
804 2695 893 2734 aliis
919 2695 1099 2745 pluribus
1130 2694 1331 2744 probatur,
1363 2694 1473 2731 velut
1491 2705 1531 2729 lx
1553 2691 1634 2729 225
1668 2693 1722 2728 est

167 2756 316 2794 Lucilii
346 2767 479 2794 versus
510 2767 588 2793 uno
620 2758 770 2794 tantum
799 2765 971 2793 sermone
1001 2757 1146 2792 mutato
1176 2753 1303 2802 (regni
1333 2765 1403 2802 pro
1435 2748 1648 2796 hominum)
1681 2750 1721 2786 et

167 2826 209 2852 xi
229 2815 254 2852 4
280 2815 324 2852 in
348 2815 416 2853 hoc
439 2826 611 2853 sermone
637 2813 763 2862 (eous)
782 2814 919 2861 prima
942 2814 1095 2862 syllaba
1118 2812 1350 2851 naturaliter
1380 2811 1494 2857 lonya
1525 2811 1587 2851 est,
1620 2806 1718 2845 aliis.

284 2873 375 2912 Non
411 2887 500 2912 raro
534 2873 692 2912 Servius
729 2885 837 2911 mera
873 2872 1066 2912 voeabula
1102 2872 1165 2911 vel
1195 2870 1473 2909 vocabulorum
1503 2867 1648 2906 formas
1681 2866 1721 2903 et
