2054 3282
861 175 1055 211 ALCMEO
1619 175 1701 217 123

143 295 201 337 24
232 294 355 338 Alter
380 296 616 338 terribilem
642 296 830 338 minatur
857 296 967 338 vitae
994 296 1227 338 cruciatum
1254 299 1297 338 et
1321 311 1484 352 necem3

236 366 352 417 Quae
377 381 503 409 nemo
530 369 593 408 est
619 370 708 409 tam
734 368 857 409 firmo
884 367 1056 424 ingenio
1084 370 1126 409 et
1151 369 1271 409 tanta
1297 367 1553 409 confidentia

233 437 346 488 Quin
371 438 558 495 refugiat
583 438 734 480 timido
762 453 952 495 sanguen
977 441 1106 493 atque
1131 438 1371 481 exalbescat
1397 441 1514 481 metu

234 543 391 552 000000

903 590 953 625 III

843 661 1008 688 ALGMEO

143 725 196 766 27
547 724 657 765 unde
683 723 788 765 haec
813 723 985 765 flamma
1010 723 1174 765 oritur?

142 849 198 890 28
772 847 930 903 incede,
957 848 1114 902 incede,
1142 848 1306 902 adsunt,
1334 864 1400 890 me
1421 851 1636 904 expetunt.

142 991 248 1032 esset,
264 989 526 1035 optabiliorem
546 989 624 1024 fore
644 989 759 1024 vitam
779 988 1044 1033 melioremque
1065 990 1102 1023 et
1120 988 1241 1034 magis
1262 990 1521 1035 expetendam,
1536 1001 1647 1035 quam
1664 990 1708 1024 il-

141 1043 224 1086 lius,
246 1043 310 1088 qui
331 1053 448 1088 aeque
469 1043 523 1077 vir
542 1042 660 1078 bonus
681 1042 837 1079 «multis
861 1042 1011 1078 modis»
1033 1044 1140 1085 esset,
1161 1044 1204 1077 ut
1226 1043 1323 1077 Enni
1347 1043 1508 1086 Alcmeo,
1531 1044 1709 1080 «circum-

141 1098 270 1132 ventus
287 1125 292 1130 .
308 1125 313 1130 .
329 1125 334 1131 .
350 1096 528 1142 inopia».’
627 1095 730 1131 Idem
744 1096 790 1131 de
804 1097 895 1131 orat.
911 1109 952 1130 111
968 1100 1022 1139 38,
1038 1099 1104 1131 154
1122 1096 1132 1113 ‘
1143 1098 1327 1131 novantur
1341 1099 1466 1132 autem
1480 1097 1592 1132 verba
1612 1107 1708 1141 quae

141 1150 188 1185 ab
209 1162 251 1185 eo
272 1151 336 1194 qui
357 1150 450 1186 dicit
468 1150 549 1195 ipso
563 1150 770 1196 gignuntur
789 1160 832 1184 ac
846 1149 939 1184 fiunt
953 1149 1010 1184 vel
1025 1149 1294 1195 coniungendis
1310 1150 1430 1185 verbis
1443 1152 1486 1185 ut
1499 1151 1592 1185 haee
1606 1152 1708 1186 «tum

142 1233 171 1239 ..
194 1215 340 1239 omnem
364 1204 458 1238 mihi
481 1203 611 1249 (mihi
639 1213 812 1238 omnem
837 1214 924 1248 pars
951 1203 1193 1249 integrorum)
1220 1204 1430 1240 emanimato
1457 1208 1708 1248 eaepectorawm

142 1270 253 1294 <mum
275 1269 349 1293 non
370 1257 422 1292 vis
445 1257 555 1291 huius
581 1267 640 1291 me
662 1256 933 1300 versutiloquas
959 1256 1148 1292 malitias»
1169 1258 1277 1302 (trag.
1303 1257 1372 1291 inc.
1397 1261 1464 1291 114
1484 1258 1552 1303 R).
1574 1257 1708 1292 videtis

141 1311 241 1346 enim
261 1313 298 1346 et
317 1310 646 1356 «versutiloquas»
667 1311 705 1345 et
727 1310 998 1355 «expectorat»
1021 1320 1065 1344 ex
1085 1309 1345 1345 coniunctione
1364 1310 1467 1345 facta
1487 1321 1566 1345 esse
1585 1310 1706 1353 verba,

141 1376 214 1400 non
234 1365 349 1400 nata.’
460 1364 563 1399 Idem
583 1364 688 1398 Tusc.
705 1363 799 1408 dispe
815 1376 851 1398 1v
872 1367 904 1406 8,
920 1366 962 1397 19
981 1363 1098 1406 ‘quae
1124 1362 1292 1398 subiecta
1312 1365 1398 1399 sunt
1418 1363 1485 1398 sub
1505 1365 1645 1399 metum
1665 1375 1709 1399 ea

142 1418 195 1453 sic
215 1418 398 1453 definiunt
416 1446 421 1452 .
440 1446 445 1452 .
463 1446 468 1451 .
490 1428 664 1462 pavorem
683 1418 824 1451 metum
842 1417 1005 1450 mentem
1025 1416 1105 1451 loco
1125 1417 1342 1459 moventem,
1366 1427 1410 1451 ex
1429 1429 1501 1462 quo
1522 1417 1616 1452 fflud
1635 1418 1708 1452 En-

141 1472 225 1506 nius
246 1471 379 1516 (Enni
400 1473 504 1516 corr.)
520 1472 643 1506 «tum.
662 1499 667 1504 .
685 1498 691 1504 .
706 1469 800 1504 mihi
813 1481 856 1505 coc
877 1471 1002 1505 anima
1022 1474 1224 1515 expectaret
1243 1471 1529 1515 (expectoret
1547 1471 1706 1516 Brux.)»‚

142 1524 454 1560 exanimationem
467 1526 607 1558 metum
621 1524 907 1567 subsequentem
921 1524 958 1558 et
971 1523 1079 1567 quasi
1100 1523 1272 1558 comitem
1291 1523 1465 1568 pavoris)
1565 1524 1707 1559 Nonius

141 1591 175 1624 p.
194 1582 247 1621 16,
265 1582 282 1612 7
301 1579 311 1595 ‘
322 1579 559 1623 expectorare
573 1578 629 1612 est
642 1578 746 1612 extra
758 1577 889 1621 pectus
903 1576 1021 1611 eicere
1037 1605 1042 1610 .
1061 1605 1066 1611 .
1084 1605 1090 1611 .
1107 1576 1232 1612 Cicero
1247 1577 1293 1611 de
1307 1578 1452 1612 oratore
1471 1577 1534 1612 lib.
1550 1591 1591 1612 111
1606 1578 1707 1614 «tum

141 1645 175 1677 p.
192 1643 218 1666 s.
234 1642 380 1667 omnem
399 1631 491 1666 mihi
512 1632 700 1676 (omnem
720 1641 746 1664 s.
767 1629 878 1664 mihi
898 1630 955 1664 vel
975 1641 1001 1664 s.
1016 1629 1128 1664 mihi
1148 1632 1336 1676 omnem)
1357 1631 1566 1666 eoearcimato
1586 1642 1707 1676 θωμο-

142 1686 285 1721 torat».'
405 1684 657 1727 Quintilianus
670 1697 736 1719 vm
751 1687 781 1727 3,
798 1687 840 1718 31
859 1683 869 1700 ‘
883 1684 923 1718 at
941 1684 1081 1718 veteres
1101 1694 1148 1718 ne
1162 1687 1411 1729 «expectorat»
1426 1684 1578 1728 quidem
1597 1684 1708 1718 timu-

141 1739 273 1774 erunt.’
391 1737 517 1773 Cicero
538 1738 584 1772 de
604 1738 664 1772 fin.
685 1751 708 1773 v
730 1741 783 1779 11,
800 1741 842 1772 31
867 1737 971 1782 ‘quis
998 1738 1055 1772 est
1079 1737 1178 1772 enim
1205 1738 1270 1772 aut
1295 1738 1431 1782 quotus
1458 1738 1625 1783 quisque,
1648 1738 1707 1773 cui

140 1803 238 1827 mors
259 1802 342 1826 cum
362 1790 638 1836 appropinquet
650 1802 724 1826 non
739 1791 924 1838 «rcfuyiat
936 1792 961 1825 t.
978 1792 1130 1837 sanquis
1145 1820 1150 1825 .
1169 1819 1174 1825 .
1190 1791 1342 1826 metu».'
1359 1791 1503 1826 Nonius
1516 1804 1552 1836 p.
1569 1795 1647 1833 224,
1664 1795 1707 1826 18

143 1844 317 1891 ‘sanguis
336 1843 542 1879 masculino
562 1855 697 1890 genere
716 1844 755 1878 in
782 1845 1049 1879 consuetudine
1068 1844 1227 1879 habetur
1248 1873 1254 1878 .
1272 1873 1278 1878 .
1296 1872 1301 1878 .
1323 1845 1454 1879 neutro
1474 1844 1615 1879 Ennius
1635 1845 1707 1879 He-

142 1898 237 1933 cuba
252 1899 318 1945 [v1]
335 1926 341 1932 .
359 1926 364 1931 .
382 1925 388 1932 .
405 1897 530 1932 Cicero
552 1898 597 1933 de
611 1898 746 1932 finibus
760 1898 940 1933 bonorum
955 1898 1186 1933 etmalorum
1203 1898 1267 1932 lib.
1283 1911 1305 1932 v
1320 1898 1638 1943 «quotusquisque
1651 1900 1708 1933 est

142 1952 201 1987 cui
226 1962 323 1986 mors
344 1963 427 1986 cum
450 1951 726 1996 adpropinquet
745 1963 818 1986 non
836 1952 961 1997 fayiat
979 1953 1004 1986 t.
1019 1963 1184 1997 san-quen
1199 1979 1205 1985 .
1223 1979 1229 1985 .
1244 1952 1395 1986 metu».'
1495 1951 1706 1987 Priscianus

141 2018 177 2039 v1
197 2018 231 2050 p.
248 2008 327 2047 250,
344 2008 386 2038 12
407 2004 451 2038 Η.
470 2005 630 2039 ‘veteres
650 2004 720 2039 hoe
740 2015 907 2050 sanguen
933 2005 1116 2039 dixerunt.
1139 2004 1265 2039 Cicero
1287 2004 1326 2038 in
1345 2004 1543 2039 Hortensio
1563 2017 1582 2040 «
1592 2006 1634 2039 ut
1653 2005 1708 2039 ait

142 2058 283 2092 Ennius
302 2058 465 2103 refayiat
483 2058 508 2091 t.
522 2068 688 2103 san-quen
703 2086 709 2091 .
727 2086 733 2091 .
748 2059 899 2093 metu».'

261 2111 311 2144 III
331 2112 403 2155 (27)
443 2110 568 2145 Cicero
589 2110 730 2144 Lucull.
748 2114 802 2153 28,
819 2114 863 2145 89
880 2111 992 2155 ‘quid
1012 2111 1092 2155 ipse
1112 2110 1263 2146 Alcmeo
1284 2112 1380 2154 tuus,
1403 2111 1467 2156 qui
1487 2113 1601 2156 negat
1622 2122 1707 2147 «cor

143 2164 214 2199 sibi
235 2164 332 2209 (add.
355 2164 401 2207 ἷζε,
421 2163 531 2198 Vind.
547 2175 568 2198 *
583 2162 716 2198 *Voss
731 2163 776 2209 A)
804 2175 887 2198 cum
912 2164 1029 2199 oculis
1057 2164 1291 2200 consentire»
1313 2166 1398 2211 (34),
1419 2175 1540 2199 nonne
1566 2165 1706 2200 ibidem

141 2218 298 2253 incitato
318 2216 442 2252 furore
463 2216 605 2253 «unde.
623 2245 629 2250 .
645 2217 784 2252 oritur»
806 2218 877 2262 (27)
899 2218 937 2252 et
954 2217 1022 2252 illa
1043 2217 1218 2262 deinceps
1239 2217 1399 2254 «incede
1419 2218 1550 2253 incede
1570 2219 1707 2253 adsunt

142 2283 211 2328 (ita
229 2282 327 2324 libri,
349 2281 421 2316 nisi
442 2282 541 2326 quod
568 2281 782 2317 incedeat
807 2281 823 2316 s
846 2281 949 2317 Voss.
965 2282 994 2316 Β
1020 2283 1181 2329 incede
1207 2283 1369 2330 incede
1395 2272 1562 2326 adsuffl
1582 2294 1705 2318 ecorr.

144 2336 267 2381 Vind.)
281 2346 339 2370 me
353 2336 564 2380 expetunt».
580 2335 671 2379 quid
686 2346 769 2370 cum
782 2335 936 2381 virginis
950 2335 1061 2370 fidem
1074 2335 1251 2381 implorat
1264 2336 1342 2372 «fer
1354 2337 1406 2371 mi
1419 2338 1491 2382 (29)
1505 2365 1511 2371 .
1526 2365 1532 2371 .
1547 2338 1708 2373 ceruleae

143 2389 315 2437 (cerulee)
336 2388 497 2423 incincte
517 2389 619 2433 (corr.
641 2390 704 2436 te)
724 2389 805 2434 iym’
830 2389 1029 2423 incedunt.
1047 2417 1052 2423 .
1070 2418 1076 2423 .
1098 2390 1195 2424 tedis
1216 2391 1313 2435 (30)»
1333 2402 1422 2424 num
1445 2390 1595 2425 dubitas
1616 2391 1706 2435 quin

143 2442 215 2476 sibi
239 2442 333 2477 haec
358 2442 482 2476 videre
507 2442 700 2477 videatur?
726 2442 891 2487 itemque
917 2443 1039 2477 cetera
1060 2442 1246 2479 «intendit
1267 2445 1340 2489 (31)
1360 2472 1366 2478 .
1390 2472 1396 2478 .
1420 2472 1425 2478 .
1447 2443 1539 2479 iacit
1559 2455 1581 2479 a
1600 2444 1707 2479 laeva

264 2614 318 2651 24
338 2613 454 2652 Alter
473 2615 539 2661 qui
559 2615 738 2662 empliccm
757 2625 835 2651 non
853 2614 983 2658 habeo,
1003 2616 1082 2653 nisi
1100 2615 1199 2662 forte
1217 2617 1466 2663 interceptam
1494 2618 1557 2660 est,
1580 2626 1707 2653 errore

144 2675 213 2711 aut
231 2673 398 2711 consulto
418 2673 464 2711 de
482 2685 586 2711 more
602 2672 806 2717 Ciceronis,
828 2674 928 2720 qaod
949 2674 1157 2721 excipiebat
1167 2674 1282 2713 Alter
1290 2688 1304 2720 ,·
1322 2674 1451 2713 Mater
1464 2674 1706 2722 Ribbeckius,

145 2744 208 2780 eyo
227 2733 419 2779 putabam
444 2731 572 2776 Ultor,
594 2733 640 2780 cf.
655 2743 823 2780 prooem.
847 2728 1036 2782 1887s88
1054 2745 1096 2781 p.
1113 2731 1136 2769 6
1151 2746 1188 2771 n.
1211 2737 1245 2772 ct
1270 2730 1460 2786 1888j89
1475 2746 1517 2780 p.
1535 2742 1557 2779 3
1579 2745 1633 2780 sq.

266 2791 318 2828 25
343 2790 562 2829 Orationem
576 2792 740 2840 apparet
757 2802 832 2828 non
854 2788 1131 2831 ἀνακόλουθον
1152 2805 1231 2831 esse
1249 2794 1315 2831 sed
1333 2792 1596 2840 imperfectam
1609 2803 1707 2839 quae

146 2851 201 2887 sic
220 2850 446 2889 decurrebat
465 2863 564 2899 quae
590 2863 703 2888 nemo
723 2852 807 2888 tam
826 2849 938 2889 firmo
957 2852 1116 2901 ingenio
1143 2853 1202 2890 est
1228 2852 1324 2901 quin
1351 2851 1574 2889 exalbescat
1598 2852 1706 2888 metu

146 2920 234 2946 cum
255 2908 467 2948 adventare
487 2909 621 2948 videat
742 2910 796 2947 28
817 2909 952 2948 incede
971 2910 1105 2950 incede
1124 2912 1159 2950 h.
1175 2923 1202 2950 c.
1221 2910 1319 2963 ἔμβα
1339 2909 1438 2962 ἔμβα
1458 2911 1556 2948 tueri
1574 2911 1707 2949 studui
