2054 3282
831 151 1062 187 ACHILLES
1639 153 1660 193 1
1670 151 1722 193 19

914 270 965 305 IV

191 345 217 385 6
251 343 382 386 Serva
407 343 532 399 cives,
558 343 735 385 defende
761 342 916 398 hostes,
944 358 1039 386 eum
1065 346 1186 398 potes
1216 343 1449 391 defendere.

922 495 956 529 V

189 570 212 611 7
937 583 1147 610 summam
1173 570 1222 609 tu
1247 568 1327 610 tibi
1354 583 1431 623 pro
1457 570 1571 611 mala

245 639 349 682 Vita
374 641 531 682 faniam
558 639 735 682 extolles
762 642 805 681 et
828 654 906 695 pro
933 639 1046 681 bona
1070 642 1262 693 paratam
1290 639 1483 695 gloriam.

187 712 213 753 9
245 711 357 753 Male
382 711 573 754 volentes
599 711 756 753 famam
783 710 954 764 tollunt,
980 709 1087 752 bene
1114 710 1304 753 volentes
1330 711 1523 767 gloriam.

911 861 962 897 VI

157 938 211 978 10
637 951 714 991 per
739 950 819 991 ego
846 936 971 978 deum
999 935 1204 978 sublimas
1231 936 1414 978 subiices

242 1008 432 1063 Umidas,
459 1008 570 1050 unde
597 1007 734 1050 oritur
759 1007 896 1049 imber
921 1007 1065 1049 sonitu
1092 1021 1217 1050 saevo
1244 1010 1287 1050 et
1313 1008 1466 1063 spiritu

269 1185 320 1219 IV
339 1187 387 1230 (6)
426 1185 568 1220 Nonius
588 1197 623 1230 p.
640 1188 718 1229 277,
735 1188 777 1219 21
796 1183 1016 1219 ‘defendere
1042 1183 1232 1219 vindicare
1259 1183 1455 1229 depellere.
1472 1184 1652 1230 Virgilius
1678 1185 1717 1219 in

152 1239 330 1274 bucolicis
356 1240 402 1284 (7,
423 1241 481 1283 47)
509 1238 740 1275 «solstitium
765 1237 890 1283 pecori
918 1236 1147 1272 defendite».
1173 1237 1373 1273 defendere
1401 1238 1498 1273 tueri
1530 1238 1716 1283 depellere

151 1292 195 1337 <d
207 1292 260 1327 eb
273 1292 430 1327 ellare
458 1304 481 1326 u
494 1292 564 1327 eri
591 1291 679 1327 Gen.
699 1292 805 1326 Bern.
822 1303 876 1336 pr.
894 1291 995 1326 Harl.
1013 1303 1060 1325 m.
1079 1292 1158 1336 pin).
1177 1290 1318 1325 Ennius
1338 1291 1484 1326 Achille
1504 1302 1632 1328 «serva
1652 1292 1715 1336 (in

151 1345 339 1381 achille
363 1345 451 1381 Gen.
470 1345 571 1380 Harl.
589 1357 636 1379 m.
654 1357 707 1390 pr.
730 1345 775 1379 in
801 1344 957 1386 chille,
980 1355 1070 1379 corr.
1091 1343 1137 1378 in
1164 1343 1381 1387 achilleo,
1409 1356 1492 1388 que
1518 1346 1560 1379 te
1588 1355 1716 1379 serva

150 1399 256 1434 Bern.
271 1401 340 1444 pr.)
350 1428 356 1433 .
368 1399 391 1445 ξ.
408 1398 657 1434 defende1·e».²
674 1398 825 1432 Lemma
838 1397 1030 1432 turbatum
1043 1397 1082 1431 in
1097 1409 1169 1442 quo
1184 1397 1402 1443 corrigendo
1415 1398 1589 1433 laborant
1603 1398 1714 1433 docti.

268 1452 301 1486 V
315 1454 363 1498 (7)
389 1452 552 1486 Isidorus
567 1452 612 1486 de
627 1451 848 1486 differentiis
862 1450 1056 1485 verborum
1067 1453 1134 1484 218
1148 1460 1174 1485 v
1184 1463 1219 1495 p.
1231 1454 1274 1484 29
1286 1451 1429 1485 Areval.
1446 1451 1563 1486 ‘inter
1575 1451 1715 1486 famam

150 1506 188 1540 et
200 1505 375 1550 gloriam:
390 1505 510 1551 gloria
525 1505 665 1550 quippe
678 1504 857 1539 virtutum
871 1506 936 1547 est,
951 1503 1053 1538 fama
1066 1513 1150 1538 vero
1165 1503 1348 1538 vitiorum.
1364 1504 1506 1539 Ennius
1519 1504 1557 1538 in
1569 1504 1715 1540 Achille

150 1569 360 1595 «summam
379 1587 385 1593 .
403 1587 409 1593 .
426 1587 432 1593 .
454 1558 624 1604 gloriam,
650 1557 943 1593 malevolentes»
964 1557 1064 1592 enim
1084 1555 1253 1593 «famam
1278 1557 1425 1600 tollunt,
1453 1557 1713 1593 benevolentes

148 1612 356 1657 gloriam».’

267 1664 317 1699 VI
337 1666 408 1710 (10)
447 1664 577 1699 Festus
596 1677 632 1709 p.
648 1667 727 1708 436,
744 1668 787 1699 23
802 1664 868 1699 Th.
886 1663 1052 1698 ‘subices
1069 1662 1210 1697 Ennius
1230 1663 1270 1698 in
1282 1664 1429 1699 Achille
1448 1676 1515 1710 pro
1536 1664 1713 1700 subiectis

147 1718 273 1764 posuit
292 1729 376 1753 cum
395 1718 490 1753 dixit
509 1718 625 1752 nubes
646 1728 735 1763 «per
755 1729 784 1754 e.
799 1718 906 1753 deum
924 1718 1062 1753 subices
1085 1716 1233 1751 umidas
1258 1717 1344 1753 iude
1364 1729 1395 1753 0.
1416 1718 1439 1753 i.
1460 1719 1603 1754 sonitus
1628 1730 1713 1755 aevo

146 1772 331 1818 spiritu».’
352 1771 490 1807 Paulus
513 1772 679 1807 ‘subices
699 1771 840 1806 Ennius
865 1782 932 1816 pro
959 1770 1136 1805 subiectis
1161 1770 1313 1814 posuit.’
1450 1771 1591 1807 Gellius
1610 1785 1647 1807 1v
1669 1776 1711 1807 17

148 1825 295 1871 (positu,
317 1836 392 1860 non
411 1826 545 1860 natura
564 1826 860 1871 praepositiones
881 1825 927 1860 ob
947 1824 1015 1859 sub
1036 1835 1104 1858 0011
1124 1834 1208 1858 011111
1227 1824 1337 1859 verbo
1363 1825 1459 1860 iacio
1488 1826 1712 1871 compositas

146 1879 277 1925 longas
290 1878 383 1924 fieri)
403 1878 432 1898 ¹³
447 1879 668 1924 ‘congruens
682 1879 799 1924 igitur
812 1880 877 1921 est,
892 1880 935 1913 ut
951 1879 1096 1913 subices
1110 1876 1234 1919 etiam,
1250 1878 1350 1922 quod
1362 1879 1519 1924 proinde
1532 1880 1575 1914 ut
1587 1879 1711 1915 obices

146 1932 391 1977 compositum
414 1933 479 1974 est,
500 1944 524 1966 u
549 1932 677 1967 littera
702 1932 804 1968 brevi
830 1932 905 1967 dici
931 1935 1111 1977 oporteat.
1132 1931 1315 1966 ¹⁴Ennius
1335 1932 1374 1967 in
1393 1933 1590 1978 tragoedia
1615 1944 1711 1978 quae

146 1985 310 2020 Achilles
335 1985 551 2020 inscribitur
576 1986 721 2020 subices
746 1997 813 2030 pro
839 1996 923 2020 aere
950 1986 1026 2021 alto
1045 1988 1153 2032 ponit
1172 1987 1237 2033 qui
1257 1986 1359 2021 caelo
1380 1985 1568 2020 subiectus
1588 1988 1653 2029 est,
1671 1986 1710 2020 in

145 2039 203 2073 his
217 2038 382 2073 versibus
398 2049 486 2083 «per
500 2040 564 2082 (er
578 2039 676 2083 Vat.)
691 2050 720 2073 e.
736 2039 843 2074 deum
856 2039 1031 2074 sublimas
1048 2041 1186 2076 subices
1204 2039 1378 2073 humidas
1394 2038 1492 2073 uude
1509 2050 1539 2073 o.
1552 2039 1575 2072 i.
1587 2040 1711 2074 souitu

145 2103 248 2127 suevo
263 2094 320 2136 (so
330 2091 415 2125 nit'
435 2102 512 2126 evo
526 2091 622 2137 Par.)
637 2096 669 2126 et
684 2093 871 2137 strepitu»,
886 2091 1083 2137 plerosque
1097 2104 1223 2128 omnes
1243 2094 1369 2127 tamen
1389 2091 1513 2136 legere
1534 2092 1665 2127 audias
1684 2105 1708 2127 u

144 2145 272 2180 littera
290 2145 499 2189 producta)
616 2144 759 2179 Nonius
779 2157 814 2189 p.
832 2148 910 2187 169,
926 2149 945 2179 2
963 2146 1120 2181 ‘subicis
1143 2157 1235 2182 nove
1254 2145 1419 2191 positum
1437 2156 1511 2179 non
1532 2156 1554 2180 a
1573 2145 1709 2181 subici—

145 2199 240 2234 endo
262 2198 327 2233 sed
353 2197 563 2233 altitudine.
588 2197 729 2232 Ennius
751 2198 897 2234 Achille
920 2198 1056 2245 (acille)
1078 2211 1167 2245 «per
1193 2211 1222 2234 e.
1247 2200 1353 2235 deum
1377 2199 1552 2234 sublimas
1575 2199 1710 2235 subicis

144 2252 291 2286 umidas
306 2251 504 2296 (humidas)
519 2251 616 2287 uude
636 2263 666 2286 0.
682 2251 850 2287 imber».'
974 2251 1025 2287 Cf.
1043 2253 1177 2288 Accius
1199 2256 1266 2287 392
1281 2253 1322 2287 R.
1341 2251 1507 2297 ‘ingenti
1527 2252 1650 2287 sonitu
1671 2254 1709 2288 et

145 2305 333 2350 spiritu'
356 2304 413 2339 vel
433 2304 634 2350 strepitu
653 2305 784 2340 eadem
803 2304 956 2340 testium
976 2306 1238 2351 discrepantia.

145 2485 267 2520 terum
292 2482 478 2521 mortales
505 2494 583 2521 riou
609 2484 705 2530 eoqit
722 2483 823 2520 hune
847 2483 1132 2522 immortalium
1157 2496 1370 2522 sermonem
1392 2495 1481 2528 esse,
1503 2485 1550 2532 ef.
1571 2488 1642 2523 sat.
1659 2483 1706 2531 6,-

144 2553 234 2579 aun.
253 2550 303 2587 23
327 2544 361 2579 et
378 2543 545 2590 saepius.
566 2542 628 2579 De
647 2543 833 2580 sententia
851 2544 984 2590 potius
1004 2543 1051 2591 cf.
1069 2541 1250 2592 Aeschyli
1276 2544 1323 2582 de
1341 2543 1531 2592 Myrmid.
1550 2545 1602 2591 fr.
1624 2553 1671 2590 13
1684 2554 1697 2580 1

143 2601 293 2638 Nauck.
314 2613 344 2637 11
370 2600 459 2639 τάδε
486 2598 556 2651 μὲν
582 2600 773 2651 λεύσσεις,
800 2597 957 2652 φαίδιμ’
981 2597 1171 2654 Ἀχιλλεῦ,
1199 2601 1508 2655 ὃοριλυμάντους
1534 2604 1705 2641 Δαναῶν

144 2657 319 2710 μόχθους
345 2657 416 2706 οὓς
440 2658 706 2710 προπεπωκὼς
732 2659 821 2698 εἴσω
847 2661 997 2707 κλισίας
1017 2656 1217 2715 (θάσσεις)
1240 2665 1274 2700 et
1298 2671 1374 2708 132
1397 2661 1436 2700 τί
1451 2658 1537 2700 ποτ’
1561 2659 1703 2713 ἀνδρο-

144 2717 302 2757 δάικτον
321 2716 477 2757 ἀκούων
496 2717 620 2758 κόπον
641 2718 688 2757 οὐ
707 2718 892 2766 πελάθεις
912 2715 971 2758 ἐπ’
988 2718 1159 2773 ἀρωγάν,
1179 2722 1279 2770 quod
1298 2733 1384 2759 cum
1402 2733 1436 2759 v.
1452 2719 1476 2757 6
1498 2732 1704 2769 componas

264 2779 286 2815 7
317 2778 460 2816 Versus
486 2780 679 2817 coustituit
696 2779 926 2817 Ribbeekius
950 2781 1017 2818 sed
1041 2783 1085 2818 ut
1104 2780 1182 2819 Pro
1201 2781 1308 2818 mala
1329 2810 1336 2818 .
1353 2811 1359 2817 .
1381 2780 1555 2828 extolles,
1573 2792 1645 2829 pro
1665 2780 1700 2818 b.

143 2838 299 2885 partam
316 2838 446 2875 mallet
580 2840 602 2876 9
623 2837 722 2876 Fuit
738 2838 804 2885 qui
824 2838 881 2876 bis
900 2838 1077 2879 viventes
1096 2841 1276 2878 scriberet
1420 2840 1474 2877 10
1489 2850 1541 2887 sq.
1559 2839 1702 2878 Versus

143 2896 333 2944 disposuit
349 2896 631 2935 Lachmamius
650 2897 702 2935 ud
721 2896 840 2935 Luer.
855 2910 901 2935 111
924 2906 1002 2946 227
