2054 3282
317 166 399 208 142
986 156 1186 193 scuch

314 255 395 326 143
426 282 605 325 Incertis
631 282 767 322 certos
794 280 1098 333 compotesque
1125 276 1277 319 consili

428 353 623 405 Dimitto,
648 353 697 392 ut
720 365 773 391 ne
798 364 864 391 res
890 351 1048 390 temere
1073 350 1258 390 tractent
1284 347 1489 389 turbidas.

1070 463 1105 498 H

1003 530 1168 556 ORESTES

316 582 397 625 145
429 581 582 624 Tacere
609 581 736 636 opino
764 594 853 622 esse
880 581 1116 634 optumum,
1143 581 1185 620 et
1211 593 1288 633 pro
1313 578 1478 620 viribus

431 652 586 708 Sapere
612 654 738 706 atque
763 650 947 693 fabulari
972 652 1064 692 tute
1089 650 1259 692 noveris

1004 833 1170 859 ORESTES

315 884 394 925 147
429 882 526 925 Nisi
552 885 716 937 patrem
741 883 934 923 materno
961 880 1168 937 sanguine
1194 880 1455 924 exanclando
1481 881 1729 924 ulciscerem

309 1048 387 1082 iure
408 1047 529 1081 dicere
550 1046 649 1081 idem
666 1046 765 1090 quod
786 1045 887 1091 apud
903 1045 1065 1080 Ennium
1085 1045 1188 1081 dicat
1206 1046 1271 1081 ille
1290 1046 1446 1091 Pythius
1466 1046 1612 1092 Apollo,
1631 1057 1669 1081 se
1689 1056 1769 1081 esse
1788 1056 1873 1081 eum

310 1101 431 1136 «unde
451 1100 544 1135 sibi»
559 1100 589 1134 si
602 1111 676 1134 non
691 1099 843 1144 «populi
857 1100 895 1134 et
907 1110 1036 1145 reges»
1051 1101 1091 1134 at
1104 1110 1230 1135 omnes
1245 1100 1303 1135 sui
1316 1100 1412 1135 cives
1427 1099 1647 1137 «consilium
1660 1100 1870 1145 expetant»,

311 1165 482 1190 «suarum
494 1154 691 1198 (suarum
711 1164 980 1188 summarum
992 1153 1130 1199 integri
1142 1152 1322 1199 plerique,
1336 1153 1461 1188 mutili
1475 1154 1622 1199 desunt)
1638 1182 1644 1188 .
1661 1181 1668 1188 .
1685 1181 1691 1188 .
1707 1163 1776 1199 ego
1789 1163 1873 1188 mea

310 1218 378 1252 ope
402 1217 446 1241 ex
464 1206 614 1241 incertis
634 1218 662 1241 c.
682 1207 945 1251 compotesque
962 1208 1065 1252 (que
1085 1218 1154 1242 om.
1172 1207 1311 1253 integri
1329 1217 1449 1252 paene
1468 1217 1594 1242 omnes
1615 1206 1873 1242 deficientibus

309 1260 463 1306 mutilis)
483 1288 488 1294 .
509 1289 514 1294 .
535 1288 541 1294 .
563 1259 766 1296 turbidas».
786 1260 835 1280 ²⁰⁰
853 1261 910 1295 est
935 1260 1035 1295 enim
1060 1260 1139 1295 sine
1165 1260 1279 1295 dubio
1306 1261 1436 1296 domus
1461 1261 1552 1296 iuris
1579 1259 1739 1296 consulti
1757 1260 1873 1295 totius

309 1313 538 1348 oraculum
557 1313 745 1348 civitatis.'
838 1314 897 1348 Ad
910 1313 1135 1349 Eumenides
1148 1313 1324 1359 Aeschyli
1337 1314 1403 1349 sed
1417 1314 1465 1349 ad
1477 1326 1531 1349 vv.
1548 1317 1617 1349 604
1630 1325 1708 1358 sqq.
1723 1313 1766 1348 K.
1780 1313 1874 1348 haec

308 1366 453 1401 rettulit
474 1366 721 1401 Ribbeckius:
752 1377 848 1411 quae
872 1367 966 1402 mihi
987 1367 1108 1414 magis
1128 1368 1300 1403 videntur
1323 1367 1497 1403 Cicerone
1522 1378 1597 1403 non
1624 1367 1803 1402 renuente
1825 1366 1874 1401 ad

310 1419 592 1455 describendum
617 1420 850 1456 oraculum
866 1421 1114 1468 (χρηστήριον)
1131 1421 1327 1467 pertinere,
1347 1422 1446 1457 unde
1469 1421 1541 1456 sibi
1559 1421 1691 1467 populi
1709 1422 1748 1456 et
1768 1430 1873 1466 reges

310 1473 504 1508 consilium
526 1474 715 1519 expetunt,
739 1485 761 1509 a
784 1485 857 1518 quo
879 1474 1014 1520 Apollo
1038 1475 1195 1520 Erinyas
1217 1475 1400 1511 facessere
1422 1474 1529 1510 iubet
1551 1478 1618 1510 177
1645 1474 1712 1517 ἔξω
1738 1473 1872 1510 κελεύω

309 1528 424 1562 τῶνδε
443 1526 623 1572 δωμάτων
642 1525 802 1575 χωρεῖτ’,
822 1527 1101 1564 ἀπαλλάσσεσθε
1124 1535 1311 1573 μαντικῶν
1337 1534 1480 1575 μυχῶν;
1507 1531 1574 1564 183
1599 1527 1702 1564 οὔτοι
1727 1526 1874 1572 δόμοισι

309 1582 430 1616 τοῖσδε
449 1579 698 1627 χρίμπτεσθαι
718 1580 868 1627 πρέπεις
889 1585 956 1616 192
977 1582 1021 1617 οὐ
1041 1581 1275 1629 χρηστηρίοις
1294 1582 1335 1617 ἐν
1347 1583 1470 1618 τοῖσδε
1489 1580 1658 1627 πλησίοις
1678 1579 1874 1628 τρίβεσθαι

310 1634 438 1678 μύσος-ε
454 1634 556 1668 cuius
572 1634 675 1669 aedis
688 1636 863 1669 naturam
872 1634 1013 1669 Ennius
1027 1646 1101 1670 non
1114 1635 1241 1680 inepte
1254 1635 1366 1681 paulo
1380 1635 1550 1681 pluribus
1563 1635 1746 1670 invitante
1760 1634 1873 1669 etiam

314 1687 580 1723 contrariorum
604 1687 749 1723 ratione
769 1690 963 1724 exsecutus
983 1690 1048 1723 est.
1071 1688 1240 1723 Ceterum
1260 1689 1372 1724 Ennii
1391 1689 1615 1724 Eumenides
1635 1699 1680 1723 ex
1699 1687 1874 1733 Aeschyli

311 1741 504 1786 tragoedia
518 1751 709 1787 expressas
725 1741 890 1788 Scaliger
903 1742 1000 1777 dixit
1013 1742 1165 1777 coniect.
1181 1743 1220 1777 in
1230 1742 1334 1778 Varr.
1351 1743 1397 1777 de
1410 1742 1433 1777 1.
1449 1743 1487 1777 L.
1502 1755 1538 1788 p.
1550 1745 1629 1785 134,
1647 1737 1874 1787 quamquani

310 1794 348 1828 in
369 1794 523 1840 singulis
544 1795 740 1830 aberravit.

427 1848 461 1882 H
474 1850 570 1894 (145)
589 1848 733 1884 Nonius
746 1861 781 1895 p.
792 1852 872 1893 475,
882 1853 902 1884 3
916 1849 926 1866 ‘
937 1849 1048 1895 opino
1061 1860 1128 1895 pro
1143 1849 1283 1895 opinor.
1296 1849 1595 1897 Plautuslssacch.
1607 1850 1666 1896 [12
1679 1849 1745 1896 L.].
1757 1848 1874 1884 Pacu-

311 1901 389 1936 vius
402 1901 538 1947 Chryse
549 1904 630 1948 (101
642 1903 700 1949 R.)
713 1903 861 1940 «inveni
874 1903 985 1949 opino
1000 1913 1080 1938 esse
1093 1904 1287 1949 optumum
1298 1902 1445 1938 Orestes
1458 1903 1502 1937 ut
1513 1902 1619 1938 heres
1633 1902 1699 1938 sed
1712 1903 1873 1938 tamen».

311 1954 450 1990 Ennius
471 1955 739 1991 Eumenidibus
760 1957 907 1993 «tacere
926 1956 1038 2002 opino
1059 1966 1138 1991 esse
1158 1957 1352 2001 optumum
1372 1957 1599 2003 (optutum
1611 1956 1740 2002 Wolf.)
1760 1957 1798 1991 et
1818 1985 1823 1991 .
1842 1984 1847 1991 .
1865 1984 1871 1990 .

312 2008 504 2044 noveris».’

427 2061 478 2095 III
498 2064 592 2108 (147)
630 2062 773 2100 Nonius
792 2075 827 2108 p.
845 2066 924 2107 292,
941 2067 984 2098 15
1001 2064 1216 2100 ‘exanclare
1237 2064 1434 2099 effundere
1450 2063 1592 2099 Ennius
1606 2063 1874 2100 Eumenidibus

313 2114 405 2150 <misi
423 2143 428 2149 .
447 2144 451 2149 .
471 2144 475 2149 .
492 2115 764 2153 ulciscerem».³

435 2301 515 2338 145
536 2312 590 2349 sq.
609 2301 721 2340 Haec
739 2304 782 2339 ut
799 2303 946 2341 tradita
964 2305 1056 2341 swnt
1073 2303 1128 2341 sic
1146 2304 1243 2340 reete
1261 2303 1378 2341 scribi
1397 2303 1565 2341 arbitror
1572 2316 1586 2349 ,·
1605 2313 1704 2352 quae
1715 2302 1876 2342 redeunt

311 2368 390 2396 mm
416 2360 468 2396 ad
490 2358 624 2398 Aesch.
642 2359 738 2408 561,
758 2362 826 2399 sed
850 2362 903 2400 ad
928 2373 974 2400 ea
999 2373 1098 2410 quae
1121 2373 1249 2400 seeum
1273 2362 1458 2400 deliberat
1477 2361 1628 2401 Orestes
1645 2375 1679 2400 v.
1699 2369 1778 2410 272
1795 2373 1872 2410 sqq.

315 2414 388 2468 ἐγὼ
412 2416 612 2469 διδαχθεὶς
635 2418 679 2458 ἐν
698 2423 834 2466 κακοῖς
859 2418 1065 2472 ἐπίσταμαι
1088 2419 1259 2468 πολλοὺς
1278 2421 1526 2473 καθαρμούς,
1545 2420 1611 2460 καὶ
1630 2418 1753 2473 λέγειν
1774 2419 1874 2460 ὅπου

316 2475 407 2526 δίκη
427 2482 540 2528 σιγᾶν
560 2473 604 2515 θ’
629 2477 788 2530 ὁμοίως·
809 2477 852 2518 ἔν
873 2477 915 2518 δὲ
934 2479 1032 2534 τῷδε
1049 2479 1245 2532 πράγματι
1263 2483 1413 2530 φωνεῖν
1432 2478 1605 2532 ἐτάχθην
1626 2479 1725 2532 πρὸς
1745 2484 1873 2530 σοφοῦ

316 2534 572 2574 διδασκάλου·
593 2539 638 2585 ef.
659 2539 770 2576 schol.
791 2540 844 2577 acl
866 2547 946 2586 272
972 2542 1005 2576 et
1022 2552 1055 2577 v.
1073 2549 1157 2587 444
1177 2551 1231 2587 sq.
1251 2541 1380 2588 itaque
1398 2540 1591 2578 Enniana
1616 2542 1671 2578 sie.
1689 2541 1874 2588 ‘interpre-

312 2597 371 2632 tor
397 2607 475 2644 qua
500 2607 587 2634 sum
611 2597 836 2636 condicione
861 2599 991 2637 tacere
1016 2600 1223 2649 optumum
1249 2610 1331 2638 esse
1357 2611 1505 2648 cense0‚
1525 2601 1564 2637 et
1581 2599 1655 2637 hoc
1674 2600 1708 2637 si
1725 2598 1875 2646 feceris,

313 2666 448 2704 sapere
466 2667 538 2704 pro
558 2656 706 2694 viribus
728 2652 800 2710 (εἰς
820 2656 991 2709 δύναμιν
1011 2656 1070 2697 ὅτι
1095 2653 1275 2712 μάλιστα)
1296 2660 1336 2697 et
1354 2659 1526 2697 fabulari
1543 2660 1630 2697 tute
1649 2652 1873 2711 (ἀσφαλῶς)

313 2715 484 2752 noveris:
511 2715 578 2753 sed
602 2715 643 2753 in
669 2716 743 2755 hac
768 2728 886 2754 causa
910 2718 991 2755 iam
1016 2718 1113 2755 mihi
1139 2717 1379 2767 loquendum
1405 2720 1480 2768 est,
1505 2719 1552 2756 ut
1575 2717 1711 2755 didici.
1739 2729 1874 2767 sapere

314 2775 432 2822 atque
451 2774 624 2813 fabulari
643 2777 838 2824 confiunyit
855 2779 899 2813 ut
915 2777 1108 2815 Horatius
1128 2778 1196 2826 qui
1216 2789 1351 2827 sapere
1371 2779 1410 2815 et
1429 2778 1505 2815 fari
1524 2778 1650 2826 possit
1669 2788 1769 2825 quae
1790 2787 1874 2814 sen-

312 2833 389 2870 tiat
512 2835 595 2873 147
614 2833 850 2874 Ασοαναΐίνε
870 2846 1090 2883 expressum
1110 2848 1154 2874 ex
1174 2834 1256 2883 462
1280 2836 1430 2884 Λοξίας
1450 2866 1481 2874 ..
1498 2866 1506 2874 .
1526 2833 1624 2888 ἄλγη
1647 2840 1874 2887 προφωνῶν

312 2888 538 2945 ἀντίκεντρα
555 2893 710 2948 καρδίᾳ,
730 2893 766 2933 εἰ
783 2893 837 2946 μή
855 2908 891 2932 τι
909 2890 1027 2933 τῶνδ’
1050 2893 1200 2947 ἔρξαιμι
1219 2895 1310 2942 τοὺς
1330 2893 1529 2942 ἐπαιτίους
