2054 3282
104 1156 323 1183 EXORDIUM

189 1218 193 1222 .
217 1204 242 1222 11

352 182 407 224 38
900 173 1157 210 ANNALIUM
1181 174 1268 208 LIB.
1286 172 1338 208 VI

1077 292 1110 326 X

352 360 436 401 208
861 354 974 395 «divi
1003 353 1086 394 hoc
1111 291 1260 394 Edita
1291 367 1533 407 parumper,

467 427 527 469 Ut
552 441 630 481 pro
656 425 850 467 Romano
882 424 1044 479 populo
1076 423 1348 480 prognariter
1378 424 1508 465 armis

351 499 437 541 210
470 497 679 539 Certando
711 496 896 551 prudens
928 495 1112 536 animam
1144 494 1195 536 de
1227 508 1404 549 corpore
1434 495 1574 537 mitto.

1066 587 1186 622 XVIII

350 652 432 694 211
468 651 663 693 Vertitur
693 650 853 692 interea
885 649 1048 691 caelum
1081 663 1176 690 cum
1209 649 1455 705 ingentibus
1489 649 1635 706 signis.

352 805 436 846 212
468 804 528 846 Ut
558 804 744 858 primum
775 803 962 845 tenebris
994 741 1171 845 abieiitixs
1203 783 1449 845 indalbabat

845 990 1160 1035 ANNALIUM
1196 991 1302 1034 LIB.
1329 991 1412 1034 VH

1122 1096 1140 1130 I

1128 1158 1333 1213 scripsere
1366 1158 1439 1200 alii
1470 1173 1559 1200 rem

349 1230 436 1271 214
466 1229 671 1271 Versibus
703 1244 810 1284 quos
843 1230 948 1271 olim
980 1229 1140 1272 Faunei
1170 1232 1375 1285 vatesque
1406 1230 1625 1283 canebant,

466 1357 567 1392 XVII
580 1359 675 1403 (208)
712 1357 855 1392 Nonius
868 1370 903 1403 p.
921 1361 999 1402 150,
1013 1362 1033 1393 6
1049 1359 1304 1404 ‘prognariter
1316 1359 1464 1393 strenue
1477 1357 1624 1393 fortiter
1637 1360 1674 1393 et
1687 1359 1908 1394 constanter.

348 1411 500 1446 Plautus
514 1411 626 1446 Persa
641 1412 751 1458 [588]
773 1411 914 1446 Ennius
934 1411 1126 1447 annalium
1144 1411 1208 1446 lib.
1223 1425 1261 1447 v1
1280 1412 1370 1448 «diu
1391 1441 1397 1446 .
1415 1440 1420 1446 .
1438 1440 1444 1446 .
1465 1412 1700 1457 prognariter
1715 1440 1721 1446 .
1739 1440 1744 1446 .
1762 1440 1768 1446 .
1785 1413 1911 1447 anima

350 1465 395 1498 de
415 1476 443 1499 c.
464 1464 625 1500 mitto».’

466 1517 584 1552 XVIII
609 1519 705 1563 (211)
748 1517 959 1553 Macrobius
987 1518 1060 1553 Sat.
1082 1531 1119 1553 w
1141 1522 1171 1562 1,
1187 1522 1207 1553 8
1236 1518 1412 1553 ‘vertitur
1437 1519 1580 1553 interea
1605 1518 1749 1553 caelum
1775 1520 1813 1553 et
1836 1519 1912 1553 ruit

350 1582 486 1606 oceano
507 1582 580 1606 nox
599 1571 701 1616 (Aen.
723 1585 751 1605 11
771 1573 863 1617 250).
886 1571 1027 1606 Ennius
1047 1572 1086 1606 in
1105 1571 1200 1606 libro
1220 1585 1258 1607 v1
1278 1572 1456 1608 «vertitur
1477 1600 1482 1606 .
1500 1600 1506 1606 .
1524 1600 1530 1607 .
1553 1572 1719 1617 signis».’

466 1625 551 1659 XIX
570 1627 665 1671 (212)
697 1624 860 1660 Achilles
882 1625 1022 1660 Statius
1042 1625 1090 1659 ad
1111 1624 1243 1660 Catull.
1260 1629 1315 1669 63,
1329 1629 1375 1659 40
1398 1625 1590 1660 ‘lustravit
1603 1625 1754 1660 aethera
1768 1625 1910 1660 album:

350 1679 402 1713 sic
422 1678 530 1713 albae
548 1678 650 1713 luces
671 1689 693 1713 a
712 1678 879 1713 Martiali
899 1679 1074 1713 dicuntur
1092 1678 1131 1712 in
1150 1692 1174 1712 x
1188 1680 1256 1723 (62,
1273 1680 1306 1723 6)
1322 1678 1454 1714 «albae
1473 1678 1580 1713 leone
1598 1678 1768 1713 flammeo
1789 1678 1912 1713 calent

349 1731 482 1767 luces».
504 1733 542 1766 et
560 1731 701 1766 Ennius
728 1732 773 1766 de
799 1731 875 1766 sole
897 1732 983 1778 [89].
1006 1733 1043 1766 et
1061 1731 1100 1766 in
1120 1733 1223 1766 sexto
1243 1733 1309 1767 «ut
1326 1732 1508 1776 primum.
1526 1760 1531 1766 .
1549 1760 1555 1766 .
1576 1732 1767 1767 inalbabat
1785 1732 1910 1768 dies»)

443 1785 623 1830 Apuleius
644 1786 793 1820 metam.
814 1798 865 1820 v11
887 1789 904 1819 1
925 1785 974 1819 111.
992 1785 1054 1819 ‘ut
1077 1785 1239 1830 primum
1262 1785 1425 1819 tenebris
1452 1785 1607 1820 abiectis
1633 1785 1709 1820 dies
1729 1786 1914 1821 inalbebat

352 1840 388 1872 et
407 1838 608 1872 candidum
627 1838 715 1873 solis
741 1838 964 1873 curriculum
983 1839 1117 1873 cuncta
1137 1838 1417 1873 conlustrabat.'
1529 1838 1640 1873 Statii
1658 1839 1912 1874 testimonium

350 1891 466 1926 fallax
485 1902 564 1926 esse
583 1893 622 1926 et
639 1891 751 1926 Ennii
770 1902 914 1926 versum
934 1902 978 1926 ex
996 1891 1154 1937 Apuleio
1174 1892 1301 1926 fictum
1320 1892 1410 1926 iecit
1427 1891 1610 1937 Bergkius
1631 1894 1728 1937 (opp.
1742 1905 1755 1926 1
1767 1904 1802 1937 p.
1816 1894 1910 1937 308),

353 1944 417 1978 alii
437 1945 683 1979 crediderunt.
706 1944 807 1980 Conf.
831 1945 879 1980 ad
898 1945 968 1979 inc.
990 1958 1083 1980 XLVI.

469 2016 554 2050 LIB.
577 2015 643 2050 VH
692 2016 709 2049 I
729 2018 825 2061 (213)
864 2015 990 2050 Cicero
1010 2016 1111 2051 Brut.
1135 2020 1189 2059 19,
1207 2019 1250 2050 75
1273 2016 1419 2050 ‘tamen
1444 2016 1545 2050 illius
1571 2026 1681 2060 quem
1706 2016 1745 2050 in
1764 2015 1911 2051 vatibus

352 2070 389 2103 et
408 2069 545 2104 Faunis
566 2071 786 2104 annumerat
798 2069 939 2104 Ennius
958 2069 1295 2117 bellum—Punicum
1315 2069 1423 2114 quasi
1442 2069 1606 2114 Myronis
1626 2080 1718 2114 opus
1739 2068 1910 2104 delectat.

354 2194 465 2231 rhum
489 2194 671 2231 dicentem
695 2193 791 2240 facit
809 2188 921 2245 (τοὺς
941 2188 1172 2246 Ῥωμαίους)
1193 2196 1276 2239 ταῖς
1296 2192 1428 2243 ἥτταις
1452 2192 1526 2232 οὐκ
1552 2191 1844 2244 ἀποβάλλοντας
1869 2191 1911 2231 τὸ

354 2254 518 2303 θαρρεῖν
553 2250 647 2290 ἀλλὰ
678 2250 744 2290 καὶ
775 2251 911 2303 ῥώμην
942 2250 1007 2290 καὶ
1039 2252 1264 2301 φιλονικίαν
1296 2247 1367 2290 ὑπ’
1397 2249 1516 2304 ὀργῆς
1547 2249 1610 2290 ἐπὶ
1642 2250 1710 2290 τὸν
1741 2250 1912 2302 πόλεμον

353 2310 726 2362 προσλαμβάνοντας
874 2312 956 2349 208
984 2311 1067 2349 diui
1085 2312 1248 2349 Iumius:
1268 2311 1336 2348 diu
1476 2312 1559 2350 209
1587 2312 1836 2361 prognariter
1854 2311 1913 2349 bis

353 2369 529 2415 Nonius‚·
547 2370 646 2407 idem
659 2383 699 2417 p.
723 2380 736 2405 1
749 2378 815 2417 54,
832 2379 887 2416 30
905 2371 1213 2421 prognariter
1238 2370 1448 2408 audaciter.
1470 2370 1635 2408 Plautus
1654 2369 1773 2408 Persa
1786 2364 1912 2423 (588)

357 2424 450 2478 tage
468 2428 599 2465 indica
617 2426 956 2479 prognariter'.
987 2429 1045 2477 Cf.
1058 2430 1210 2468 Paulus
1228 2429 1389 2477 Festip.
1407 2427 1473 2478 67,
1490 2438 1542 2475 33
1567 2429 1635 2466 Th.
1653 2441 1799 2480 gnarus
1824 2441 1913 2466 cum

355 2486 547 2537 significet
571 2487 613 2524 id
639 2488 743 2536 quod
768 2490 882 2537 scius,
906 2490 1068 2538 peritus,
1092 2491 1225 2527 tamen
1250 2489 1470 2526 invenimus
1500 2500 1736 2538 prognare
1764 2487 1912 2538 signifi-

356 2558 443 2584 care
469 2548 612 2595 aperte.
633 2545 806 2584 Nonium
823 2550 920 2595 puto
939 2550 1036 2586 recte
1054 2549 1218 2586 seribere
1235 2548 1302 2586 sed
1319 2548 1408 2595 falli
1426 2547 1735 2594 interpretando:
1755 2548 1912 2584 coniun-

353 2607 499 2653 ρωπίαν
524 2606 624 2643 enim
653 2606 903 2655 prognariter
931 2607 1115 2656 prudens,
1141 2610 1184 2645 ut
1206 2608 1326 2656 impie
1356 2607 1548 2656 ingratus,
1578 2606 1734 2643 inimice
1766 2605 1913 2653 infesti,

355 2665 487 2714 inepte
507 2664 663 2713 stultus,
682 2664 850 2702 humane
876 2666 1081 2704 commoda
1099 2660 1165 2719 (ef.
1182 2678 1272 2704 ann.
1287 2677 1415 2714 yymn.
1430 2663 1625 2703 Austriac.
1648 2662 1757 2711 1874
1770 2677 1812 2711 p.
1829 2674 1842 2699 1
1854 2658 1912 2716 3),

357 2726 392 2761 et
408 2725 451 2761 in
471 2735 516 2762 ea
527 2726 644 2772 parte
662 2725 721 2761 vis
741 2726 795 2761 est
812 2726 1018 2762 sententiae
1139 2726 1223 2763 210
1243 2726 1416 2762 animam
1434 2725 1525 2762 olim
1537 2726 1761 2761 correctum:
1781 2724 1914 2761 anima

477 2783 560 2821 212
580 2781 813 2820 indalbabat
825 2781 922 2820 Orta
942 2782 1023 2821 dies
1039 2784 1300 2831 Wakefieldus
1313 2784 1365 2822 ad
1377 2783 1496 2821 Iacer.
1511 2795 1526 2820 1
1547 2780 1600 2828 83
1610 2796 1625 2828 ,·
1638 2783 1684 2830 cf.
1697 2782 1805 2830 Very.
1814 2781 1911 2820 Aen.

358 2854 415 2879 xn
442 2852 455 2877 1
471 2852 521 2888 14
542 2841 752 2893 spargebat
777 2842 923 2880 lumine
948 2844 1100 2882 montes
1126 2841 1225 2881 Orta
1251 2842 1343 2887 dies,
1370 2852 1604 2890 quamquam
1623 2843 1776 2888 poterat
1800 2842 1915 2879 etiam

358 2900 590 2939 indalbabat
616 2900 767 2940 Cuncta
791 2901 873 2939 dies
1018 2903 1103 2939 214
1135 2902 1284 2940 Faunei
1309 2913 1353 2940 ex
1378 2902 1490 2939 fauni
1515 2903 1554 2938 et
1573 2901 1680 2948 apud
1701 2900 1914 2938 Varronem
