2054 3282
337 196 394 238 54
887 185 1146 222 ANNALIUM
1170 184 1257 220 Lis.
1276 183 1328 218 1x

451 312 587 354 Marci
617 309 730 352 filius

336 385 421 427 306
629 381 665 422 is
697 380 855 421 dictust
886 377 982 420 ollis
1014 375 1294 431 popularibus
1327 374 1432 416 olim

454 452 536 503 Qui
568 454 659 493 tum
691 449 891 491 vivebant
921 448 1117 490 homines
1148 447 1276 501 atque
1309 460 1459 487 aevum
1491 445 1712 502 agitabant

335 524 418 567 308
450 522 549 565 Flos
581 520 792 563 delibatus
823 518 973 573 populi
1005 517 1236 571 suadaeque
1267 516 1463 558 medulla.

334 687 439 721 illum
465 686 503 720 in
523 695 619 719 nono
639 685 681 718 ut
700 683 831 728 opinor
851 681 978 716 annali
998 681 1174 717 «additur
1195 710 1200 715 .
1218 710 1224 715 .
1242 710 1247 716 .
1268 692 1414 716 marcus
1432 681 1555 717 studio
1573 682 1744 728 collegam
1762 681 1895 718 filius».

336 742 373 775 et
391 740 574 774 oratorem
594 736 761 782 appellat
780 737 817 769 et
836 734 1173 779 suaviloquentiam
1191 734 1345 769 tribuit.
1362 763 1368 769 .
1386 763 1392 768 .
1408 735 1473 769 sed
1493 735 1550 769 est
1569 745 1613 769 ea
1626 734 1708 769 laus
1722 734 1897 779 eloquen-

333 793 409 827 tiae
435 793 532 827 certe
557 790 719 825 maxima
742 789 795 824 «is
823 788 942 823 dictus
961 788 1207 832 popularibus
1226 788 1315 823 olim
1334 788 1399 833 qui
1420 817 1426 822 .
1444 817 1450 822 .
1468 817 1473 822 .
1496 798 1627 822 aevum
1646 788 1802 834 ayebant
1819 787 1844 822 f.
1860 788 1894 822 d.

333 845 503 891 populi»;
521 844 552 863 ⁵⁹
570 842 685 888 probe
704 852 806 885 vero3
825 842 868 875 ut
887 841 986 875 enim
1005 841 1166 876 hominis
1187 842 1299 877 decus
1318 841 1522 887 ingenium,
1543 841 1596 876 sic
1615 841 1759 887 ingenii
1778 840 1895 886 ipsius

332 899 456 933 lumen
482 898 538 931 est
563 895 786 940 eloquentia,
808 905 882 939 qua
907 894 1026 928 virum
1051 895 1293 930 excellentem
1317 895 1508 940 praeclare
1535 896 1615 929 tum
1643 894 1700 929 ini
1728 894 1896 929 homines

332 951 458 986 florem
482 949 612 995 populi
639 959 718 983 esse
744 948 933 991 dixerunt,
961 948 1119 983 «euadat
1148 949 1332 994 (suadas
1359 959 1448 983 corr.
1477 948 1639 982 suadai
1665 948 1703 982 et
1728 948 1896 982 suadae

333 1005 441 1049 Flor.)
461 1002 664 1038 medulla»:
685 1001 808 1036 πειθὼ
829 1012 941 1045 quam
959 1002 1094 1036 vocant
1113 1001 1255 1045 Graeci,
1276 1002 1380 1036 cuius
1400 1000 1552 1036 effector
1571 1002 1628 1036 est
1646 1002 1779 1044 orator,
1799 1001 1897 1036 hanc

333 1058 487 1092 suadam
501 1054 705 1100 appellavit
717 1054 876 1098 Ennius3
897 1054 976 1089 eius
997 1056 1122 1089 autem
1136 1054 1342 1101 Cethegum
1354 1054 1559 1089 medullam
1571 1054 1687 1089 fuisse
1699 1054 1779 1089 vult
1793 1083 1799 1088 .
1817 1083 1823 1088 .
1840 1083 1846 1088 .
1864 1054 1898 1074 ⁰⁰

333 1112 372 1145 at
390 1110 451 1144 hic
466 1109 646 1153 Cethegus
662 1107 790 1142 consul
805 1119 889 1142 cum
901 1107 939 1142 P.
956 1107 1143 1143 Tuditano
1158 1107 1231 1142 fuit
1250 1108 1347 1143 bello
1362 1108 1503 1143 Punico
1523 1108 1685 1143 secundo
1707 1109 1897 1152 quaestor-

333 1174 403 1209 que
423 1163 454 1197 is
474 1173 543 1197 eos.
560 1161 607 1195 M.
625 1160 714 1196 Cato
733 1161 843 1195 modo
863 1161 976 1206 plane
991 1161 1097 1195 annis
1112 1174 1179 1196 exn
1193 1163 1280 1196 ante
1292 1173 1352 1197 me
1366 1172 1450 1204 cos.‚
1460 1163 1498 1196 et
1512 1161 1551 1195 id
1565 1161 1688 1206 ipsum
1701 1161 1774 1196 nisi
1786 1161 1896 1195 unius

333 1217 429 1251 esset
453 1215 563 1249 Ennii
588 1214 802 1249 testimonio
830 1214 1032 1259 cognitum,
1058 1214 1158 1250 hunc
1177 1216 1353 1258 vetustas,
1379 1216 1422 1249 ut
1447 1214 1540 1249 alios
1566 1214 1724 1249 fortasse
1748 1214 1896 1258 multos,

332 1269 515 1304 oblivione
535 1268 746 1302 obruisset.’
853 1267 1106 1310 Quintilianus
1126 1282 1163 1303 n
1183 1272 1216 1311 3,
1231 1272 1273 1303 31
1298 1269 1406 1303 ‘nam
1426 1268 1525 1303 sonis
1544 1268 1712 1303 homines
1739 1269 1783 1302 ut
1811 1278 1898 1302 aera

331 1323 469 1358 tinnitu
495 1322 730 1356 dinoscimus.
758 1321 814 1355 ita
839 1321 904 1356 fiet
927 1321 1022 1355 illud
1048 1322 1148 1366 quod
1174 1321 1315 1356 Ennius
1340 1321 1477 1366 probat
1501 1333 1584 1356 cum
1604 1321 1697 1356 dicit
1716 1321 1897 1358 «suavilo-

333 1375 460 1421 quenti
487 1386 548 1409 ore
575 1374 801 1420 Cethegum»
827 1374 969 1409 fuisse.’
1069 1375 1210 1410 Gellius
1230 1388 1282 1409 111
1302 1379 1334 1418 2,
1349 1378 1369 1409 3
1399 1375 1458 1409 ‘in
1483 1374 1578 1410 libro
1605 1374 1704 1409 enim
1722 1375 1896 1410 vicesimo

334 1429 494 1464 secundo
510 1428 755 1473 epistularum
765 1428 963 1462 moralium
974 1439 1066 1473 quas
1081 1429 1128 1463 ad
1136 1428 1321 1463 Lucilium
1335 1428 1542 1473 composuit
1550 1428 1737 1473 (Annaeus
1746 1428 1897 1473 Seneca)

333 1482 555 1517 deridiculos
575 1492 700 1516 versus
721 1481 761 1524 Q.
783 1481 945 1516 Ennium
966 1482 1012 1516 de
1032 1481 1194 1527 Cethego
1216 1482 1366 1526 (decet
1391 1492 1471 1527 ego
1496 1481 1531 1515 h.
1553 1492 1584 1517 e.
1605 1482 1658 1516 de
1683 1483 1841 1527 cetego
1862 1483 1900 1516 et

331 1536 392 1570 hic
413 1537 450 1570 et
470 1539 489 1578 ἓ
506 1539 548 1569 11
567 1535 655 1569 libri
675 1534 857 1578 nonnulli,
879 1535 945 1569 alii
966 1535 1018 1570 de
1038 1535 1246 1581 cethego,
1267 1534 1311 1570 cf.
1327 1535 1519 1569 Hertzium
1539 1535 1587 1569 ad
1606 1535 1673 1570 loc.
1688 1535 1814 1581 prior.)
1835 1546 1899 1570 an-

331 1590 436 1634 tiquo
457 1589 534 1623 viro
554 1588 686 1623 fecisse
711 1588 778 1623 hos
806 1588 899 1623 dicit
918 1588 972 1624 «is
994 1589 1112 1624 dictus
1130 1589 1228 1624 tollis
1241 1589 1487 1633 popularibus
1505 1588 1678 1634 olimqui
1693 1617 1699 1622 .
1717 1617 1722 1622 .
1740 1617 1746 1622 .
1768 1599 1899 1623 aevum

334 1643 528 1689 ayitabarit
546 1642 570 1675 f.
587 1642 620 1676 d.
634 1642 785 1686 populis
809 1641 912 1676 uada
938 1641 1116 1687 (populi
1142 1642 1284 1676 suada
1301 1642 1426 1687 pauci)
1446 1641 1644 1677 medulla».
1664 1641 1676 1661 ⁴
1696 1653 1739 1676 ac
1764 1642 1900 1676 deinde

335 1695 483 1740 scripsit
509 1696 555 1729 de
579 1695 699 1729 isdem
725 1694 892 1729 versibus
917 1695 1030 1730 verba
1057 1695 1166 1730 haec:
1197 1695 1360 1730 admiror
1388 1694 1709 1739 eloquentissimos
1737 1695 1834 1729 viros
1863 1697 1901 1729 et

333 1749 478 1783 deditos
498 1748 619 1783 Ennio
644 1759 712 1793 pro
739 1748 891 1793 optimis
916 1748 1077 1783 ridicula
1094 1748 1279 1783 laudasse.
1302 1747 1429 1783 Cicero
1450 1749 1549 1783 certe
1568 1748 1666 1783 inter
1684 1748 1799 1783 bonos
1820 1740 1899 1783 eius

332 1813 456 1836 versus
481 1803 519 1836 et
542 1802 610 1836 hos
635 1801 759 1836 refert.
777 1829 783 1835 .
800 1829 806 1835 .
824 1830 830 1835 .
850 1801 863 1821 ⁷
881 1801 989 1846 ponit
1014 1801 1150 1836 deinde
1176 1812 1271 1846 quae
1298 1803 1390 1846 aput
1416 1800 1627 1836 Ciceronem
1651 1802 1901 1846 reprehendat

334 1856 440 1900 quasi
460 1855 641 1898 Enniana,
669 1855 770 1899 quod
794 1854 850 1889 ita
869 1854 1059 1900 scripserit
1077 1855 1117 1889 in
1136 1854 1242 1889 libris
1262 1855 1309 1889 de
1327 1865 1367 1889 re
1385 1854 1538 1899 publica
1558 1856 1594 1900 (v
1613 1858 1645 1898 9,
1662 1857 1719 1899 11)
1740 1856 1805 1891 «ut
1823 1854 1900 1889 Me-

332 1908 439 1943 nelao
463 1908 601 1943 Laconi
627 1908 812 1953 quaedam
837 1907 911 1942 fuit
939 1908 1263 1953 suaviloquens
1292 1908 1540 1951 iucunditas»,
1567 1909 1605 1943 et
1633 1908 1732 1952 quod
1761 1907 1835 1942 alio
1861 1908 1900 1942 in

333 1962 413 1996 loco
429 1962 565 1996 dixerit
577 1960 935 2005 «breviloquentiam
951 1961 991 1995 in
1005 1961 1162 1996 dicendo
1177 1961 1298 1997 colat»
1314 1960 1372 2006 (cf.
1390 1960 1735 2005 ‘blandiloquentia
1745 1961 1754 1977 '
1770 1961 1810 1995 in
1823 1961 1899 1995 Me-

335 2015 404 2049 dea
417 2015 508 2060 v11).'
628 2014 773 2048 Servius
788 2014 972 2048 Danielin.
988 2015 1028 2049 in
1041 2014 1130 2049 Aen.
1143 2028 1209 2049 v111
1224 2017 1292 2048 500
1305 2027 1340 2059 p.
1357 2018 1436 2056 271,
1449 2018 1492 2048 22
1504 2014 1599 2048 Thil.
1618 2014 1628 2030 ‘
1637 2013 1704 2048 flos
1717 2015 1898 2049 veterum:

333 2068 571 2102 Ennianum'
588 2078 817 2112 quamquam
830 2067 971 2102 Ennius
985 2079 1059 2102 non
1076 2067 1162 2103 ‘flos
1176 2068 1360 2102 veterum'
1377 2068 1441 2102 sed
1458 2067 1544 2102 ‘fios
1558 2067 1708 2112 populi'
1725 2068 1829 2102 dixit.

335 2120 459 2155 Cicero
480 2121 557 2156 Cat.
572 2121 659 2155 mai.
677 2125 732 2163 14,
745 2124 788 2155 50
806 2121 873 2155 ‘M
888 2132 972 2155 vero
988 2121 1192 2167 Cethegum
1212 2132 1321 2166 quem
1340 2122 1440 2155 recte
1460 2121 1621 2156 «suadae
1641 2121 1802 2166 (suada
1817 2121 1898 2155 Par.

334 2187 380 2208 m.
395 2176 463 2219 pr.)
477 2174 703 2210 medullam»
718 2174 813 2208 dixit
826 2174 967 2209 Ennius
983 2176 1122 2219 quanto
1137 2175 1260 2209 studio
1276 2174 1436 2209 exerceri
1455 2174 1495 2208 in
1511 2174 1669 2209 dicendo
1683 2174 1900 2209 videbamus

336 2228 448 2262 etiam
468 2228 619 2262 senem?
707 2227 960 2270 Quintilianus
980 2241 1007 2262 11
1028 2231 1083 2271 15,
1098 2233 1119 2263 4
1140 2228 1346 2273 (Isocrates)
1369 2227 1499 2262 ‘finem
1525 2227 1616 2262 artis
1641 2229 1779 2262 temere
1802 2238 1899 2262 com-

335 2280 533 2325 prehendit
558 2281 685 2316 dicens
711 2291 790 2315 esse
809 2281 1018 2316 rhetoricen
1037 2281 1287 2326 persuadendi
1310 2280 1491 2326 opificem,
1518 2280 1558 2315 id
1578 2281 1635 2315 est
1653 2283 1812 2322 πειθοῦς
1836 2283 1900 2325 δη-

336 2333 530 2379 μιουργόνς
550 2344 670 2378 neque
690 2334 789 2368 enim
807 2334 900 2368 mihi
918 2334 1151 2379 permiserim
1169 2335 1301 2369 eadem
1319 2334 1376 2368 uti
1395 2333 1645 2368 declinatione
1666 2345 1740 2378 qua
1758 2333 1899 2368 Ennius

336 2386 384 2419 M.
407 2386 609 2432 Cethegum
634 2388 795 2423 «suadae
818 2387 1045 2423 medullam»
1071 2388 1205 2422 vocat.’
1282 2386 1333 2422 Cf.
1355 2386 1467 2422 schol.
1483 2387 1562 2421 cod.
1577 2386 1734 2432 Rehdig.
1750 2387 1789 2421 in
1805 2386 1897 2421 rhet.

338 2439 385 2473 ad
408 2439 564 2473 Herenn.
582 2441 684 2484 (mus.
699 2440 816 2475 Rhen.
831 2454 883 2476 vn
904 2453 939 2486 p.
956 2443 1048 2486 293).

459 2615 540 2653 306
563 2614 709 2654 dictust
728 2617 817 2656 ollis
833 2617 1053 2656 Gronovius
1072 2618 1124 2656 ad
1139 2616 1256 2656 Gellii
1272 2618 1294 2655 l.
1310 2628 1338 2655 c.
1409 2615 1471 2654 Ne
1491 2616 1579 2654 ollis
1600 2618 1669 2654 aut
1689 2616 1784 2653 olim
1804 2617 1900 2654 abii-

339 2675 476 2713 cientes
499 2686 621 2712 umum
646 2687 798 2714 versum
831 2678 1025 2724 efficerent
1048 2678 1134 2715 cavi
1163 2678 1214 2715 iis
1239 2688 1337 2724 quae
1361 2677 1500 2723 scripsi
1525 2677 1567 2713 iu
1591 2686 1760 2723 prooem.
1789 2672 1897 2722 1878

332 2746 374 2782 p.
391 2743 416 2780 4
436 2745 489 2781 sq.
511 2735 546 2771 et
569 2731 676 2782 1879
682 2730 762 2784 s80
775 2748 816 2783 p.
842 2745 863 2783 5
885 2748 962 2784 sqq.
1063 2737 1145 2775 307
1169 2749 1309 2774 aevum
1328 2734 1499 2786 agebant
1518 2745 1604 2772 cum
1622 2735 1732 2771 hiatuv
1753 2733 1900 2772 Cicero-

339 2804 427 2831 nem
444 2804 524 2831 mm
542 2793 741 2840 scripsisse
759 2795 825 2832 sed
844 2796 945 2842 quod
965 2807 1009 2834 exc
1026 2794 1171 2834 Seneca
1186 2794 1336 2834 Gellius
1355 2794 1517 2833 tradidit
1535 2805 1674 2831 aevum
1694 2793 1901 2842 agitabant

339 2851 622 2890 Lachmamzus
640 2853 839 2891 adamavit
857 2855 909 2892 ad
927 2854 1091 2893 Luco-,11
1105 2852 1189 2901 466
1320 2854 1403 2892 308
1432 2865 1506 2902 que
1526 2853 1702 2890 additum
1723 2853 1763 2889 in
1780 2852 1902 2890 Bruti

341 2912 531 2950 codicibus
550 2911 696 2960 alicam}
713 2912 964 2951 deterioribus
