2054 3282
870 210 1081 246 INCERTA
1668 208 1752 250 237

918 329 1031 364 XLIV

190 402 248 444 44
889 402 1056 444 edolare

921 536 1019 571 XLV

189 608 246 650 45
883 609 1075 651 conciere

911 742 1027 777 XLVI

187 816 244 858 4ss
478 816 652 859 daedala
682 816 875 858 Minerva
908 850 915 858 .
948 815 1141 858 Minerva
1172 830 1255 872 era,
1281 815 1453 858 domina

186 1010 260 1044 lus:
282 1020 369 1045 nam
388 1009 530 1044 Ennius
551 1010 644 1045 dicit
662 1010 791 1045 Nilum
811 1010 996 1046 Melonem
1017 1000 1149 1053 vocari,
1171 1010 1364 1045 Atlantem
1384 1020 1467 1045 vero
1482 1009 1750 1046 Telamonem’

186 1062 280 1097 Ibid.
300 1076 335 1098 1v
357 1067 424 1098 246
445 1063 534 1098 etin
554 1074 679 1109 georg.
702 1076 739 1099 ιν
760 1067 838 1098 291.
944 1063 996 1098 Cf.
1013 1064 1062 1098 ad
1082 1074 1165 1098 ann.
1182 1076 1194 1097 1
1214 1063 1257 1097 fr.
1273 1076 1373 1097 xxm.
1389 1063 1527 1098 Paulus
1546 1063 1648 1098 Festi
1668 1076 1702 1109 p.
1720 1067 1751 1107 6,

186 1119 207 1150 4
221 1116 287 1150 Th.
305 1116 455 1151 ‘alcedo
477 1116 672 1151 dicebatur
691 1116 739 1151 ab
760 1116 925 1161 antiquis
946 1127 1012 1161 pro
1034 1116 1199 1161 alcyone,
1217 1117 1260 1151 ut
1278 1127 1344 1161 pro
1360 1116 1575 1162 Ganymede
1591 1116 1753 1151 Catami-

185 1171 256 1212 tus,
276 1180 342 1214 pro
362 1169 448 1204 Nilo
463 1169 587 1204 Melo.'
603 1170 705 1204 Idem
724 1182 759 1215 p.
777 1173 831 1213 13,
847 1174 891 1204 30
906 1170 972 1204 Th.
991 1169 1204 1204 ‘Alumento
1221 1181 1288 1215 pro
1304 1170 1559 1204 Laumedonte
1580 1181 1602 1205 a
1621 1170 1751 1205 veteri-

186 1223 255 1257 bus
277 1223 455 1258 Romanis
481 1223 640 1258 necdum
666 1223 832 1258 adsuetis
856 1222 1019 1258 Graecae
1044 1223 1197 1268 linguae
1224 1223 1366 1258 dictum
1392 1224 1457 1257 est.
1486 1223 1539 1257 sic
1561 1222 1659 1258 Melo
1684 1234 1751 1268 pro

185 1276 283 1320 Nilo,
305 1276 510 1311 Catamitus
531 1287 598 1321 pro
619 1276 834 1321 Ganymede
850 1304 856 1310 .
874 1304 879 1310 .
898 1305 903 1310 .
926 1276 1146 1311 dicebatur.'
1162 1276 1265 1310 Idem
1284 1288 1318 1321 p.
1335 1279 1391 1319 89,
1407 1279 1448 1310 31
1466 1276 1531 1310 Th.
1550 1276 1667 1311 ‘Melo
1688 1287 1752 1311 no-

185 1330 284 1364 mine
298 1330 371 1364 alio
385 1330 494 1364 Nilus
508 1330 686 1364 vocatur.’
704 1329 755 1364 Cf.
773 1329 808 1365 C.
826 1329 880 1365 Gl.
897 1330 935 1364 L.
950 1343 986 1364 vr
1006 1342 1040 1375 p.
1057 1333 1142 1373 689;
1157 1329 1246 1364 ibid.
1263 1343 1289 1363 11
1303 1342 1338 1374 p.
1356 1333 1433 1373 196,
1450 1333 1470 1363 3
1487 1329 1659 1364 ‘Telamo
1673 1327 1751 1364 ’Ἀτ-

183 1385 249 1424 λας
261 1383 302 1418 τὸ
318 1382 479 1429 ὄρος-(ἢῆ
487 1383 659 1418 Goetzius
671 1384 919 1428 αγλαστοορος
930 1383 1051 1428 cod.).⁷
1062 1383 1103 1417 R.
1114 1383 1298 1417 Hirzelius
1313 1383 1352 1416 in
1366 1383 1470 1417 relat.
1482 1383 1607 1418 societ.
1618 1383 1749 1418 Saxon.

185 1436 228 1470 cl.
244 1436 335 1481 phil.
350 1436 436 1471 hist.
452 1449 565 1471 xnv111
579 1437 699 1482 (1896)
713 1448 748 1480 p.
766 1439 833 1470 336
849 1448 901 1481 sq.
1013 1436 1183 1470 Lucanus
1204 1449 1225 1469 x
1247 1440 1314 1470 249
1332 1437 1342 1453 ‘
1354 1437 1538 1470 commeat
1556 1435 1627 1474 hac
1647 1436 1751 1481 peni-

184 1491 244 1524 tus
264 1489 390 1524 tacitis
411 1489 639 1524 discursibus
659 1490 761 1523 unda
780 1489 918 1535 frigore
939 1489 986 1524 ab
1007 1490 1133 1524 arctoo
1154 1489 1318 1524 medium
1344 1491 1517 1524 revocata
1544 1489 1612 1524 sub
1633 1500 1750 1533 axem,

184 1554 267 1577 cum
287 1543 457 1578 Phoebus
477 1543 613 1588 pressit
631 1543 782 1577 Meroen
801 1542 986 1586 tellusque
1006 1543 1159 1587 perusta
1178 1542 1268 1577 illuc
1288 1542 1395 1576 duxit
1418 1543 1561 1587 aquas.’
1584 1542 1696 1577 schol.
1712 1543 1751 1577 in

183 1595 218 1630 h.
233 1595 256 1630 l.
275 1596 428 1640 ‘aquas:
450 1596 590 1630 Ennius
611 1596 702 1631 haec
723 1596 768 1630 de
788 1595 874 1630 Nilo
890 1596 953 1639 ait,
969 1595 1070 1639 quod
1082 1606 1149 1640 per
1169 1596 1350 1630 aestatem
1371 1595 1425 1630 sol
1446 1596 1492 1630 ab
1513 1595 1750 1630 inferioribus

184 1659 321 1693 aquam
344 1660 456 1694 supra
481 1650 628 1684 revocet
647 1651 685 1684 et
702 1649 790 1684 hinc
810 1659 852 1684 eo
872 1650 1039 1694 tempore
1058 1648 1167 1683 Nilus
1191 1649 1400 1684 increscat.'
1422 1649 1538 1684 Paulo
1571 1649 1681 1684 aliter
1706 1660 1750 1684 ex

183 1702 263 1736 cod.
285 1701 404 1736 Guelf.
420 1702 601 1738 Weberus
621 1703 757 1737 Lucan.
773 1715 815 1737 111
834 1715 869 1748 p.
887 1705 964 1736 787.
987 1701 1039 1737 Cf.
1059 1702 1220 1737 Dielsius
1242 1702 1322 1737 Sen.
1342 1703 1379 1737 et
1398 1702 1483 1737 Luc.
1503 1703 1573 1737 act.
1592 1702 1696 1737 acad.
1715 1714 1747 1737 a.

186 1758 275 1790 1885
295 1768 330 1801 p.
348 1759 401 1790 14.

301 1814 415 1850 XLIV
429 1816 500 1861 (44)
532 1814 674 1850 Nonius
689 1827 723 1860 p.
740 1808 878 1858 448,'17
897 1815 907 1832 ‘
917 1815 1066 1850 edolare
1079 1814 1270 1850 fabrorum
1285 1816 1341 1851 est
1354 1807 1479 1850 verum
1494 1815 1645 1850 verbum
1665 1827 1748 1851 cum

182 1868 422 1903 materiarum
442 1868 688 1914 conplanatur
708 1869 899 1914 asperitas.
917 1869 976 1903 usi
997 1870 1083 1903 sunt
1103 1879 1146 1903 eo
1166 1868 1347 1904 laudandi
1369 1869 1566 1914 scriptores
1587 1870 1749 1904 vetusta-

182 1921 230 1955 tis
257 1921 371 1956 etiam
397 1922 445 1956 ad
471 1922 564 1957 alias
590 1922 752 1957 fabricas
778 1933 909 1956 rerum.
931 1922 1049 1957 Varro
1076 1922 1246 1957 Bimarco
1267 1923 1327 1967 (xv
1346 1922 1401 1967 B.)
1423 1933 1529 1958 «cum
1550 1922 1749 1967 Quintipor

183 1974 332 2009 Clodius
346 1976 404 2009 tot
417 1975 627 2010 comoedias
648 1975 726 2009 sine
746 1975 825 2010 ulla
844 1975 976 2010 fecerit
995 1986 1110 2019 musa,
1133 1986 1200 2021 ego
1221 1987 1336 2010 unum
1356 1975 1526 2010 libellum
1546 1986 1620 2010 non
1638 1976 1748 2012 «edo-

182 2027 289 2071 lem»,
311 2030 353 2062 ut
373 2028 427 2063 ait
446 2028 613 2063 Ennius.'
734 2028 786 2063 Cf.
803 2029 851 2063 ad
870 2029 990 2074 Iphig.
1006 2041 1081 2063 v111.

301 2087 398 2121 XLV
418 2088 490 2132 (45)
527 2087 669 2122 Nonius
689 2099 724 2132 p.
746 2091 802 2130 90,
820 2091 863 2121 10
886 2087 1075 2122 ‘conciere
1101 2099 1185 2122 cum
1210 2087 1493 2132 perturbatione
1520 2099 1745 2123 conmovere.

182 2139 316 2174 Accius
334 2139 467 2175 Medea
478 2142 559 2185 (399
574 2141 631 2186 R.)
644 2140 740 2176 «nisi
752 2151 844 2184 quas
862 2141 1046 2175 terrestris
1063 2142 1200 2185 pontus
1218 2142 1361 2185 strages
1380 2141 1557 2176 conciet».
1571 2141 1747 2176 Afranius

183 2192 351 2237 deposito
367 2194 424 2239 (46
439 2194 496 2239 R.)
512 2194 574 2230 «di
589 2195 675 2228 sunt
687 2194 775 2236 irati
790 2193 860 2228 tibi
874 2194 939 2238 qui
953 2194 1121 2229 conciere
1138 2194 1280 2239 cogites
1300 2195 1447 2228 tantum
1466 2194 1590 2230 mali».
1606 2194 1747 2229 Ennius

183 2246 377 2281 Duloreste
398 2247 613 2291 «extemplo
640 2247 812 2292 Aegisthi
839 2246 949 2281 fidem
975 2249 1232 2292 nuncupantes
1259 2247 1483 2282 conciebunt
1508 2248 1744 2293 populum».’

182 2299 341 2335 Enniine
362 2300 572 2345 exemplum
592 2312 676 2335 cum
694 2300 847 2335 Pacuvii
874 2301 1023 2335 nomine
1043 2301 1279 2335 interciderit
1305 2312 1352 2335 an
1373 2311 1472 2335 mero
1494 2311 1614 2336 errore
1635 2301 1746 2336 Ennii

182 2364 316 2388 nomen
340 2354 504 2398 positum
527 2354 576 2388 sit
594 2364 661 2398 pro
682 2353 842 2388 Pacuvio
863 2353 922 2398 (cf.
940 2357 1006 2388 140
1022 2354 1079 2398 R.)
1099 2354 1284 2388 incertum
1304 2355 1376 2388 est:
1398 2365 1626 2398 quamquam
1646 2355 1747 2399 apud

183 2405 391 2441 Charisium
411 2420 448 2442 1v
467 2419 501 2452 p.
519 2410 596 2449 278,
613 2411 632 2442 6
653 2407 696 2441 Κ.
719 2408 756 2441 et
776 2407 876 2451 apud
896 2407 1117 2441 Diomedem
1136 2420 1163 2441 11
1182 2419 1217 2452 p.
1236 2411 1317 2451 441,
1333 2410 1352 2441 3
1370 2407 1412 2441 Κ.
1429 2407 1508 2442 sine
1527 2409 1662 2453 poetae
1682 2419 1746 2443 no-

182 2459 281 2493 mine
300 2459 439 2505 legitur
458 2471 582 2494 versus
605 2460 814 2495 ‘concitum
833 2459 943 2495 tetuli
963 2460 1154 2505 gradum'.

300 2518 415 2552 XLVI
429 2520 500 2564 (46)
526 2519 664 2553 Paulus
678 2519 779 2553 Festi
792 2531 827 2563 p.
841 2522 897 2561 48,
907 2523 925 2553 7
938 2519 1004 2553 Th.
1019 2519 1280 2555 ‘«daedalam»
1290 2529 1311 2553 a
1325 2519 1506 2555 varietate
1521 2531 1642 2555 rerum
1657 2522 1746 2555 arti-

182 2572 422 2616 ficiorumque
436 2572 576 2607 dictam
590 2583 669 2606 esse
684 2572 785 2617 apud
799 2572 1011 2606 Lucretium
1030 2573 1167 2607 terram
1182 2573 1219 2618 (d
1229 2573 1309 2608 aed
1319 2573 1360 2608 al
1372 2584 1393 2608 a
1413 2573 1552 2607 tellus
1573 2587 1585 2607 1
1604 2577 1634 2608 7.
1651 2577 1743 2616 228),

182 2625 282 2670 apud
296 2625 457 2659 Ennium
470 2625 684 2667 Minervam,
706 2625 806 2670 apud
814 2625 1016 2670 Virgilium
1031 2625 1159 2660 Circen
1171 2626 1273 2671 (Aen.
1286 2639 1337 2662 v11
1354 2630 1432 2661 282.
1449 2626 1546 2661 Serv.
1559 2627 1598 2661 in
1617 2638 1742 2671 georg.

181 2691 217 2713 1v
234 2681 313 2725 179)
328 2678 439 2713 facile
460 2679 516 2713 est
534 2678 763 2724 intellegere,
784 2689 867 2712 cum
881 2677 1012 2713 Graeci
1034 2678 1245 2715 δαιδάλλειν
1266 2680 1477 2725 significent
1490 2680 1659 2714 variare.'

182 2732 345 2766 Achilles
367 2731 507 2767 Statius
528 2732 576 2766 ad
592 2731 777 2766 Catullum
799 2735 830 2774 1,
845 2735 865 2765 9
883 2732 1099 2776 ‘patronam
1112 2732 1317 2767 Minervam
1334 2733 1427 2767 dicit
1442 2761 1447 2766 .
1465 2760 1470 2766 .
1489 2760 1494 2766 .
1511 2743 1592 2767 eam
1611 2743 1695 2767 vero
1712 2762 1717 2767 .
1735 2762 1741 2767 .

182 2785 322 2819 Ennius
349 2787 386 2820 et
412 2786 601 2820 dominam
627 2786 664 2819 et
687 2785 815 2819 heram
842 2785 963 2819 dixit?
1104 2785 1215 2821 Statii
1241 2786 1497 2821 testimonium
1522 2784 1638 2820 fallax
1664 2797 1743 2820 esse

182 2840 353 2874 autumat
366 2838 565 2884 Bergkius3
586 2838 670 2873 vide
685 2839 733 2873 ad
747 2849 830 2873 ann.
845 2851 882 2873 v1
900 2838 943 2872 fr.
959 2852 1030 2873 mx.
1049 2849 1167 2874 eram
1180 2839 1382 2874 Fortunam
1396 2839 1489 2872 dicit
1502 2838 1643 2872 Ennius
1657 2850 1740 2874 ann.

184 2895 260 2926 197.
279 2892 461 2927 ‘Tritonis
482 2893 564 2927 era’
582 2891 748 2928 Catullus
765 2895 819 2936 64,
835 2895 919 2937 3953
946 2892 1045 2927 idem
1061 2892 1233 2927 ‘domina
1258 2891 1470 2937 Dindymi’,
1487 2891 1742 2937 ‘Dindymena

182 2943 352 2980 domina’
369 2946 406 2981 et
426 2945 505 2981 sim.
