2054 3282
691 190 950 226 ANNALIUM
977 191 1062 226 LIB.
1083 191 1135 226 IN
1138 191 1174 227 C.
1651 190 1706 232 89

853 309 1005 345 XXVIII

149 372 238 414 490
270 371 494 427 Capitibus
526 371 718 414 nutantis
750 371 875 426 pinos
905 374 1129 427 rectosque
1161 386 1383 427 cupressos

870 476 987 510 XXIX

149 538 232 580 491
268 536 466 592 «Optima
490 537 750 593 caelicolum,
777 536 988 592 Saturnia,
1014 552 1168 594 magna
1194 538 1366 580 dearum

881 642 981 676 XXX

149 704 236 746 492
267 704 406 747 Multa
436 703 531 746 foro
563 704 688 758 ponit
713 706 756 746 et
780 718 885 760 agea
909 704 1039 760 longa
1070 705 1258 759 repletur

869 807 988 842 XXXI

149 870 235 913 493
267 869 372 920 «Qui
397 870 533 912 vincit
556 884 643 912 non
669 873 733 912 est
758 870 894 912 victor
917 870 1001 912 nisi
1028 870 1164 913 victus
1190 871 1349 913 fatetur

267 1035 419 1071 XXVIII
438 1037 534 1081 (490)
572 1034 714 1071 Gellius
728 1048 795 1070 xm
815 1038 870 1078 21,
887 1038 930 1070 13
947 1035 1108 1071 ‘Ennius
1128 1036 1219 1071 item
1240 1038 1383 1072 «rectos
1404 1047 1596 1081 cupressos
1618 1038 1711 1081 (cu-

148 1100 333 1135 pressus
352 1089 469 1135 Pet.)»
491 1088 587 1124 dixit
606 1090 736 1124 contra
753 1090 944 1134 receptum
964 1089 1137 1124 vocabuli
1156 1100 1273 1136 genus
1293 1090 1364 1125 hoc
1378 1101 1484 1125 versu
1498 1089 1711 1135 «capitibus

148 1143 317 1178 ‘nutantis
336 1142 655 1188 (nutantibus
678 1141 782 1176 Voss.
803 1141 892 1176 min.
907 1154 955 1176 m.
972 1142 1041 1187 pr.)
1067 1142 1176 1187 pinos
1195 1154 1222 1177 r.
1238 1153 1303 1178 c.».
1325 1143 1463 1177 firmior
1485 1143 1520 1178 ei
1544 1142 1654 1178 credo
1675 1144 1712 1177 et

148 1195 302 1231 viridior
316 1206 427 1231 sonus
442 1206 521 1231 esse
535 1195 634 1230 vocis
648 1195 747 1230 visus
762 1197 829 1239 est,
843 1196 963 1230 rectos
978 1195 1101 1231 dicere
1116 1207 1308 1241 cupressos
1323 1207 1436 1241 quam
1449 1197 1596 1231 rectas.'

148 1249 292 1284 Nonius
311 1261 347 1294 p.
364 1252 443 1293 195,
458 1253 503 1284 24
525 1249 733 1294 ‘cupressos
759 1248 906 1294 generis
931 1248 1113 1292 feminini,
1132 1250 1176 1283 ut
1201 1248 1357 1284 dubium
1381 1260 1456 1284 non
1481 1250 1547 1284 est.
1568 1259 1712 1284 mascu-

148 1303 218 1339 lini
236 1303 378 1339 Ennius
399 1303 610 1349 «capitibus
629 1304 848 1339 ‘nutantibus
865 1315 900 1348 p.
916 1315 943 1337 r.
959 1302 1040 1338 c.».’

268 1357 387 1392 XXIX
406 1358 503 1403 (491)
540 1356 752 1391 Priscianus
772 1369 848 1391 xvn
866 1368 901 1401 p.
918 1359 997 1400 192,
1014 1359 1057 1391 14
1077 1355 1121 1390 H.
1143 1357 1223 1401 (per
1248 1356 1413 1400 quinque
1438 1356 1568 1392 modos
1594 1356 1713 1391 varia-

148 1411 314 1447 tionibus
333 1410 392 1445 usi
412 1411 595 1455 auctores)
617 1410 703 1455 ‘per
729 1408 876 1455 species
890 1411 933 1444 ut
951 1409 1093 1443 Ennius
1113 1410 1262 1454 (poetae
1286 1420 1421 1445 nomen
1441 1421 1510 1445 om.
1532 1410 1713 1455 plerique,

148 1464 380 1499 habetVind.
391 1463 414 1498 S
428 1464 466 1499 et
479 1474 501 1497 a
515 1474 604 1497 corr.
615 1462 696 1497 Par.
706 1463 751 1508 R)
763 1463 929 1508 «optima
939 1491 944 1496 .
956 1491 962 1497 .
975 1491 980 1496 .
991 1463 1185 1507 dearum»;
1198 1473 1337 1509 magna
1351 1463 1446 1498 dixit
1457 1474 1525 1508 pro
1538 1463 1711 1506 maxima,

148 1517 351 1563 positivum
368 1527 436 1563 pro
456 1516 694 1561 superlativo,
715 1528 798 1552 cum
818 1515 1012 1562 aptissime
1032 1516 1201 1561 superius
1215 1516 1381 1561 «optima
1401 1515 1642 1552 caelicolum»
1658 1516 1713 1551 di-

149 1571 290 1606 xisset.’

268 1623 368 1658 XXX
393 1625 490 1670 (492)
532 1623 696 1659 Isidorus
722 1623 813 1669 orig.
833 1636 895 1658 >nx
915 1627 984 1667 2,4
1012 1623 1129 1668 ‘agea
1154 1622 1237 1658 viae
1263 1623 1350 1657 sunt
1376 1622 1434 1658 vel
1460 1622 1543 1657 loca
1562 1622 1602 1657 in
1626 1623 1714 1658 navi

148 1689 216 1723 per
241 1688 337 1722 quae
364 1677 413 1711 ad.
437 1676 596 1723 remiges
621 1676 790 1711 hortator
815 1676 977 1721 accedit3
1003 1676 1051 1711 de
1073 1687 1148 1720 qua
1173 1676 1315 1710 Ennius
1342 1676 1484 1712 «multa
1509 1676 1534 1710 f.
1551 1680 1664 1721 ponet
1682 1681 1715 1712 et

150 1730 319 1776 (punit,
340 1742 409 1765 om.
426 1731 484 1773 et,
499 1730 628 1774 Wolf.)
649 1742 740 1777 ayea
757 1730 781 1764 l.
802 1730 1017 1775 repletur».'
1117 1729 1305 1764 Osbernus
1325 1740 1491 1774 panorm.
1507 1729 1615 1776 (thes.
1630 1740 1712 1765 nov.

149 1784 244 1828 Lat.)
259 1784 301 1820 A.
317 1783 394 1818 Mai
417 1783 523 1818 class.
539 1785 636 1819 auct.
650 1797 717 1818 v111
736 1795 771 1828 p.
788 1787 831 1819 29
855 1783 966 1819 ‘item
991 1783 1040 1817 ab
1066 1794 1138 1829 ago
1163 1783 1256 1818 haec
1283 1793 1389 1828 agea,
1410 1793 1487 1826 eae,
1506 1782 1530 1817 i.
1551 1783 1655 1818 locus
1674 1783 1714 1818 in

150 1837 236 1873 navi
261 1848 328 1882 per
347 1848 458 1881 quem
478 1837 527 1871 ad
545 1847 666 1872 remos
689 1837 890 1881 acceditur,
909 1837 1009 1871 unde
1028 1836 1171 1872 Ennius
1191 1836 1334 1873 «multa
1353 1836 1377 1870 f.
1398 1847 1537 1881 ponens
1556 1848 1715 1883 aqeaque

149 1890 172 1925 l.
194 1890 409 1936 repletur».’
526 1890 579 1925 Cf.
595 1890 733 1925 Paulus
753 1891 855 1925 Festi
873 1903 909 1936 p.
925 1894 958 1934 8,
974 1894 994 1925 3
1008 1890 1074 1924 Th.
1092 1890 1208 1936 ‘agea
1227 1889 1288 1924 via
1307 1890 1346 1924 in
1369 1890 1456 1925 navi
1480 1890 1594 1933 dicta⁷
1614 1891 1713 1935 quod

149 1944 188 1978 in
203 1955 247 1979 ea
259 1944 420 1979 maxime
433 1955 603 1989 quaeque
617 1955 675 1980 res
689 1944 752 1990 agi
766 1944 887 1979 solet.'
904 1943 940 1979 C.
953 1943 1009 1979 Gl.
1021 1943 1060 1978 L.
1072 1957 1109 1978 V1
1122 1956 1157 1988 p.
1170 1946 1226 1977 42.
1324 1943 1463 1977 Paulus
1476 1955 1511 1988 p.
1525 1946 1580 1985 59,
1591 1947 1635 1978 35
1646 1943 1712 1978 Th.

152 1996 294 2032 ‘forum
313 2007 376 2032 sex
397 1997 518 2032 modis
541 1997 776 2043 intellegitur
797 2027 802 2033 .
820 2025 826 2031 .
844 2025 850 2031 .
871 1997 1002 2041 quinto
1025 1997 1128 2031 locus
1151 1996 1191 2030 in
1213 1996 1310 2031 navi.
1332 1996 1396 2030 sed
1415 1997 1496 2031 tum
1516 1996 1714 2031 masculini

150 2050 296 2096 generis
316 2051 374 2085 est
393 2051 431 2085 et
448 2050 621 2095 plurale.'
644 2050 680 2085 C.
697 2050 751 2085 Gl.
767 2050 806 2085 L.
821 2063 859 2085 v1
877 2062 912 2094 p.
928 2053 1008 2085 465.

268 2102 388 2137 XXXI
405 2104 503 2148 (493)
541 2103 687 2138 Servius
712 2103 751 2137 in
770 2103 861 2138 Aen.
879 2116 917 2138 x1
937 2106 1005 2138 306
1031 2102 1186 2148 (bellum
1211 2102 1467 2147 importunum
1493 2113 1577 2137 cum
1602 2103 1714 2148 gente

270 2275 356 2313 490
377 2272 582 2323 Capitibus
598 2275 796 2312 nutantis:
813 2275 1000 2322 quidquid
1019 2275 1243 2322 temptatmn
1263 2277 1327 2319 est,
1348 2275 1445 2313 nihil
1463 2276 1714 2314 verisimilius

151 2346 268 2381 quam
285 2334 389 2372 hume
406 2334 668 2372 hexametrmn
688 2345 766 2372 esse
783 2346 809 2372 a
825 2336 1005 2381 quattuor
1024 2334 1201 2372 brevibus
1219 2335 1462 2382 incipiewte‘m
1482 2336 1516 2372 et
1533 2335 1712 2373 nutantis

153 2387 249 2446 (non
267 2387 520 2446 nutantibus)
534 2404 688 2439 vcrwrm
706 2394 879 2441 suppleri
891 2395 1047 2441 poterat
1064 2393 1269 2442 Evertunt,
1282 2395 1326 2431 w}
1345 2394 1442 2431 idem
1463 2395 1569 2432 tenor
1584 2394 1714 2441 fuerit,

153 2454 220 2500 qui
246 2455 300 2491 est
323 2465 357 2491 v.
379 2449 455 2500 187
478 2464 569 2501 sqq„
596 2464 690 2500 quos
715 2464 849 2490 versus
874 2453 1103 2491 Macrobius
1128 2465 1214 2491 cum
1232 2451 1331 2491 Am.
1351 2465 1394 2492 v1
1419 2461 1498 2501 179
1519 2465 1597 2502 sqq.
1618 2465 1714 2492 com-

144 2513 302 2559 posa&
319 2512 387 2550 sed
402 2512 594 2560 Verqilius
612 2512 758 2550 similia
774 2512 887 2550 habet
901 2524 943 2549 x1
963 2509 1036 2558 136
1053 2512 1234 2551 evertunt
1253 2512 1361 2551 actas
1383 2512 1432 2551 ad
1452 2512 1581 2552 sidera
1599 2513 1714 2562 pinos

153 2582 224 2618 eqs.
234 2572 269 2609 et
278 2570 399 2610 Silius
412 2583 438 2608 x
452 2579 534 2618 533
550 2570 766 2610 devolvunt
782 2583 946 2620 quercus
963 2571 1003 2610 et
1016 2572 1214 2610 amamem
1232 2572 1353 2610 litora
1370 2573 1509 2622 pinum
1529 2585 1574 2610 ac
1593 2571 1714 2611 ferale

152 2629 268 2668 decus
287 2632 456 2668 maestas
477 2630 526 2668 ad
546 2630 663 2669 busta
683 2642 884 2679 cupressos
905 2633 939 2668 et
955 2630 1102 2669 Statius
1124 2631 1240 2670 Theb.
1256 2644 1297 2670 v1
1319 2641 1373 2679 99
1495 2632 1579 2670 492
1600 2631 1715 2680 ponit

155 2687 355 2734 Coluwma,
376 2690 422 2737 cf.
440 2698 520 2736 342
693 2690 777 2728 493
804 2690 881 2727 nisi
901 2691 1028 2728 victus
1048 2691 1196 2729 fatetur
1214 2691 1293 2729 scil.
1314 2702 1353 2729 se
1373 2691 1523 2729 victum
1542 2701 1645 2735 esse;
1665 2690 1712 2737 cf.

151 2747 293 2786 Livius
317 2747 443 2788 xxxvl
469 2757 543 2799 45,
558 2746 582 2785 6
609 2748 821 2798 postquam
847 2749 1127 2788 confessionem
1152 2750 1268 2788 victis
1295 2750 1391 2788 satis
1418 2749 1714 2798 expresserunt,-

154 2806 241 2845 ibid.
256 2819 341 2844 xnn
362 2815 430 2855 47,
447 2805 470 2843 8
498 2808 580 2847 eius
607 2807 763 2846 demum
789 2807 964 2846 animum
983 2809 1025 2846 in
1043 2810 1277 2859 perpetuum
1295 2809 1414 2857 vinci,
1434 2809 1496 2846 cui
1522 2807 1713 2846 confessio
1752 2856 1756 2860 .

153 2877 334 2915 expressa
359 2867 423 2916 sit,
449 2879 488 2905 se
513 2879 639 2916 neque
666 2868 750 2904 arte
776 2880 902 2916 neque
927 2879 1020 2906 casu
1045 2868 1112 2906 sed
1139 2868 1294 2907 collatis
1319 2867 1537 2906 comminus
1562 2866 1712 2907 viribus

152 2924 256 2963 iusto
277 2937 322 2964 ac
340 2926 407 2975 pio
427 2938 509 2966 esse
527 2926 631 2965 bello
651 2927 901 2976 superatum
919 2939 965 2965 111
987 2925 1053 2977 28,
1074 2937 1146 2974 1o,·
1164 2940 1206 2967 1v
1227 2936 1288 2975 10,
1306 2936 1328 2973 3
