2020 3334
737 762 1201 816 PRAEFATIO

307 881 350 928 Q.
388 882 508 920 Ennii
550 884 691 932 poetae
734 883 909 922 versibus
953 883 1230 933 superstitibus
1271 884 1444 923 collectis
1483 885 1522 922 et
1559 886 1750 934 quantum

187 942 272 981 fieri
302 943 435 992 potuit
466 942 682 981 emendatis
715 943 754 980 et
780 943 984 992 explicatis
1016 944 1140 982 restat
1165 944 1210 981 ut
1234 943 1425 981 nonnulla
1449 945 1749 994 pertractentur,

187 1002 234 1041 de
266 1001 407 1052 quibus
444 1002 486 1039 in
511 1002 757 1052 singulorum
782 1015 966 1041 versuum
992 1002 1246 1041 adnotatione
1273 1003 1338 1054 agi
1364 1004 1455 1053 apte
1480 1016 1558 1041 non
1582 1005 1748 1053 poterat.

188 1060 315 1107 Quare
339 1061 519 1110 reliquiis
546 1073 615 1099 suo
641 1063 837 1111 apparatu
857 1061 1058 1100 adornatis
1078 1062 1174 1100 duas
1193 1063 1445 1111 praemittere
1466 1062 1749 1112 disputationes

189 1121 395 1170 constitui,
433 1133 601 1170 quarum
639 1121 764 1159 altera
801 1132 1026 1159 HISTORIAM
1063 1121 1183 1159 ENNn
1220 1122 1269 1159 ab
1306 1122 1429 1171 ipsius
1467 1122 1591 1160 initiis
1629 1134 1750 1171 usque

187 1180 238 1219 ad
268 1180 371 1218 hunc
402 1179 547 1218 librum
579 1180 728 1218 editum
759 1181 941 1230 persequi
972 1181 1142 1219 conabor
1173 1193 1217 1219 eo
1243 1182 1493 1230 potissimum
1518 1181 1680 1219 consilio
1706 1182 1752 1218 ut

187 1252 234 1277 ne
281 1239 377 1289 quid
419 1240 736 1278 testimoniorum
774 1239 878 1289 quod
917 1241 1044 1278 exstat
1081 1240 1128 1278 de
1160 1240 1288 1278 Ennio
1327 1240 1584 1288 desideretur,
1627 1241 1751 1278 altera

189 1300 322 1337 autem
365 1312 420 1336 DE
457 1310 590 1336 merus
629 1299 826 1336 ENNIANIS
871 1299 1077 1348 disseram,
1114 1300 1172 1337 ita
1212 1301 1257 1337 ut
1294 1311 1430 1338 eorum
1466 1300 1675 1338 materiam
1713 1301 1752 1337 et

186 1359 511 1408 compositionem
541 1359 591 1397 iis
622 1358 703 1396 fere
728 1359 900 1397 numeris
933 1360 972 1396 et
1002 1358 1221 1398 rationibus
1253 1358 1395 1408 quibus
1421 1359 1516 1397 olim
1542 1359 1750 1408 explanare

189 1418 379 1456 studeam.

707 1500 737 1537 I.
781 1498 1036 1538 HISTORIA
1067 1500 1221 1538 ENNII

305 1583 364 1621 De
396 1582 438 1627 Q.
471 1582 592 1620 Ennii
622 1582 737 1621 rebus
770 1583 1043 1632 disputaturus
1075 1583 1235 1621 initium
1267 1582 1462 1621 scribendi
1493 1582 1595 1621 facio
1627 1582 1676 1620 ab
1701 1583 1750 1621 iis

187 1654 288 1692 quae
318 1654 454 1681 versus
486 1642 633 1680 servati
665 1642 711 1680 de
744 1654 788 1680 eo
821 1642 885 1680 vel
915 1643 1145 1681 testimonia
1176 1642 1316 1692 quibus
1342 1643 1372 1679 ii
1398 1643 1548 1692 accepti
1572 1642 1751 1679 feruntur

186 1703 397 1740 memoriae
429 1701 613 1751 produnt.
676 1701 816 1751 Itaque
848 1702 1009 1751 plenum
1040 1715 1182 1740 nomen
1220 1702 1302 1740 eius
1334 1699 1550 1753 ἀκροστιχίς
1580 1700 1751 1740 habebat

187 1773 288 1810 quae
331 1763 417 1799 erat
456 1762 498 1799 in
539 1761 738 1799 nonnullis
776 1761 887 1798 libris
926 1761 1092 1809 Quintus
1123 1762 1282 1799 Euuius
1319 1762 1409 1809 feeit
1439 1755 1531 1813 (inc.
1565 1755 1673 1812 Lm),
1711 1761 1750 1798 et

186 1820 259 1859 hoc
291 1820 437 1870 duplex
474 1833 616 1858 nomen
654 1820 735 1858 eius
773 1821 890 1858 multi
928 1822 1067 1870 poetae
1106 1822 1145 1858 et
1183 1820 1392 1870 scriptores
1431 1821 1470 1858 et
1501 1820 1750 1870 grammatici

186 1880 412 1930 vulgarunt,
444 1880 561 1918 multi
592 1880 771 1918 Ennium
801 1880 1109 1918 nominitarunt:
1147 1893 1223 1929 quo
1261 1880 1418 1918 nomine
1448 1880 1566 1928 poeta
1596 1880 1678 1928 ipse
1711 1891 1750 1917 se

188 1939 363 1989 appellat
403 1941 475 1977 aut
518 1939 567 1977 ab
612 1939 701 1976 aliis
746 1939 940 1988 appellari
977 1938 1086 1977 iubet
1124 1933 1219 1991 (vid.
1258 1933 1380 1990 infr.),
1408 1935 1571 1976 Ἔννιον
1609 1937 1749 1975 Suidas

187 1993 309 2051 (Scip.
341 1993 374 2051 1)
407 1999 447 2036 et
479 1997 621 2036 Strabo
654 1993 708 2051 (v.
741 1993 867 2050 infr),
909 1998 1093 2047 Quiritum
1123 1998 1279 2037 Persius
1306 1998 1406 2035 dixit
1430 1997 1498 2035 sed
1521 1998 1568 2035 ut
1593 1998 1750 2035 Ennius

188 2070 330 2096 nomen
355 2059 398 2095 in
423 2058 571 2096 vicinia
597 2059 698 2096 esset
718 2052 825 2111 (ann.
852 2070 866 2094 1
886 2058 932 2095 fr.
954 2052 1031 2110 xn)
1052 2069 1116 2096 eor
1133 2058 1236 2096 iubet
1254 2059 1321 2095 hoe
1341 2057 1451 2095 Enni
1462 2059 1668 2104 postquam
1687 2056 1748 2094 de-

186 2118 338 2155 stertuit
368 2128 447 2155 esse
477 2117 707 2155 Maeonides
741 2116 906 2164 Quintus
929 2128 1084 2164 pavone
1116 2128 1160 2155 ex
1189 2117 1436 2165 Pytlzayoreo.
1475 2114 1597 2159 Quem
1630 2115 1748 2163 Quiu-

186 2179 268 2214 tum
295 2179 470 2214 nostrum
498 2177 615 2214 vocat
643 2175 784 2213 Caesar
812 2176 855 2212 in
886 2176 1054 2225 epistola
1085 2176 1136 2213 ad
1161 2175 1399 2213 Frontonem
1426 2169 1544 2227 (scen.
1571 2175 1644 2212 inc.
1671 2168 1748 2226 111),

185 2235 292 2272 haud
328 2234 644 2284 improbabiliter
681 2234 788 2272 docti
823 2234 1000 2273 homines
1039 2233 1081 2279 Q.
1119 2234 1292 2272 Ennium
1330 2246 1411 2273 esse
1447 2234 1677 2282 voluerunt,
1710 2234 1749 2270 et

185 2293 336 2332 Ennius
368 2306 458 2332 cum
490 2293 587 2331 alibi
617 2294 659 2330 in
692 2294 868 2343 epistolis
899 2293 1177 2332 Frontonianis
1208 2295 1295 2332 tum
1331 2294 1373 2331 in
1411 2293 1547 2331 eadem
1581 2292 1749 2342 epistola

184 2352 278 2392 Sota
310 2354 523 2391 Ennianus
550 2348 605 2406 (p.
640 2347 744 2405 217)
777 2354 1027 2391 memoratur.

304 2413 352 2450 In
395 2413 540 2452 saturis
571 2413 730 2462 poetam
773 2424 1070 2462 nonnumquam
1110 2412 1157 2450 de
1201 2424 1241 2450 se
1279 2412 1435 2460 suisque
1473 2410 1589 2449 rebus
1628 2410 1747 2448 verba

186 2471 323 2511 fecisse
366 2486 489 2510 unum
533 2474 637 2510 certe
681 2471 785 2521 quod
829 2472 957 2510 exstat
1000 2472 1221 2521 exemplum
1262 2470 1379 2509 fidem
1422 2471 1534 2518 facit,
1578 2482 1666 2508 cum
1705 2470 1747 2506 in

187 2532 322 2570 satura
349 2526 436 2584 (lib.
462 2544 508 2568 111
532 2532 578 2570 fr.
606 2528 637 2581 1)
673 2544 696 2569 a
727 2532 857 2569 nescio
890 2542 966 2580 quo
999 2542 1039 2569 se
1070 2531 1130 2569 his
1155 2530 1283 2569 verbis
1309 2530 1475 2568 salutari
1500 2528 1613 2566 finxit
1638 2528 1747 2565 Enni

181 2593 297 2638 poeta
326 2591 432 2630 salve
463 2592 530 2639 qui
560 2591 788 2629 mortalibus
815 2590 957 2629 Versus
980 2591 1174 2638 propinas
1204 2591 1401 2637 flammeos
1426 2588 1657 2631 medullitus,
1690 2588 1746 2624 at-

187 2662 262 2698 que
293 2649 362 2687 ubi
393 2650 439 2688 de
472 2663 512 2688 se
543 2650 656 2697 dixit,
687 2651 732 2687 ut
762 2662 850 2687 mea
882 2650 940 2687 est
972 2650 1104 2699 opinio
1136 2649 1232 2687 item
1262 2649 1304 2686 in
1335 2649 1478 2687 saturis
1505 2642 1611 2699 (64),
1635 2658 1745 2683 rium-

187 2719 304 2755 quam
333 2713 469 2757 poetor
505 2711 584 2748 uisi
620 2711 655 2747 si
673 2709 859 2757 podayer,
890 2708 1094 2758 probabile
1126 2709 1185 2746 est
1216 2720 1307 2746 eum
1337 2707 1451 2756 plura
1483 2706 1529 2743 de
1561 2706 1644 2742 vita
1675 2716 1744 2742 sua

188 2780 233 2806 ac
263 2768 437 2807 moribus
469 2769 754 2817 perstrinxisse.
817 2767 954 2817 Neque
986 2769 1045 2806 est
1076 2767 1181 2816 quod
1211 2779 1290 2806 non
1320 2768 1403 2815 ipse
1430 2765 1609 2803 credatur
1634 2775 1743 2800 suam

187 2827 374 2878 imaginis
418 2828 586 2866 formam
624 2828 908 2878 epigrammate
946 2821 997 2879 (1)
1035 2826 1217 2865 laudasse
1255 2825 1360 2874 quod
1396 2823 1618 2861 Ennianum
1662 2833 1742 2859 esse

188 2885 322 2925 Cicero
360 2888 534 2926 testatur
571 2888 729 2935 aspicite
766 2897 786 2924 o
818 2887 916 2924 cives
946 2887 1049 2924 seriis
1081 2885 1192 2923 Enni
1221 2885 1405 2932 imayinis
1437 2883 1623 2929 formam:
1666 2880 1743 2918 Hic

1486 2946 1531 2980 affe

1719 3071 1724 3099 1
