2020 3334
369 191 519 228 XLVIII
923 191 950 225 I.
976 189 1203 226 HISTORIA
1226 189 1365 226 ENNIJ

370 304 488 343 simul
524 302 765 341 narrationis
802 302 962 340 initium
998 301 1159 340 liberius
1189 303 1328 351 paulo,
1358 302 1401 340 id
1432 315 1588 353 quoque
1618 303 1666 342 de
1695 316 1822 352 more,
1852 303 1930 342 for·

369 365 508 401 maret.
534 362 642 400 Haec
667 362 871 399 annalium
891 373 974 399 esse
993 360 1041 398 de
1060 361 1162 399 libro
1181 362 1322 411 primo,
1347 362 1454 411 quod
1471 363 1578 401 ultro
1596 362 1848 414 intelligitur,
1872 364 1933 401 est

371 423 492 460 etiam
521 421 635 459 testis
667 421 737 470 qui
768 420 981 459 confirmet.

487 480 561 518 His
593 479 766 531 adiungo
797 492 898 529 quae
931 478 1065 518 Cicero
1097 479 1155 518 ait
1187 474 1252 532 (de
1283 493 1325 518 re
1356 479 1516 530 publica
1533 493 1548 518 1
1568 482 1637 530 41,
1658 475 1733 535 64)
1758 481 1931 519 Ennium

371 542 462 590 post
490 539 650 577 Romuli
680 550 878 577 excessum
910 539 1105 577 cecinisse.
1136 539 1247 577 Iusto
1277 540 1431 587 quidem
1460 551 1547 588 reye
1576 552 1664 578 cwm
1688 543 1743 579 est
1758 541 1932 588 populus

370 600 546 643 orbatus,
569 601 730 646 pectora
760 599 831 637 diu
860 601 959 637 tenet
987 598 1240 643 desiderium,
1276 600 1377 637 sicut
1406 600 1463 637 ait
1492 599 1651 637 Ennius
1674 602 1767 647 post
1797 601 1932 647 optimi

368 660 470 707 reyis
507 658 671 696 obitum.-
714 655 847 696 ‘simul
881 659 983 696 inter
1017 669 1098 696 sese
1133 650 1205 696 sic¹
1224 655 1452 696 memorant’
1486 670 1554 707 eqs
1586 653 1694 711 (ann.
1719 671 1734 695 1
1758 659 1806 696 fr.
1831 653 1931 711 mu).

368 718 462 756 Non
504 728 587 756 eros
628 728 697 755 uec
738 717 914 755 dominos
957 717 1207 765 appellabant
1248 728 1327 762 eos,
1373 718 1512 765 quibus
1559 719 1658 755 iuste
1698 720 1933 765 paruerunt,

370 778 532 825 denique
567 788 615 815 ue
651 788 756 825 reyes
787 777 952 825 quidem,
988 776 1056 814 sed
1078 777 1237 824 patriae
1271 776 1442 815 custodes
1471 777 1539 815 sed
1561 779 1698 824 patres
1727 776 1796 815 sed
1825 776 1934 815 deos:

369 848 438 874 uec
467 837 551 874 sine
581 847 712 874 causa.
745 836 839 884 quid
870 837 972 874 euim
996 835 1235 883 adiuuyimt:
1266 831 1323 873 ‘tu
1339 836 1565 883 produoeisti
1593 847 1664 874 uos
1687 838 1795 874 intra
1818 836 1934 874 lumi-

368 897 432 933 nis
474 890 580 932 oras'
621 889 757 947 (114).
809 895 939 933 Vitam
979 895 1161 933 honorem
1202 895 1316 933 decus
1364 895 1440 933 sibi
1482 895 1618 933 datum
1661 906 1739 934 esse
1781 896 1933 933 iustitia

370 955 471 1003 reqis
509 954 791 992 existimabant.
852 953 971 991 Patet
1006 954 1067 991 his
1105 953 1293 1002 exemplis
1333 953 1574 1002 Ciceronem,
1613 955 1675 992 uti
1712 954 1809 1003 dixi,
1847 966 1932 992 sen·

370 1013 517 1051 tentias
554 1014 694 1062 poetae
732 1012 891 1061 sectari,
929 1025 1008 1051 non
1044 1012 1165 1051 verba
1197 1014 1236 1051 et
1272 1025 1407 1051 versus
1446 1013 1585 1061 citare,
1629 1025 1763 1051 eorum
1800 1014 1932 1051 autem

372 1085 473 1122 quae
510 1072 624 1110 affert
654 1073 785 1121 ipsum
814 1073 1071 1121 interpretem
1103 1084 1235 1122 agere,
1271 1085 1349 1121 quo
1379 1073 1506 1123 magis
1538 1084 1639 1121 quae
1670 1074 1810 1122 poetae
1841 1074 1934 1110 sunt

370 1133 451 1170 suis
477 1132 650 1169 consiliis
677 1131 1036 1180 accommodentur3
1060 1133 1103 1169 in
1123 1143 1202 1180 qua
1228 1144 1270 1169 re
1296 1132 1587 1169 animadvertas
1613 1144 1702 1169 eum
1726 1131 1787 1169 his
1806 1131 1933 1169 tribus

371 1191 569 1240 exemplis,
600 1190 641 1228 id
673 1190 779 1240 quod
809 1191 946 1228 multis
976 1191 1165 1238 instituit,
1197 1203 1298 1239 quae
1328 1192 1489 1240 poetam
1512 1190 1668 1230 finxisse
1693 1203 1772 1228 non
1797 1189 1934 1239 nescit,

371 1250 422 1288 ad
452 1250 510 1287 rei
541 1250 752 1287 veritatem
783 1249 1091 1288 confirmandam
1121 1252 1358 1288 convertere.
1397 1249 1474 1288 Sed
1505 1252 1608 1288 certe
1640 1252 1833 1299 quantum
1863 1250 1934 1287 tri-

370 1309 502 1346 buerit
537 1309 628 1347 huic
665 1310 805 1358 poetae
842 1309 1096 1347 manifestum
1131 1310 1200 1347 est.
1238 1308 1286 1346 Id
1316 1309 1422 1359 quod
1453 1309 1703 1360 cognoscitur
1733 1309 1854 1347 etiam
1883 1309 1933 1346 iis

371 1381 472 1417 quae
502 1368 545 1405 in
577 1368 713 1406 eodem
743 1369 871 1417 primo
903 1368 950 1406 de
980 1381 1022 1406 re
1053 1381 1091 1417 p.
1120 1368 1187 1416 16,
1209 1368 1261 1406 25
1294 1368 1481 1418 leguntur
1511 1368 1559 1406 de
1590 1369 1684 1407 solis
1716 1368 1933 1406 defectione

372 1427 420 1465 ab
452 1427 581 1465 Ennio
618 1429 837 1465 memorata
874 1429 914 1466 et
950 1427 1066 1465 certis
1104 1439 1206 1465 anno
1245 1429 1285 1465 et
1321 1427 1383 1465 die
1417 1429 1557 1465 notata
1587 1422 1695 1480 (ann.
1722 1440 1764 1466 rv
1787 1427 1834 1465 fr.
1860 1421 1933 1479 lv).

369 1486 499 1524 Multa
534 1488 756 1536 praetereo,
793 1486 937 1536 Pyrrhi
968 1487 1015 1524 de
1045 1486 1253 1524 reddendis
1285 1486 1452 1536 capffivis
1484 1487 1720 1525 sententiam
1758 1481 1866 1539 (ann.
1892 1499 1935 1525 VI

370 1546 418 1583 fr.
438 1540 515 1598 ΧΠ)
552 1546 600 1583 de
637 1545 699 1584 off.
725 1558 740 1582 1
768 1547 840 1594 12,
861 1546 934 1594 38,
966 1545 1082 1583 Fabii
1111 1545 1276 1583 Maximi
1310 1546 1564 1595 praeconium
1600 1540 1676 1598 (xn
1700 1546 1747 1583 fr.
1772 1540 1822 1598 11)
1859 1545 1934 1583 ibi-

370 1605 459 1642 dem
484 1617 499 1642 1
526 1606 592 1653 24,
614 1605 669 1642 84
695 1606 735 1642 et
759 1606 801 1641 in
829 1604 976 1642 Catone
1000 1618 1051 1641 m.
1078 1606 1117 1652 4,
1139 1606 1206 1654 10,
1230 1606 1272 1642 in
1296 1605 1371 1642 hoc
1395 1606 1517 1643 etiam
1543 1606 1581 1653 6,
1603 1606 1655 1642 16
1675 1605 1800 1654 Appii
1820 1603 1933 1642 Glau-

372 1664 429 1701 dii
460 1665 679 1702 oraffionem
709 1664 757 1701 de
788 1663 932 1713 Pyrrhi
962 1676 1058 1713 pace
1091 1658 1151 1716 (vi
1176 1663 1222 1701 fr.
1248 1658 1341 1717 xm)
1373 1664 1588 1712 laudatam,
1620 1664 1787 1713 denique
1818 1665 1935 1701 initio

374 1722 535 1761 Catonis
563 1736 614 1760 m.
640 1723 842 1761 Ennianos
873 1735 1008 1761 versus
1040 1717 1086 1775 (x
1110 1722 1157 1760 fr.
1183 1717 1259 1775 vn)
1291 1723 1339 1760 de
1365 1722 1457 1760 Tito
1483 1723 1707 1761 Flaminino
1732 1724 1774 1760 in
1800 1723 1935 1760 Titum

371 1782 634 1832 Pomponium
663 1782 843 1820 Atticum
873 1782 1087 1820 translatos
1118 1783 1410 1820 venustissime:
1449 1782 1591 1831 quibus
1623 1782 1803 1820 omnibus
1834 1782 1935 1819 mul-

372 1843 503 1891 tisque
535 1842 626 1880 aliis
656 1841 731 1880 hoc
761 1841 970 1891 probatur,
1002 1843 1153 1890 quanta
1183 1853 1274 1890 pars
1306 1841 1690 1891 elegantissimarum
1721 1842 1935 1879 sententia-

370 1914 459 1938 rum
495 1913 705 1950 rerumque
742 1901 1066 1951 gravissimarum
1104 1913 1151 1938 ex
1180 1900 1301 1938 Ennii
1339 1901 1547 1938 annalibus
1584 1902 1701 1938 unius
1736 1899 1934 1939 Ciceronis

371 1959 558 1998 beneficio
590 1960 641 1998 ad
670 1972 741 1998 nos
772 1961 995 2010 propagata
1026 1961 1088 1998 sit.

490 2019 550 2057 De
581 2019 798 2070 tragoediis
823 2019 956 2068 Ennii,
988 2031 1085 2068 quas
1119 2017 1253 2057 Cicero
1284 2019 1326 2056 in
1356 2018 1469 2057 libris
1499 2018 1745 2068 philosophis
1770 2031 1935 2068 usurpa-

372 2080 486 2126 verit,
517 2091 634 2129 agam
658 2080 717 2116 ita
747 2080 793 2116 ut
817 2078 997 2129 egrediar
1021 2091 1067 2116 ex
1091 2079 1274 2116 universo
1300 2077 1471 2127 quodam
1495 2078 1643 2116 iudicio
1669 2078 1774 2127 quod
1800 2077 1934 2116 Cicero

372 2138 420 2175 de
456 2139 584 2187 poetis
620 2138 887 2176 Romanorum
924 2138 1105 2188 tragicis,
1141 2138 1184 2174 iu
1221 2137 1363 2186 quibus
1400 2137 1547 2185 Ennio,
1591 2137 1638 2174 de
1676 2139 1831 2175 oratore
1870 2132 1935 2189 (m

376 2198 413 2245 7,
437 2192 510 2250 27)
543 2198 657 2246 facit,
690 2210 779 2235 cum
811 2197 858 2234 de
890 2196 1213 2235 dissimilitudine
1244 2209 1345 2245 quae
1377 2198 1478 2234 esset
1507 2198 1549 2234 in
1581 2197 1758 2234 oratione
1790 2198 1831 2234 et
1859 2196 1934 2233 lin-

373 2268 452 2307 gua
482 2256 688 2305 disputans
720 2257 779 2294 ita
810 2256 908 2294 dicit
938 2256 981 2294 id
1003 2257 1182 2303 primum
1211 2256 1255 2293 in
1277 2257 1404 2303 poetis
1435 2257 1540 2294 cerni
1571 2256 1675 2294 licet:
1704 2267 1822 2304 quam
1845 2257 1938 2293 simt

373 2317 473 2353 inter
496 2327 576 2354 sese
601 2316 760 2354 Ennius
784 2316 981 2354 Pacuvius
1005 2314 1223 2363 Acciusque
1247 2314 1465 2359 dissimiles,
1491 2327 1609 2362 quam
1633 2315 1741 2362 apud
1767 2314 1936 2353 Graecos

374 2374 587 2423 Aeschylus
617 2374 818 2422 Sophocles
850 2375 1085 2422 Etr-elpides:
1114 2385 1351 2422 quamquam
1381 2374 1559 2411 omnibus
1581 2385 1664 2421 par
1686 2385 1814 2421 paene
1847 2374 1935 2411 laus

373 2435 415 2472 in
447 2434 630 2472 dissimili
652 2434 846 2472 scribendi
872 2445 1010 2482 yeuere
1039 2433 1246 2472 tribuatur.
1293 2431 1426 2481 Atque
1456 2434 1503 2470 ut
1531 2432 1605 2470 hoc
1628 2433 1714 2470 loco
1738 2432 1935 2470 Romanos

374 2495 511 2542 poetas
549 2505 636 2531 cum
669 2491 828 2531 Graecis
867 2493 1104 2542 composuit,
1142 2493 1201 2530 ita
1235 2492 1389 2541 saepius
1420 2491 1540 2529 verba
1571 2491 1669 2529 facit
1700 2491 1746 2529 de
1777 2492 1827 2529 iis
1858 2490 1934 2528 Ro-

374 2564 581 2590 manorum
611 2553 738 2601 poetis
771 2553 840 2601 qui
871 2564 962 2590 suas
992 2552 1148 2590 fabulas
1180 2564 1200 2588 e
1226 2549 1385 2589 Graecis
1412 2551 1702 2599 expresserunt:
1733 2551 1868 2599 itaque
1892 2551 1935 2587 in

374 2612 503 2660 primo
541 2611 589 2649 de
625 2610 768 2649 finibus
801 2605 859 2663 (2,
879 2605 926 2664 4)
964 2611 1118 2649 scribit:
1154 2612 1199 2649 in
1234 2610 1373 2658 quibus
1406 2610 1474 2647 hoc
1496 2611 1675 2657 primum
1706 2611 1760 2647 est
1788 2611 1832 2647 in
1862 2620 1935 2657 quo

376 2671 564 2715 admirer,
602 2682 671 2708 cur
706 2672 749 2708 in
783 2671 1029 2719 qravissimis
1066 2671 1179 2708 rebus
1214 2680 1294 2707 nou
1329 2669 1481 2707 delectet
1517 2679 1577 2706 eos
1613 2679 1737 2707 sermo
1764 2670 1936 2716 patrius,

375 2741 462 2767 cum
501 2729 618 2767 iidem
660 2730 825 2777 fabellas
862 2729 1032 2768 Latinas
1076 2729 1129 2767 ad
1163 2729 1322 2767 verbwm
1364 2739 1383 2766 e
1421 2726 1582 2766 Graecis
1623 2738 1822 2775 empressas
1856 2738 1936 2766 oum

375 2789 489 2826 iuviti
525 2789 662 2836 leyaut.
725 2788 820 2836 Quis
856 2789 958 2826 enim
994 2791 1075 2826 tam
1109 2789 1292 2826 inimicus
1321 2798 1449 2835 paene
1483 2787 1633 2824 nomini
1662 2786 1840 2824 Romano
1872 2788 1936 2829 est,

377 2849 443 2894 qui
474 2847 600 2885 Ennii
624 2847 807 2885 Medeam
838 2850 908 2886 aut
935 2846 1149 2895 Antiopam
1172 2847 1338 2885 Pacuvii
1366 2848 1526 2894 spernat
1549 2848 1618 2884 aut
1642 2846 1804 2890 reiiciat,
1835 2844 1936 2892 quod

376 2917 416 2944 se
447 2906 586 2944 eisdem
613 2906 824 2954 Euripidis
854 2907 1002 2954 fabulis
1026 2907 1207 2945 delectari
1231 2906 1346 2950 dicat,
1377 2905 1547 2943 Latinas
1572 2905 1719 2943 litteras
1743 2904 1887 2942 oderit.
1903 2933 1911 2942 .
1927 2933 1935 2942 .
