<?xml version="1.0" encoding="UTF-8"?>
<!DOCTYPE html PUBLIC "-//W3C//DTD XHTML 1.0 Transitional//EN"
    "http://www.w3.org/TR/xhtml1/DTD/xhtml1-transitional.dtd">
<html xmlns="http://www.w3.org/1999/xhtml" xml:lang="en" lang="en">
 <head>
  <title>
</title>
<meta http-equiv="Content-Type" content="text/html;charset=utf-8" />
  <meta name='ocr-system' content='tesseract 3.04.00' />
  <meta name='ocr-capabilities' content='ocr_page ocr_carea ocr_par ocr_line ocrx_word'/>
</head>
<body>
  <div class='ocr_page' id='page_1' title='image "./ennianaepoesisre00enniuoft/ennianaepoesisre00enniuoft_0020.png"; bbox 0 0 2020 3334; ppageno 0'>
   <div class='ocr_carea' id='block_1_1' title="bbox 325 263 1331 299">
    <p class='ocr_par' dir='ltr' id='par_1_1' title="bbox 325 263 1331 299">
     <span class='ocr_line' id='line_1_1' title="bbox 325 263 1331 299; baseline 0 -1"><span class='ocrx_word' id='word_1_1' title='bbox 325 263 410 299; x_wconf 89' lang='lat' dir='ltr'>XVI</span> <span class='ocrx_word' id='word_1_2' title='bbox 888 263 915 298; x_wconf 90' lang='grc' dir='ltr'>Ι.</span> <span class='ocrx_word' id='word_1_3' title='bbox 941 263 1168 298; x_wconf 86' lang='lat' dir='ltr'><strong>HISTORIA</strong></span> <span class='ocrx_word' id='word_1_4' title='bbox 1191 263 1331 298; x_wconf 82' lang='lat' dir='ltr'>ENNII</span> 
     </span>
    </p>
   </div>
   <div class='ocr_carea' id='block_1_2' title="bbox 319 369 1890 3014">
    <p class='ocr_par' dir='ltr' id='par_1_2' title="bbox 320 369 1888 837">
     <span class='ocr_line' id='line_1_2' title="bbox 323 369 1886 428; baseline 0.001 -16"><span class='ocrx_word' id='word_1_5' title='bbox 323 370 440 428; x_wconf 88' lang='lat' dir='ltr'>(mus.</span> <span class='ocrx_word' id='word_1_6' title='bbox 466 375 588 414; x_wconf 89' lang='lat' dir='ltr'>Rhen.</span> <span class='ocrx_word' id='word_1_7' title='bbox 622 386 746 412; x_wconf 72' lang='lat' dir='ltr'>xxmx</span> <span class='ocrx_word' id='word_1_8' title='bbox 770 388 808 423; x_wconf 89' lang='lat' dir='ltr'>p.</span> <span class='ocrx_word' id='word_1_9' title='bbox 837 369 941 426; x_wconf 82' lang='lat'>623)</span> <span class='ocrx_word' id='word_1_10' title='bbox 971 374 1178 424; x_wconf 87' lang='lat' dir='ltr'>publicata</span> <span class='ocrx_word' id='word_1_11' title='bbox 1208 376 1249 412; x_wconf 91' lang='lat' dir='ltr'>et</span> <span class='ocrx_word' id='word_1_12' title='bbox 1278 377 1543 414; x_wconf 84' lang='lat' dir='ltr'>commentata</span> <span class='ocrx_word' id='word_1_13' title='bbox 1573 389 1662 415; x_wconf 91' lang='lat' dir='ltr'>cum</span> <span class='ocrx_word' id='word_1_14' title='bbox 1694 376 1774 414; x_wconf 86' lang='lat' dir='ltr'>alia</span> <span class='ocrx_word' id='word_1_15' title='bbox 1798 378 1886 414; x_wconf 92' lang='lat' dir='ltr'>tum</span> 
     </span>
     <span class='ocr_line' id='line_1_3' title="bbox 322 433 1885 482; baseline 0.001 -11"><span class='ocrx_word' id='word_1_16' title='bbox 322 435 418 472; x_wconf 89' lang='lat' dir='ltr'>haec</span> <span class='ocrx_word' id='word_1_17' title='bbox 447 434 560 472; x_wconf 91' lang='lat' dir='ltr'>nobis</span> <span class='ocrx_word' id='word_1_18' title='bbox 592 435 710 471; x_wconf 89' lang='lat' dir='ltr'>antea</span> <span class='ocrx_word' id='word_1_19' title='bbox 741 434 987 482; x_wconf 86' lang='lat' dir='ltr'>incomperta</span> <span class='ocrx_word' id='word_1_20' title='bbox 1017 433 1156 471; x_wconf 87' lang='lat' dir='ltr'>refert:</span> <span class='ocrx_word' id='word_1_21' title='bbox 1190 433 1337 472; x_wconf 79' lang='lat' dir='ltr'><strong><em>Graece</em></strong></span> <span class='ocrx_word' id='word_1_22' title='bbox 1367 437 1495 472; x_wconf 88' lang='lat' dir='ltr'>autem</span> <span class='ocrx_word' id='word_1_23' title='bbox 1524 438 1567 473; x_wconf 86' lang='lat' dir='ltr'>ut</span> <span class='ocrx_word' id='word_1_24' title='bbox 1597 437 1740 474; x_wconf 86' lang='lat' dir='ltr'>scimus</span> <span class='ocrx_word' id='word_1_25' title='bbox 1771 436 1885 473; x_wconf 80' lang='lat' dir='ltr'>histo-</span> 
     </span>
     <span class='ocr_line' id='line_1_4' title="bbox 321 491 1886 543; baseline 0.001 -13"><span class='ocrx_word' id='word_1_26' title='bbox 321 495 425 531; x_wconf 84' lang='lat' dir='ltr'>riam</span> <span class='ocrx_word' id='word_1_27' title='bbox 452 493 517 530; x_wconf 80' lang='lat' dir='ltr'>ille</span> <span class='ocrx_word' id='word_1_28' title='bbox 547 493 761 540; x_wconf 76' lang='lat' dir='ltr'><em>confecerat</em></span> <span class='ocrx_word' id='word_1_29' title='bbox 786 491 828 540; x_wconf 75' lang='lat' dir='ltr'>Q.</span> <span class='ocrx_word' id='word_1_30' title='bbox 854 492 987 530; x_wconf 80' lang='lat' dir='ltr'>Ennio</span> <span class='ocrx_word' id='word_1_31' title='bbox 1010 494 1148 539; x_wconf 74' lang='lat' dir='ltr'>poetae</span> <span class='ocrx_word' id='word_1_32' title='bbox 1175 493 1415 540; x_wconf 74' lang='lat' dir='ltr'><strong><em>inscriptam.</em></strong></span> <span class='ocrx_word' id='word_1_33' title='bbox 1446 493 1572 543; x_wconf 89' lang='lat' dir='ltr'>Atqui</span> <span class='ocrx_word' id='word_1_34' title='bbox 1603 496 1791 543; x_wconf 90' lang='lat' dir='ltr'>quoniam</span> <span class='ocrx_word' id='word_1_35' title='bbox 1816 494 1886 532; x_wconf 91' lang='lat' dir='ltr'>Al-</span> 
     </span>
     <span class='ocr_line' id='line_1_5' title="bbox 321 545 1886 605; baseline 0.002 -16"><span class='ocrx_word' id='word_1_36' title='bbox 321 551 458 589; x_wconf 88' lang='lat' dir='ltr'>binum</span> <span class='ocrx_word' id='word_1_37' title='bbox 485 563 518 589; x_wconf 88' lang='lat' dir='ltr'>a.</span> <span class='ocrx_word' id='word_1_38' title='bbox 539 564 575 587; x_wconf 91' lang='lat' dir='ltr'>u.</span> <span class='ocrx_word' id='word_1_39' title='bbox 599 552 681 589; x_wconf 88' lang='grc'>599</span> <span class='ocrx_word' id='word_1_40' title='bbox 708 552 931 600; x_wconf 74' lang='lat' dir='ltr'>praetorem</span> <span class='ocrx_word' id='word_1_41' title='bbox 957 551 1078 589; x_wconf 77' lang='lat' dir='ltr'>fuisse</span> <span class='ocrx_word' id='word_1_42' title='bbox 1104 545 1203 603; x_wconf 85' lang='lat' dir='ltr'>(Cic.</span> <span class='ocrx_word' id='word_1_43' title='bbox 1223 550 1375 589; x_wconf 90' lang='lat' dir='ltr'>Lucull.</span> <span class='ocrx_word' id='word_1_44' title='bbox 1403 552 1472 599; x_wconf 83' lang='lat'>45,</span> <span class='ocrx_word' id='word_1_45' title='bbox 1494 547 1609 605; x_wconf 87' lang='lat'>137),</span> <span class='ocrx_word' id='word_1_46' title='bbox 1636 566 1669 591; x_wconf 89' lang='lat' dir='ltr'>a.</span> <span class='ocrx_word' id='word_1_47' title='bbox 1692 554 1775 592; x_wconf 87' lang='grc'>603</span> <span class='ocrx_word' id='word_1_48' title='bbox 1797 566 1886 592; x_wconf 90' lang='grc'><strong>0011-</strong></span> 
     </span>
     <span class='ocr_line' id='line_1_6' title="bbox 321 604 1888 664; baseline 0.002 -17"><span class='ocrx_word' id='word_1_49' title='bbox 321 610 446 648; x_wconf 87' lang='lat' dir='ltr'>sulem</span> <span class='ocrx_word' id='word_1_50' title='bbox 478 604 577 662; x_wconf 87' lang='lat' dir='ltr'>(Cic.</span> <span class='ocrx_word' id='word_1_51' title='bbox 603 610 716 648; x_wconf 88' lang='lat' dir='ltr'>Brut.</span> <span class='ocrx_word' id='word_1_52' title='bbox 745 611 818 658; x_wconf 86' lang='lat'>21,</span> <span class='ocrx_word' id='word_1_53' title='bbox 845 611 912 647; x_wconf 93' lang='lat'>81.</span> <span class='ocrx_word' id='word_1_54' title='bbox 944 609 1030 649; x_wconf 85' lang='lat' dir='ltr'>Liv.</span> <span class='ocrx_word' id='word_1_55' title='bbox 1057 611 1150 659; x_wconf 87' lang='lat' dir='ltr'>epit.</span> <span class='ocrx_word' id='word_1_56' title='bbox 1178 611 1245 648; x_wconf 88' lang='lat'>48.</span> <span class='ocrx_word' id='word_1_57' title='bbox 1277 610 1414 659; x_wconf 85' lang='lat' dir='ltr'>Polyb.</span> <span class='ocrx_word' id='word_1_58' title='bbox 1442 623 1551 649; x_wconf 85' lang='lat' dir='ltr'><strong>xxxv</strong></span> <span class='ocrx_word' id='word_1_59' title='bbox 1577 612 1622 659; x_wconf 87' lang='lat'>3,</span> <span class='ocrx_word' id='word_1_60' title='bbox 1651 606 1694 664; x_wconf 86' lang='lat'>7)</span> <span class='ocrx_word' id='word_1_61' title='bbox 1720 614 1888 660; x_wconf 88' lang='lat' dir='ltr'>constat,</span> 
     </span>
     <span class='ocr_line' id='line_1_7' title="bbox 321 668 1887 720; baseline 0.001 -13"><span class='ocrx_word' id='word_1_62' title='bbox 321 681 560 718; x_wconf 88' lang='lat' dir='ltr'>consequens</span> <span class='ocrx_word' id='word_1_63' title='bbox 587 671 646 707; x_wconf 89' lang='lat' dir='ltr'>est</span> <span class='ocrx_word' id='word_1_64' title='bbox 670 671 716 707; x_wconf 90' lang='lat' dir='ltr'>ut</span> <span class='ocrx_word' id='word_1_65' title='bbox 741 682 860 719; x_wconf 88' lang='lat' dir='ltr'>quam</span> <span class='ocrx_word' id='word_1_66' title='bbox 884 669 1094 707; x_wconf 71' lang='lat' dir='ltr'>historiam</span> <span class='ocrx_word' id='word_1_67' title='bbox 1120 668 1266 708; x_wconf 85' lang='lat' dir='ltr'>Graece</span> <span class='ocrx_word' id='word_1_68' title='bbox 1292 669 1481 719; x_wconf 74' lang='lat' dir='ltr'>scriptam</span> <span class='ocrx_word' id='word_1_69' title='bbox 1505 669 1635 708; x_wconf 84' lang='lat' dir='ltr'>Ennio</span> <span class='ocrx_word' id='word_1_70' title='bbox 1659 672 1800 720; x_wconf 86' lang='lat' dir='ltr'>poetae</span> <span class='ocrx_word' id='word_1_71' title='bbox 1828 672 1887 708; x_wconf 89' lang='lat' dir='ltr'>in-</span> 
     </span>
     <span class='ocr_line' id='line_1_8' title="bbox 321 728 1887 778; baseline -0.001 -11"><span class='ocrx_word' id='word_1_72' title='bbox 321 729 522 778; x_wconf 88' lang='lat' dir='ltr'>scripsisse</span> <span class='ocrx_word' id='word_1_73' title='bbox 546 728 731 777; x_wconf 74' lang='lat' dir='ltr'>traditur,</span> <span class='ocrx_word' id='word_1_74' title='bbox 762 741 841 767; x_wconf 90' lang='lat' dir='ltr'>non</span> <span class='ocrx_word' id='word_1_75' title='bbox 866 729 1043 778; x_wconf 88' lang='lat' dir='ltr'>potuerit</span> <span class='ocrx_word' id='word_1_76' title='bbox 1067 729 1145 766; x_wconf 91' lang='lat' dir='ltr'>nisi</span> <span class='ocrx_word' id='word_1_77' title='bbox 1171 728 1395 768; x_wconf 85' lang='lat' dir='ltr'>adolescens</span> <span class='ocrx_word' id='word_1_78' title='bbox 1421 729 1633 778; x_wconf 85' lang='lat' dir='ltr'>scripsisse,</span> <span class='ocrx_word' id='word_1_79' title='bbox 1664 729 1794 768; x_wconf 86' lang='lat' dir='ltr'>Ennio</span> <span class='ocrx_word' id='word_1_80' title='bbox 1820 742 1887 767; x_wconf 89' lang='lat' dir='ltr'>au-</span> 
     </span>
     <span class='ocr_line' id='line_1_9' title="bbox 320 787 807 837; baseline -0.002 -12"><span class='ocrx_word' id='word_1_81' title='bbox 320 789 401 825; x_wconf 91' lang='lat' dir='ltr'>tem</span> <span class='ocrx_word' id='word_1_82' title='bbox 425 788 581 837; x_wconf 87' lang='lat' dir='ltr'>perseni</span> <span class='ocrx_word' id='word_1_83' title='bbox 606 787 807 827; x_wconf 88' lang='lat' dir='ltr'>obtulisse.</span> 
     </span>
    </p>

    <p class='ocr_par' dir='ltr' id='par_1_3' title="bbox 319 841 1889 2483">
     <span class='ocr_line' id='line_1_10' title="bbox 440 841 1887 899; baseline 0 -15"><span class='ocrx_word' id='word_1_84' title='bbox 440 847 615 884; x_wconf 86' lang='lat' dir='ltr'>Ennium</span> <span class='ocrx_word' id='word_1_85' title='bbox 647 848 716 896; x_wconf 92' lang='lat' dir='ltr'>qui</span> <span class='ocrx_word' id='word_1_86' title='bbox 743 859 784 885; x_wconf 90' lang='lat' dir='ltr'>se</span> <span class='ocrx_word' id='word_1_87' title='bbox 810 847 912 885; x_wconf 83' lang='lat' dir='ltr'>dixit</span> <span class='ocrx_word' id='word_1_88' title='bbox 935 859 1149 895; x_wconf 76' lang='lat' dir='ltr'>numquam</span> <span class='ocrx_word' id='word_1_89' title='bbox 1167 849 1322 895; x_wconf 76' lang='lat' dir='ltr'>poetari</span> <span class='ocrx_word' id='word_1_90' title='bbox 1345 848 1426 885; x_wconf 86' lang='lat' dir='ltr'>nisi</span> <span class='ocrx_word' id='word_1_91' title='bbox 1442 847 1666 896; x_wconf 72' lang='lat' dir='ltr'>podaqrum</span> <span class='ocrx_word' id='word_1_92' title='bbox 1698 841 1790 899; x_wconf 88' lang='lat' dir='ltr'>(sat.</span> <span class='ocrx_word' id='word_1_93' title='bbox 1813 841 1887 899; x_wconf 83' lang='lat'>64)</span> 
     </span>
     <span class='ocr_line' id='line_1_11' title="bbox 321 905 1888 955; baseline 0 -12"><span class='ocrx_word' id='word_1_94' title='bbox 321 918 515 955; x_wconf 89' lang='lat' dir='ltr'>quemque</span> <span class='ocrx_word' id='word_1_95' title='bbox 554 906 762 954; x_wconf 75' lang='lat' dir='ltr'>Horatius,</span> <span class='ocrx_word' id='word_1_96' title='bbox 801 906 906 955; x_wconf 91' lang='lat' dir='ltr'>quod</span> <span class='ocrx_word' id='word_1_97' title='bbox 943 905 991 944; x_wconf 88' lang='lat' dir='ltr'>ab</span> <span class='ocrx_word' id='word_1_98' title='bbox 1028 906 1100 944; x_wconf 88' lang='lat' dir='ltr'>illa</span> <span class='ocrx_word' id='word_1_99' title='bbox 1136 919 1178 944; x_wconf 90' lang='lat' dir='ltr'>re</span> <span class='ocrx_word' id='word_1_100' title='bbox 1214 906 1382 945; x_wconf 87' lang='lat' dir='ltr'>fortasse</span> <span class='ocrx_word' id='word_1_101' title='bbox 1418 919 1496 945; x_wconf 90' lang='lat' dir='ltr'>non</span> <span class='ocrx_word' id='word_1_102' title='bbox 1534 908 1620 944; x_wconf 91' lang='lat' dir='ltr'>erat</span> <span class='ocrx_word' id='word_1_103' title='bbox 1656 907 1888 954; x_wconf 84' lang='lat' dir='ltr'>seiunctum,</span> 
     </span>
     <span class='ocr_line' id='line_1_12' title="bbox 319 960 1887 1018; baseline 0.001 -16"><span class='ocrx_word' id='word_1_104' title='bbox 319 977 534 1013; x_wconf 76' lang='lat' dir='ltr'>numquam</span> <span class='ocrx_word' id='word_1_105' title='bbox 563 967 643 1004; x_wconf 84' lang='lat' dir='ltr'>nisi</span> <span class='ocrx_word' id='word_1_106' title='bbox 666 968 804 1013; x_wconf 80' lang='lat' dir='ltr'>potum</span> <span class='ocrx_word' id='word_1_107' title='bbox 835 965 934 1003; x_wconf 84' lang='lat' dir='ltr'>dicit</span> <span class='ocrx_word' id='word_1_108' title='bbox 972 966 1025 1004; x_wconf 92' lang='lat' dir='ltr'>ad</span> <span class='ocrx_word' id='word_1_109' title='bbox 1061 978 1175 1004; x_wconf 93' lang='lat' dir='ltr'>arma</span> <span class='ocrx_word' id='word_1_110' title='bbox 1205 966 1437 1013; x_wconf 75' lang='lat' dir='ltr'>prosiluisse</span> <span class='ocrx_word' id='word_1_111' title='bbox 1473 966 1637 1004; x_wconf 81' lang='lat' dir='ltr'>dicenda</span> <span class='ocrx_word' id='word_1_112' title='bbox 1675 960 1753 1018; x_wconf 91' lang='lat' dir='ltr'>(ep.</span> <span class='ocrx_word' id='word_1_113' title='bbox 1780 977 1794 1001; x_wconf 96' lang='lat'>1</span> <span class='ocrx_word' id='word_1_114' title='bbox 1822 966 1887 1013; x_wconf 68' lang='lat'>19,</span> 
     </span>
     <span class='ocr_line' id='line_1_13' title="bbox 323 1019 1886 1075; baseline 0 -14"><span class='ocrx_word' id='word_1_115' title='bbox 323 1019 381 1072; x_wconf 85' lang='lat'>7),</span> <span class='ocrx_word' id='word_1_116' title='bbox 418 1026 547 1062; x_wconf 90' lang='lat' dir='ltr'>totam</span> <span class='ocrx_word' id='word_1_117' title='bbox 585 1025 711 1062; x_wconf 84' lang='lat' dir='ltr'>vitam</span> <span class='ocrx_word' id='word_1_118' title='bbox 743 1037 863 1073; x_wconf 91' lang='lat' dir='ltr'>quam</span> <span class='ocrx_word' id='word_1_119' title='bbox 894 1024 1042 1063; x_wconf 87' lang='lat' dir='ltr'>Romae</span> <span class='ocrx_word' id='word_1_120' title='bbox 1074 1025 1184 1075; x_wconf 86' lang='lat' dir='ltr'>degit</span> <span class='ocrx_word' id='word_1_121' title='bbox 1213 1025 1250 1062; x_wconf 92' lang='lat' dir='ltr'>h.</span> <span class='ocrx_word' id='word_1_122' title='bbox 1284 1038 1314 1062; x_wconf 91' lang='lat' dir='ltr'>e.</span> <span class='ocrx_word' id='word_1_123' title='bbox 1348 1024 1396 1063; x_wconf 90' lang='lat' dir='ltr'>ab</span> <span class='ocrx_word' id='word_1_124' title='bbox 1429 1037 1532 1063; x_wconf 90' lang='lat' dir='ltr'>anno</span> <span class='ocrx_word' id='word_1_125' title='bbox 1565 1025 1650 1062; x_wconf 89' lang='lat'>550</span> <span class='ocrx_word' id='word_1_126' title='bbox 1681 1037 1804 1073; x_wconf 89' lang='lat' dir='ltr'>usque</span> <span class='ocrx_word' id='word_1_127' title='bbox 1837 1024 1886 1061; x_wconf 90' lang='lat' dir='ltr'>ad</span> 
     </span>
     <span class='ocr_line' id='line_1_14' title="bbox 321 1083 1888 1133; baseline -0.001 -12"><span class='ocrx_word' id='word_1_128' title='bbox 321 1085 472 1121; x_wconf 84' lang='lat' dir='ltr'>exitum</span> <span class='ocrx_word' id='word_1_129' title='bbox 509 1085 551 1121; x_wconf 88' lang='lat' dir='ltr'>in</span> <span class='ocrx_word' id='word_1_130' title='bbox 588 1083 828 1133; x_wconf 91' lang='lat' dir='ltr'>poetandum</span> <span class='ocrx_word' id='word_1_131' title='bbox 865 1083 902 1121; x_wconf 89' lang='lat' dir='ltr'>h.</span> <span class='ocrx_word' id='word_1_132' title='bbox 930 1097 961 1121; x_wconf 91' lang='lat' dir='ltr'>e.</span> <span class='ocrx_word' id='word_1_133' title='bbox 998 1085 1041 1121; x_wconf 86' lang='lat' dir='ltr'>in</span> <span class='ocrx_word' id='word_1_134' title='bbox 1079 1084 1255 1122; x_wconf 86' lang='lat' dir='ltr'>carmina</span> <span class='ocrx_word' id='word_1_135' title='bbox 1292 1085 1421 1122; x_wconf 91' lang='lat' dir='ltr'>multa</span> <span class='ocrx_word' id='word_1_136' title='bbox 1458 1085 1498 1121; x_wconf 91' lang='lat' dir='ltr'>et</span> <span class='ocrx_word' id='word_1_137' title='bbox 1534 1084 1646 1122; x_wconf 87' lang='lat' dir='ltr'>varia</span> <span class='ocrx_word' id='word_1_138' title='bbox 1686 1083 1888 1121; x_wconf 88' lang='lat' dir='ltr'>condenda</span> 
     </span>
     <span class='ocr_line' id='line_1_15' title="bbox 320 1142 1886 1193; baseline 0 -13"><span class='ocrx_word' id='word_1_139' title='bbox 320 1143 578 1192; x_wconf 84' lang='lat' dir='ltr'>insumpsisse</span> <span class='ocrx_word' id='word_1_140' title='bbox 608 1143 737 1181; x_wconf 88' lang='lat' dir='ltr'>multa</span> <span class='ocrx_word' id='word_1_141' title='bbox 768 1145 861 1181; x_wconf 87' lang='lat' dir='ltr'>sunt</span> <span class='ocrx_word' id='word_1_142' title='bbox 892 1156 992 1192; x_wconf 89' lang='lat' dir='ltr'>quae</span> <span class='ocrx_word' id='word_1_143' title='bbox 1022 1143 1278 1193; x_wconf 84' lang='lat' dir='ltr'>patefaciant.</span> <span class='ocrx_word' id='word_1_144' title='bbox 1323 1142 1399 1187; x_wconf 85' lang='lat' dir='ltr'>Qui</span> <span class='ocrx_word' id='word_1_145' title='bbox 1430 1142 1590 1192; x_wconf 91' lang='lat' dir='ltr'>quidem</span> <span class='ocrx_word' id='word_1_146' title='bbox 1622 1142 1763 1192; x_wconf 91' lang='lat' dir='ltr'>quibus</span> <span class='ocrx_word' id='word_1_147' title='bbox 1789 1144 1886 1180; x_wconf 87' lang='lat' dir='ltr'>tem-</span> 
     </span>
     <span class='ocr_line' id='line_1_16' title="bbox 320 1202 1886 1252; baseline 0 -13"><span class='ocrx_word' id='word_1_148' title='bbox 320 1202 481 1251; x_wconf 86' lang='lat' dir='ltr'>poribus</span> <span class='ocrx_word' id='word_1_149' title='bbox 520 1214 621 1251; x_wconf 89' lang='lat' dir='ltr'>quae</span> <span class='ocrx_word' id='word_1_150' title='bbox 659 1203 835 1240; x_wconf 87' lang='lat' dir='ltr'>carmina</span> <span class='ocrx_word' id='word_1_151' title='bbox 872 1202 1040 1240; x_wconf 82' lang='lat' dir='ltr'>ediderit</span> <span class='ocrx_word' id='word_1_152' title='bbox 1077 1203 1249 1252; x_wconf 86' lang='lat' dir='ltr'>exceptis</span> <span class='ocrx_word' id='word_1_153' title='bbox 1285 1203 1492 1252; x_wconf 88' lang='lat' dir='ltr'>perpaucis</span> <span class='ocrx_word' id='word_1_154' title='bbox 1525 1202 1604 1239; x_wconf 87' lang='lat' dir='ltr'>dici</span> <span class='ocrx_word' id='word_1_155' title='bbox 1634 1214 1713 1239; x_wconf 91' lang='grc'><strong>11011</strong></span> <span class='ocrx_word' id='word_1_156' title='bbox 1742 1203 1886 1251; x_wconf 87' lang='lat' dir='ltr'>potest.</span> 
     </span>
     <span class='ocr_line' id='line_1_17' title="bbox 320 1256 1886 1314; baseline -0.001 -15"><span class='ocrx_word' id='word_1_157' title='bbox 320 1260 540 1309; x_wconf 73' lang='lat' dir='ltr'>Scipionem</span> <span class='ocrx_word' id='word_1_158' title='bbox 570 1273 712 1311; x_wconf 91' lang='lat' dir='ltr'>poema</span> <span class='ocrx_word' id='word_1_159' title='bbox 744 1262 897 1311; x_wconf 90' lang='lat' dir='ltr'>epicum</span> <span class='ocrx_word' id='word_1_160' title='bbox 931 1256 1042 1314; x_wconf 87' lang='lat' dir='ltr'>(nam</span> <span class='ocrx_word' id='word_1_161' title='bbox 1074 1262 1229 1311; x_wconf 91' lang='lat' dir='ltr'>epicum</span> <span class='ocrx_word' id='word_1_162' title='bbox 1260 1273 1361 1309; x_wconf 89' lang='lat' dir='ltr'>esse,</span> <span class='ocrx_word' id='word_1_163' title='bbox 1393 1261 1498 1311; x_wconf 92' lang='lat' dir='ltr'>quod</span> <span class='ocrx_word' id='word_1_164' title='bbox 1528 1274 1745 1310; x_wconf 80' lang='lat' dir='ltr'>numquam</span> <span class='ocrx_word' id='word_1_165' title='bbox 1776 1261 1886 1298; x_wconf 91' lang='lat' dir='ltr'>dubi-</span> 
     </span>
     <span class='ocr_line' id='line_1_18' title="bbox 321 1314 1887 1372; baseline -0.001 -14"><span class='ocrx_word' id='word_1_166' title='bbox 321 1321 401 1358; x_wconf 86' lang='lat' dir='ltr'>tari</span> <span class='ocrx_word' id='word_1_167' title='bbox 438 1320 591 1368; x_wconf 89' lang='lat' dir='ltr'>debuit,</span> <span class='ocrx_word' id='word_1_168' title='bbox 629 1322 669 1358; x_wconf 83' lang='lat' dir='ltr'>et</span> <span class='ocrx_word' id='word_1_169' title='bbox 698 1333 760 1358; x_wconf 88' lang='lat' dir='ltr'>res</span> <span class='ocrx_word' id='word_1_170' title='bbox 799 1321 945 1358; x_wconf 88' lang='lat' dir='ltr'>clamat</span> <span class='ocrx_word' id='word_1_171' title='bbox 983 1322 1022 1358; x_wconf 90' lang='lat' dir='ltr'>et</span> <span class='ocrx_word' id='word_1_172' title='bbox 1060 1333 1083 1358; x_wconf 93' lang='lat' dir='ltr'>a</span> <span class='ocrx_word' id='word_1_173' title='bbox 1115 1320 1237 1358; x_wconf 86' lang='lat' dir='ltr'>Suida</span> <span class='ocrx_word' id='word_1_174' title='bbox 1274 1321 1402 1358; x_wconf 86' lang='lat' dir='ltr'>relata</span> <span class='ocrx_word' id='word_1_175' title='bbox 1436 1321 1633 1359; x_wconf 88' lang='lat' dir='ltr'>sententia</span> <span class='ocrx_word' id='word_1_176' title='bbox 1669 1320 1790 1357; x_wconf 87' lang='lat' dir='ltr'>Ennii</span> <span class='ocrx_word' id='word_1_177' title='bbox 1821 1314 1887 1372; x_wconf 88' lang='lat'>(1),</span> 
     </span>
     <span class='ocr_line' id='line_1_19' title="bbox 321 1379 1886 1430; baseline 0 -14"><span class='ocrx_word' id='word_1_178' title='bbox 321 1392 400 1428; x_wconf 91' lang='lat' dir='ltr'>qua</span> <span class='ocrx_word' id='word_1_179' title='bbox 437 1381 506 1428; x_wconf 86' lang='lat' dir='ltr'>qui</span> <span class='ocrx_word' id='word_1_180' title='bbox 539 1379 733 1429; x_wconf 86' lang='lat' dir='ltr'>Scipionis</span> <span class='ocrx_word' id='word_1_181' title='bbox 771 1380 906 1418; x_wconf 86' lang='lat' dir='ltr'>laudes</span> <span class='ocrx_word' id='word_1_182' title='bbox 945 1381 1102 1417; x_wconf 87' lang='lat' dir='ltr'>caneret</span> <span class='ocrx_word' id='word_1_183' title='bbox 1138 1380 1215 1418; x_wconf 86' lang='lat' dir='ltr'>nisi</span> <span class='ocrx_word' id='word_1_184' title='bbox 1252 1379 1467 1418; x_wconf 85' lang='lat' dir='ltr'>Homerum</span> <span class='ocrx_word' id='word_1_185' title='bbox 1506 1379 1669 1430; x_wconf 87' lang='lat' dir='ltr'>dignum</span> <span class='ocrx_word' id='word_1_186' title='bbox 1707 1391 1789 1417; x_wconf 90' lang='lat' dir='ltr'>esse</span> <span class='ocrx_word' id='word_1_187' title='bbox 1821 1391 1886 1416; x_wconf 88' lang='lat' dir='ltr'>ne-</span> 
     </span>
     <span class='ocr_line' id='line_1_20' title="bbox 321 1432 1886 1490; baseline 0 -15"><span class='ocrx_word' id='word_1_188' title='bbox 321 1439 468 1476; x_wconf 87' lang='lat' dir='ltr'>minem</span> <span class='ocrx_word' id='word_1_189' title='bbox 506 1439 635 1477; x_wconf 86' lang='lat' dir='ltr'>fassus</span> <span class='ocrx_word' id='word_1_190' title='bbox 673 1433 751 1487; x_wconf 84' lang='lat' dir='ltr'>est)</span> <span class='ocrx_word' id='word_1_191' title='bbox 790 1439 960 1477; x_wconf 90' lang='lat' dir='ltr'>vidimus</span> <span class='ocrx_word' id='word_1_192' title='bbox 998 1439 1207 1477; x_wconf 82' lang='lat' dir='ltr'>victoriam</span> <span class='ocrx_word' id='word_1_193' title='bbox 1240 1438 1382 1476; x_wconf 85' lang='lat' dir='ltr'>Zamae</span> <span class='ocrx_word' id='word_1_194' title='bbox 1418 1440 1662 1488; x_wconf 81' lang='lat' dir='ltr'>reportatam</span> <span class='ocrx_word' id='word_1_195' title='bbox 1700 1432 1753 1490; x_wconf 83' lang='lat' dir='ltr'>(a.</span> <span class='ocrx_word' id='word_1_196' title='bbox 1782 1432 1886 1490; x_wconf 84' lang='lat'>552)</span> 
     </span>
     <span class='ocr_line' id='line_1_21' title="bbox 323 1496 1887 1548; baseline -0.001 -13"><span class='ocrx_word' id='word_1_197' title='bbox 323 1509 447 1547; x_wconf 88' lang='lat' dir='ltr'>parvo</span> <span class='ocrx_word' id='word_1_198' title='bbox 471 1497 684 1535; x_wconf 85' lang='lat' dir='ltr'>intervallo</span> <span class='ocrx_word' id='word_1_199' title='bbox 710 1499 903 1535; x_wconf 78' lang='lat' dir='ltr'>secutum.</span> <span class='ocrx_word' id='word_1_200' title='bbox 932 1496 1187 1536; x_wconf 85' lang='lat' dir='ltr'>Ambraciam</span> <span class='ocrx_word' id='word_1_201' title='bbox 1213 1510 1291 1535; x_wconf 87' lang='lat' dir='ltr'>non</span> <span class='ocrx_word' id='word_1_202' title='bbox 1315 1510 1430 1547; x_wconf 90' lang='lat' dir='ltr'>posse</span> <span class='ocrx_word' id='word_1_203' title='bbox 1455 1498 1612 1548; x_wconf 86' lang='lat' dir='ltr'>longius</span> <span class='ocrx_word' id='word_1_204' title='bbox 1638 1510 1661 1535; x_wconf 90' lang='lat' dir='ltr'>a</span> <span class='ocrx_word' id='word_1_205' title='bbox 1686 1496 1887 1547; x_wconf 87' lang='lat' dir='ltr'>triumpho</span> 
     </span>
     <span class='ocr_line' id='line_1_22' title="bbox 320 1556 1886 1608; baseline -0.001 -14"><span class='ocrx_word' id='word_1_206' title='bbox 320 1557 456 1594; x_wconf 84' lang='lat' dir='ltr'>Fulvii</span> <span class='ocrx_word' id='word_1_207' title='bbox 494 1570 527 1595; x_wconf 92' lang='lat' dir='ltr'>a.</span> <span class='ocrx_word' id='word_1_208' title='bbox 557 1557 639 1594; x_wconf 88' lang='grc'>567</span> <span class='ocrx_word' id='word_1_209' title='bbox 681 1556 814 1595; x_wconf 86' lang='lat' dir='ltr'>abesse</span> <span class='ocrx_word' id='word_1_210' title='bbox 850 1569 912 1595; x_wconf 88' lang='lat' dir='ltr'>res</span> <span class='ocrx_word' id='word_1_211' title='bbox 950 1557 1037 1607; x_wconf 88' lang='lat' dir='ltr'>ipsa</span> <span class='ocrx_word' id='word_1_212' title='bbox 1074 1558 1211 1606; x_wconf 85' lang='lat' dir='ltr'>poscit.</span> <span class='ocrx_word' id='word_1_213' title='bbox 1250 1557 1513 1608; x_wconf 87' lang='lat' dir='ltr'>Tragoediam</span> <span class='ocrx_word' id='word_1_214' title='bbox 1548 1557 1749 1605; x_wconf 73' lang='lat' dir='ltr'>Thyestem</span> <span class='ocrx_word' id='word_1_215' title='bbox 1780 1557 1886 1594; x_wconf 88' lang='lat' dir='ltr'>certo</span> 
     </span>
     <span class='ocr_line' id='line_1_23' title="bbox 322 1614 1889 1654; baseline -0.001 -1"><span class='ocrx_word' id='word_1_216' title='bbox 322 1618 483 1654; x_wconf 90' lang='lat' dir='ltr'>auctore</span> <span class='ocrx_word' id='word_1_217' title='bbox 514 1618 670 1654; x_wconf 90' lang='lat' dir='ltr'>constat</span> <span class='ocrx_word' id='word_1_218' title='bbox 701 1618 873 1654; x_wconf 86' lang='lat' dir='ltr'>extremo</span> <span class='ocrx_word' id='word_1_219' title='bbox 898 1616 1019 1654; x_wconf 86' lang='lat' dir='ltr'>Ennii</span> <span class='ocrx_word' id='word_1_220' title='bbox 1050 1628 1153 1654; x_wconf 91' lang='lat' dir='ltr'>anno</span> <span class='ocrx_word' id='word_1_221' title='bbox 1185 1618 1316 1654; x_wconf 90' lang='lat' dir='ltr'>actam</span> <span class='ocrx_word' id='word_1_222' title='bbox 1347 1628 1440 1654; x_wconf 89' lang='lat' dir='ltr'>esse.</span> <span class='ocrx_word' id='word_1_223' title='bbox 1471 1615 1642 1654; x_wconf 78' lang='lat' dir='ltr'>Achilles</span> <span class='ocrx_word' id='word_1_224' title='bbox 1666 1614 1889 1653; x_wconf 75' lang='lat' dir='ltr'>Aristarchi</span> 
     </span>
     <span class='ocr_line' id='line_1_24' title="bbox 323 1674 1886 1726; baseline -0.001 -14"><span class='ocrx_word' id='word_1_225' title='bbox 323 1675 482 1724; x_wconf 89' lang='lat' dir='ltr'>quando</span> <span class='ocrx_word' id='word_1_226' title='bbox 515 1675 623 1713; x_wconf 89' lang='lat' dir='ltr'>edita</span> <span class='ocrx_word' id='word_1_227' title='bbox 654 1677 756 1714; x_wconf 88' lang='lat' dir='ltr'>esset</span> <span class='ocrx_word' id='word_1_228' title='bbox 787 1676 972 1714; x_wconf 89' lang='lat' dir='ltr'>sciremus</span> <span class='ocrx_word' id='word_1_229' title='bbox 1005 1676 1039 1714; x_wconf 88' lang='lat' dir='ltr'>si</span> <span class='ocrx_word' id='word_1_230' title='bbox 1069 1676 1278 1726; x_wconf 84' lang='lat' dir='ltr'>prologum</span> <span class='ocrx_word' id='word_1_231' title='bbox 1308 1676 1351 1712; x_wconf 89' lang='lat' dir='ltr'>in</span> <span class='ocrx_word' id='word_1_232' title='bbox 1382 1674 1518 1713; x_wconf 88' lang='lat' dir='ltr'>Plauti</span> <span class='ocrx_word' id='word_1_233' title='bbox 1549 1674 1784 1722; x_wconf 89' lang='lat' dir='ltr'>Poenulum,</span> <span class='ocrx_word' id='word_1_234' title='bbox 1818 1674 1886 1722; x_wconf 88' lang='lat' dir='ltr'>qui</span> 
     </span>
     <span class='ocr_line' id='line_1_25' title="bbox 323 1733 1887 1785; baseline -0.001 -14"><span class='ocrx_word' id='word_1_235' title='bbox 323 1734 372 1772; x_wconf 90' lang='lat' dir='ltr'>ab</span> <span class='ocrx_word' id='word_1_236' title='bbox 404 1747 450 1772; x_wconf 87' lang='lat' dir='ltr'>ea</span> <span class='ocrx_word' id='word_1_237' title='bbox 481 1735 687 1785; x_wconf 86' lang='lat' dir='ltr'>tragoedia</span> <span class='ocrx_word' id='word_1_238' title='bbox 718 1734 936 1782; x_wconf 88' lang='lat' dir='ltr'>exorditur,</span> <span class='ocrx_word' id='word_1_239' title='bbox 973 1736 1112 1772; x_wconf 91' lang='lat' dir='ltr'>notum</span> <span class='ocrx_word' id='word_1_240' title='bbox 1143 1736 1246 1772; x_wconf 90' lang='lat' dir='ltr'>esset</span> <span class='ocrx_word' id='word_1_241' title='bbox 1280 1735 1343 1771; x_wconf 89' lang='lat' dir='ltr'>cui</span> <span class='ocrx_word' id='word_1_242' title='bbox 1375 1746 1477 1771; x_wconf 85' lang='lat' dir='ltr'>anno</span> <span class='ocrx_word' id='word_1_243' title='bbox 1515 1733 1640 1771; x_wconf 89' lang='lat' dir='ltr'>tribui</span> <span class='ocrx_word' id='word_1_244' title='bbox 1676 1734 1887 1782; x_wconf 89' lang='lat' dir='ltr'>oporteret,</span> 
     </span>
     <span class='ocr_line' id='line_1_26' title="bbox 323 1792 1886 1843; baseline -0.001 -13"><span class='ocrx_word' id='word_1_245' title='bbox 323 1806 440 1843; x_wconf 91' lang='lat' dir='ltr'>quem</span> <span class='ocrx_word' id='word_1_246' title='bbox 478 1806 559 1832; x_wconf 90' lang='lat' dir='ltr'>esse</span> <span class='ocrx_word' id='word_1_247' title='bbox 592 1807 739 1832; x_wconf 86' lang='lat' dir='ltr'>annum</span> <span class='ocrx_word' id='word_1_248' title='bbox 773 1794 856 1832; x_wconf 88' lang='lat'>565</span> <span class='ocrx_word' id='word_1_249' title='bbox 889 1793 1122 1831; x_wconf 89' lang='lat' dir='ltr'>dubitabilis</span> <span class='ocrx_word' id='word_1_250' title='bbox 1153 1793 1330 1843; x_wconf 84' lang='lat' dir='ltr'>opinatio</span> <span class='ocrx_word' id='word_1_251' title='bbox 1362 1795 1432 1841; x_wconf 90' lang='lat' dir='ltr'>est,</span> <span class='ocrx_word' id='word_1_252' title='bbox 1467 1805 1537 1830; x_wconf 89' lang='lat' dir='ltr'>nec</span> <span class='ocrx_word' id='word_1_253' title='bbox 1567 1793 1657 1842; x_wconf 92' lang='lat' dir='ltr'>plus</span> <span class='ocrx_word' id='word_1_254' title='bbox 1689 1792 1886 1830; x_wconf 88' lang='lat' dir='ltr'>affirmare</span> 
     </span>
     <span class='ocr_line' id='line_1_27' title="bbox 322 1851 1887 1902; baseline -0.001 -12"><span class='ocrx_word' id='word_1_255' title='bbox 322 1853 416 1891; x_wconf 88' lang='lat' dir='ltr'>licet</span> <span class='ocrx_word' id='word_1_256' title='bbox 453 1866 572 1902; x_wconf 88' lang='lat' dir='ltr'>quam</span> <span class='ocrx_word' id='word_1_257' title='bbox 595 1853 702 1891; x_wconf 69' lang='lat' dir='ltr'>&#39;ante</span> <span class='ocrx_word' id='word_1_258' title='bbox 740 1866 773 1891; x_wconf 91' lang='lat' dir='ltr'>a.</span> <span class='ocrx_word' id='word_1_259' title='bbox 809 1853 894 1891; x_wconf 88' lang='lat'>570</span> <span class='ocrx_word' id='word_1_260' title='bbox 932 1852 1000 1902; x_wconf 91' lang='lat' dir='ltr'>qui</span> <span class='ocrx_word' id='word_1_261' title='bbox 1037 1852 1171 1890; x_wconf 88' lang='lat' dir='ltr'>Plauti</span> <span class='ocrx_word' id='word_1_262' title='bbox 1208 1852 1286 1890; x_wconf 86' lang='lat' dir='ltr'>fuit</span> <span class='ocrx_word' id='word_1_263' title='bbox 1329 1853 1523 1890; x_wconf 85' lang='lat' dir='ltr'>extremus</span> <span class='ocrx_word' id='word_1_264' title='bbox 1566 1852 1667 1889; x_wconf 89' lang='lat' dir='ltr'>hanc</span> <span class='ocrx_word' id='word_1_265' title='bbox 1710 1851 1887 1889; x_wconf 90' lang='lat' dir='ltr'>fabulam</span> 
     </span>
     <span class='ocr_line' id='line_1_28' title="bbox 322 1910 1886 1961; baseline -0.002 -11"><span class='ocrx_word' id='word_1_266' title='bbox 322 1912 470 1950; x_wconf 90' lang='lat' dir='ltr'>editam</span> <span class='ocrx_word' id='word_1_267' title='bbox 502 1925 596 1951; x_wconf 85' lang='lat' dir='ltr'>esse.</span> <span class='ocrx_word' id='word_1_268' title='bbox 633 1912 766 1950; x_wconf 92' lang='lat' dir='ltr'>Unum</span> <span class='ocrx_word' id='word_1_269' title='bbox 797 1913 857 1950; x_wconf 89' lang='lat' dir='ltr'>est</span> <span class='ocrx_word' id='word_1_270' title='bbox 892 1913 1165 1950; x_wconf 87' lang='lat' dir='ltr'>testimonium</span> <span class='ocrx_word' id='word_1_271' title='bbox 1202 1912 1317 1961; x_wconf 89' lang='lat' dir='ltr'>longe</span> <span class='ocrx_word' id='word_1_272' title='bbox 1354 1912 1615 1949; x_wconf 70' lang='lat' dir='ltr'>certissimum</span> <span class='ocrx_word' id='word_1_273' title='bbox 1652 1911 1757 1960; x_wconf 92' lang='lat' dir='ltr'>quod</span> <span class='ocrx_word' id='word_1_274' title='bbox 1787 1910 1886 1948; x_wconf 91' lang='lat' dir='ltr'>Var-</span> 
     </span>
     <span class='ocr_line' id='line_1_29' title="bbox 321 1970 1886 2020; baseline -0.001 -12"><span class='ocrx_word' id='word_1_275' title='bbox 321 1972 409 2010; x_wconf 91' lang='lat' dir='ltr'>roni</span> <span class='ocrx_word' id='word_1_276' title='bbox 441 1974 481 2010; x_wconf 90' lang='lat' dir='ltr'>et</span> <span class='ocrx_word' id='word_1_277' title='bbox 512 1970 639 2010; x_wconf 86' lang='lat' dir='ltr'>Gellio</span> <span class='ocrx_word' id='word_1_278' title='bbox 672 1973 877 2020; x_wconf 89' lang='lat' dir='ltr'>acceptum</span> <span class='ocrx_word' id='word_1_279' title='bbox 908 1971 1046 2019; x_wconf 86' lang='lat' dir='ltr'>fertur,</span> <span class='ocrx_word' id='word_1_280' title='bbox 1078 1983 1155 2019; x_wconf 93' lang='lat' dir='ltr'>quo</span> <span class='ocrx_word' id='word_1_281' title='bbox 1186 1971 1360 2008; x_wconf 86' lang='lat' dir='ltr'>Ennium</span> <span class='ocrx_word' id='word_1_282' title='bbox 1390 1970 1582 2020; x_wconf 89' lang='lat' dir='ltr'>probatur</span> <span class='ocrx_word' id='word_1_283' title='bbox 1612 1970 1886 2008; x_wconf 86' lang='lat' dir='ltr'>duodecimum</span> 
     </span>
     <span class='ocr_line' id='line_1_30' title="bbox 324 2029 1885 2081; baseline -0.001 -13"><span class='ocrx_word' id='word_1_284' title='bbox 324 2031 506 2069; x_wconf 87' lang='lat' dir='ltr'>annalem</span> <span class='ocrx_word' id='word_1_285' title='bbox 545 2031 687 2069; x_wconf 89' lang='lat' dir='ltr'>aetatis</span> <span class='ocrx_word' id='word_1_286' title='bbox 726 2043 828 2069; x_wconf 89' lang='lat' dir='ltr'>anno</span> <span class='ocrx_word' id='word_1_287' title='bbox 867 2031 1108 2081; x_wconf 83' lang='lat' dir='ltr'>sexagesimo</span> <span class='ocrx_word' id='word_1_288' title='bbox 1146 2030 1312 2079; x_wconf 88' lang='lat' dir='ltr'>septimo</span> <span class='ocrx_word' id='word_1_289' title='bbox 1344 2030 1380 2067; x_wconf 89' lang='lat' dir='ltr'>h.</span> <span class='ocrx_word' id='word_1_290' title='bbox 1408 2041 1439 2066; x_wconf 89' lang='lat' dir='ltr'>e.</span> <span class='ocrx_word' id='word_1_291' title='bbox 1466 2042 1500 2066; x_wconf 92' lang='lat' dir='ltr'>a.</span> <span class='ocrx_word' id='word_1_292' title='bbox 1526 2043 1563 2066; x_wconf 88' lang='lat' dir='ltr'>u.</span> <span class='ocrx_word' id='word_1_293' title='bbox 1590 2041 1620 2067; x_wconf 92' lang='lat' dir='ltr'>c.</span> <span class='ocrx_word' id='word_1_294' title='bbox 1649 2029 1731 2066; x_wconf 82' lang='lat'>582</span> <span class='ocrx_word' id='word_1_295' title='bbox 1765 2029 1885 2077; x_wconf 90' lang='lat' dir='ltr'>scrip-</span> 
     </span>
     <span class='ocr_line' id='line_1_31' title="bbox 324 2088 1885 2128; baseline -0.003 0"><span class='ocrx_word' id='word_1_296' title='bbox 324 2090 428 2128; x_wconf 89' lang='lat' dir='ltr'>sisse.</span> <span class='ocrx_word' id='word_1_297' title='bbox 474 2090 587 2128; x_wconf 89' lang='lat' dir='ltr'>Unde</span> <span class='ocrx_word' id='word_1_298' title='bbox 619 2101 777 2128; x_wconf 85' lang='lat' dir='ltr'>exorsus</span> <span class='ocrx_word' id='word_1_299' title='bbox 807 2089 850 2127; x_wconf 88' lang='lat' dir='ltr'>in</span> <span class='ocrx_word' id='word_1_300' title='bbox 882 2090 979 2128; x_wconf 87' lang='lat' dir='ltr'>actis</span> <span class='ocrx_word' id='word_1_301' title='bbox 1012 2089 1182 2127; x_wconf 86' lang='lat' dir='ltr'>academ.</span> <span class='ocrx_word' id='word_1_302' title='bbox 1217 2102 1249 2126; x_wconf 90' lang='lat' dir='ltr'>a.</span> <span class='ocrx_word' id='word_1_303' title='bbox 1280 2089 1390 2126; x_wconf 87' lang='grc'><strong>1886</strong></span> <span class='ocrx_word' id='word_1_304' title='bbox 1424 2088 1691 2126; x_wconf 79' lang='lat' dir='ltr'>demonstrare</span> <span class='ocrx_word' id='word_1_305' title='bbox 1722 2089 1885 2126; x_wconf 90' lang='lat' dir='ltr'>conatus</span> 
     </span>
     <span class='ocr_line' id='line_1_32' title="bbox 324 2147 1886 2198; baseline -0.002 -12"><span class='ocrx_word' id='word_1_306' title='bbox 324 2161 428 2197; x_wconf 88' lang='lat' dir='ltr'>sum,</span> <span class='ocrx_word' id='word_1_307' title='bbox 471 2150 634 2188; x_wconf 75' lang='lat' dir='ltr'>annales</span> <span class='ocrx_word' id='word_1_308' title='bbox 672 2162 696 2187; x_wconf 92' lang='lat' dir='ltr'>a</span> <span class='ocrx_word' id='word_1_309' title='bbox 733 2161 823 2187; x_wconf 90' lang='lat' dir='ltr'>sene</span> <span class='ocrx_word' id='word_1_310' title='bbox 860 2149 989 2186; x_wconf 85' lang='lat' dir='ltr'>Ennio</span> <span class='ocrx_word' id='word_1_311' title='bbox 1027 2150 1194 2198; x_wconf 83' lang='lat' dir='ltr'>scriptos</span> <span class='ocrx_word' id='word_1_312' title='bbox 1231 2148 1268 2185; x_wconf 87' lang='lat' dir='ltr'>h.</span> <span class='ocrx_word' id='word_1_313' title='bbox 1301 2161 1331 2186; x_wconf 90' lang='lat' dir='ltr'>e.</span> <span class='ocrx_word' id='word_1_314' title='bbox 1370 2160 1448 2185; x_wconf 91' lang='lat' dir='ltr'>non</span> <span class='ocrx_word' id='word_1_315' title='bbox 1487 2149 1578 2185; x_wconf 87' lang='lat' dir='ltr'>ante</span> <span class='ocrx_word' id='word_1_316' title='bbox 1616 2160 1762 2185; x_wconf 88' lang='lat' dir='ltr'>annum</span> <span class='ocrx_word' id='word_1_317' title='bbox 1801 2147 1886 2184; x_wconf 87' lang='lat'>570</span> 
     </span>
     <span class='ocr_line' id='line_1_33' title="bbox 324 2206 1886 2258; baseline -0.003 -12"><span class='ocrx_word' id='word_1_318' title='bbox 324 2211 480 2258; x_wconf 88' lang='lat' dir='ltr'>coeptos</span> <span class='ocrx_word' id='word_1_319' title='bbox 513 2210 552 2246; x_wconf 88' lang='lat' dir='ltr'>et</span> <span class='ocrx_word' id='word_1_320' title='bbox 583 2209 624 2245; x_wconf 90' lang='lat' dir='ltr'>in</span> <span class='ocrx_word' id='word_1_321' title='bbox 654 2209 871 2258; x_wconf 88' lang='lat' dir='ltr'>posteriore</span> <span class='ocrx_word' id='word_1_322' title='bbox 902 2209 1009 2246; x_wconf 86' lang='lat' dir='ltr'>vitae</span> <span class='ocrx_word' id='word_1_323' title='bbox 1040 2209 1153 2257; x_wconf 87' lang='lat' dir='ltr'>parte</span> <span class='ocrx_word' id='word_1_324' title='bbox 1184 2220 1309 2256; x_wconf 90' lang='lat' dir='ltr'>usque</span> <span class='ocrx_word' id='word_1_325' title='bbox 1341 2207 1390 2245; x_wconf 88' lang='lat' dir='ltr'>ad</span> <span class='ocrx_word' id='word_1_326' title='bbox 1421 2206 1539 2244; x_wconf 89' lang='lat' dir='ltr'>finem</span> <span class='ocrx_word' id='word_1_327' title='bbox 1571 2207 1653 2244; x_wconf 91' lang='lat' dir='ltr'>eius</span> <span class='ocrx_word' id='word_1_328' title='bbox 1682 2206 1886 2244; x_wconf 90' lang='lat' dir='ltr'>continua-</span> 
     </span>
     <span class='ocr_line' id='line_1_34' title="bbox 325 2266 1887 2317; baseline -0.001 -13"><span class='ocrx_word' id='word_1_329' title='bbox 325 2269 385 2305; x_wconf 92' lang='lat' dir='ltr'>tos</span> <span class='ocrx_word' id='word_1_330' title='bbox 411 2280 505 2316; x_wconf 85' lang='lat' dir='ltr'>esse,</span> <span class='ocrx_word' id='word_1_331' title='bbox 530 2268 648 2317; x_wconf 90' lang='lat' dir='ltr'>plane</span> <span class='ocrx_word' id='word_1_332' title='bbox 672 2269 719 2305; x_wconf 88' lang='lat' dir='ltr'>ut</span> <span class='ocrx_word' id='word_1_333' title='bbox 743 2267 940 2305; x_wconf 83' lang='lat' dir='ltr'>Naevium</span> <span class='ocrx_word' id='word_1_334' title='bbox 967 2266 1100 2305; x_wconf 85' lang='lat' dir='ltr'>Cicero</span> <span class='ocrx_word' id='word_1_335' title='bbox 1125 2268 1296 2305; x_wconf 86' lang='lat' dir='ltr'>testatur</span> <span class='ocrx_word' id='word_1_336' title='bbox 1321 2267 1461 2304; x_wconf 79' lang='lat' dir='ltr'>bellum</span> <span class='ocrx_word' id='word_1_337' title='bbox 1485 2266 1693 2304; x_wconf 79' lang='lat' dir='ltr'>Poenicum</span> <span class='ocrx_word' id='word_1_338' title='bbox 1710 2266 1887 2313; x_wconf 76' lang='lat' dir='ltr'>primum</span> 
     </span>
     <span class='ocr_line' id='line_1_35' title="bbox 326 2325 1887 2377; baseline -0.002 -13"><span class='ocrx_word' id='word_1_339' title='bbox 326 2339 456 2364; x_wconf 90' lang='lat' dir='ltr'>senem</span> <span class='ocrx_word' id='word_1_340' title='bbox 492 2327 529 2364; x_wconf 89' lang='lat' dir='ltr'>h.</span> <span class='ocrx_word' id='word_1_341' title='bbox 562 2339 594 2364; x_wconf 89' lang='lat' dir='ltr'>e.</span> <span class='ocrx_word' id='word_1_342' title='bbox 635 2327 844 2364; x_wconf 89' lang='lat' dir='ltr'>minimum</span> <span class='ocrx_word' id='word_1_343' title='bbox 887 2327 1184 2377; x_wconf 87' lang='lat' dir='ltr'>sexagenarium</span> <span class='ocrx_word' id='word_1_344' title='bbox 1225 2326 1497 2375; x_wconf 89' lang='lat' dir='ltr'>composuisse.</span> <span class='ocrx_word' id='word_1_345' title='bbox 1564 2325 1716 2362; x_wconf 86' lang='lat' dir='ltr'>Ennius</span> <span class='ocrx_word' id='word_1_346' title='bbox 1755 2325 1887 2362; x_wconf 91' lang='lat' dir='ltr'>autem</span> 
     </span>
     <span class='ocr_line' id='line_1_36' title="bbox 325 2378 1886 2436; baseline -0.002 -14"><span class='ocrx_word' id='word_1_347' title='bbox 325 2398 414 2422; x_wconf 90' lang='lat' dir='ltr'>cum</span> <span class='ocrx_word' id='word_1_348' title='bbox 445 2386 644 2424; x_wconf 89' lang='lat' dir='ltr'>consulem</span> <span class='ocrx_word' id='word_1_349' title='bbox 670 2387 763 2423; x_wconf 90' lang='lat' dir='ltr'>anni</span> <span class='ocrx_word' id='word_1_350' title='bbox 797 2386 881 2424; x_wconf 91' lang='lat'>550</span> <span class='ocrx_word' id='word_1_351' title='bbox 915 2385 1131 2436; x_wconf 84' lang='lat' dir='ltr'>Cethegum</span> <span class='ocrx_word' id='word_1_352' title='bbox 1161 2386 1204 2422; x_wconf 87' lang='lat' dir='ltr'>in</span> <span class='ocrx_word' id='word_1_353' title='bbox 1235 2397 1338 2423; x_wconf 89' lang='lat' dir='ltr'>nono</span> <span class='ocrx_word' id='word_1_354' title='bbox 1371 2384 1505 2422; x_wconf 81' lang='lat' dir='ltr'>annali</span> <span class='ocrx_word' id='word_1_355' title='bbox 1530 2379 1596 2436; x_wconf 81' lang='lat' dir='ltr'>(fr.</span> <span class='ocrx_word' id='word_1_356' title='bbox 1617 2378 1676 2435; x_wconf 90' lang='lat' dir='ltr'>1v)</span> <span class='ocrx_word' id='word_1_357' title='bbox 1709 2384 1812 2420; x_wconf 89' lang='lat' dir='ltr'>hunc</span> <span class='ocrx_word' id='word_1_358' title='bbox 1844 2383 1886 2419; x_wconf 90' lang='lat' dir='ltr'>in</span> 
     </span>
     <span class='ocr_line' id='line_1_37' title="bbox 326 2444 685 2483; baseline 0.006 -2"><span class='ocrx_word' id='word_1_359' title='bbox 326 2444 484 2482; x_wconf 89' lang='lat' dir='ltr'>modum</span> <span class='ocrx_word' id='word_1_360' title='bbox 516 2445 685 2483; x_wconf 88' lang='lat' dir='ltr'>celebret</span> 
     </span>
    </p>

    <p class='ocr_par' dir='ltr' id='par_1_4' title="bbox 537 2503 1418 2551">
     <span class='ocr_line' id='line_1_38' title="bbox 537 2503 1418 2551; baseline -0.002 -9"><span class='ocrx_word' id='word_1_361' title='bbox 537 2504 712 2542; x_wconf 77' lang='lat' dir='ltr'>Additur</span> <span class='ocrx_word' id='word_1_362' title='bbox 741 2506 872 2542; x_wconf 88' lang='lat' dir='ltr'>orator</span> <span class='ocrx_word' id='word_1_363' title='bbox 905 2503 1106 2542; x_wconf 79' lang='lat' dir='ltr'>Cornelius</span> <span class='ocrx_word' id='word_1_364' title='bbox 1136 2503 1418 2551; x_wconf 79' lang='lat' dir='ltr'>suaviloquenti</span> 
     </span>
    </p>

    <p class='ocr_par' dir='ltr' id='par_1_5' title="bbox 541 2562 1427 2611">
     <span class='ocr_line' id='line_1_39' title="bbox 541 2562 1427 2611; baseline -0.001 -11"><span class='ocrx_word' id='word_1_365' title='bbox 541 2562 615 2601; x_wconf 89' lang='lat' dir='ltr'>Ore</span> <span class='ocrx_word' id='word_1_366' title='bbox 647 2563 830 2611; x_wconf 73' lang='lat' dir='ltr'>Cetheyus</span> <span class='ocrx_word' id='word_1_367' title='bbox 861 2564 1027 2602; x_wconf 84' lang='lat' dir='ltr'>Marcus</span> <span class='ocrx_word' id='word_1_368' title='bbox 1062 2563 1255 2601; x_wconf 81' lang='lat' dir='ltr'>Tuditano</span> <span class='ocrx_word' id='word_1_369' title='bbox 1286 2562 1427 2610; x_wconf 73' lang='lat' dir='ltr'>colleqa</span> 
     </span>
    </p>

    <p class='ocr_par' dir='ltr' id='par_1_6' title="bbox 541 2622 813 2668">
     <span class='ocr_line' id='line_1_40' title="bbox 541 2622 813 2668; baseline 0.007 -10"><span class='ocrx_word' id='word_1_370' title='bbox 541 2622 674 2660; x_wconf 85' lang='lat' dir='ltr'>Marci</span> <span class='ocrx_word' id='word_1_371' title='bbox 704 2623 813 2668; x_wconf 75' lang='lat' dir='ltr'>filius</span> 
     </span>
    </p>

    <p class='ocr_par' dir='ltr' id='par_1_7' title="bbox 751 2679 1481 2728">
     <span class='ocr_line' id='line_1_41' title="bbox 751 2679 1481 2728; baseline -0.003 -10"><span class='ocrx_word' id='word_1_372' title='bbox 751 2683 786 2719; x_wconf 80' lang='lat' dir='ltr'>is</span> <span class='ocrx_word' id='word_1_373' title='bbox 817 2681 957 2719; x_wconf 84' lang='lat' dir='ltr'>dictust</span> <span class='ocrx_word' id='word_1_374' title='bbox 986 2681 1073 2719; x_wconf 83' lang='lat' dir='ltr'>ollis</span> <span class='ocrx_word' id='word_1_375' title='bbox 1096 2680 1358 2728; x_wconf 77' lang='lat' dir='ltr'>popularibus</span> <span class='ocrx_word' id='word_1_376' title='bbox 1389 2679 1481 2717; x_wconf 81' lang='lat' dir='ltr'>olim</span> 
     </span>
    </p>

    <p class='ocr_par' dir='ltr' id='par_1_8' title="bbox 541 2737 1675 2787">
     <span class='ocr_line' id='line_1_42' title="bbox 541 2737 1675 2787; baseline -0.003 -11"><span class='ocrx_word' id='word_1_377' title='bbox 541 2738 617 2787; x_wconf 74' lang='lat' dir='ltr'>Qui</span> <span class='ocrx_word' id='word_1_378' title='bbox 647 2742 727 2776; x_wconf 83' lang='lat' dir='ltr'>tum</span> <span class='ocrx_word' id='word_1_379' title='bbox 757 2741 936 2778; x_wconf 84' lang='lat' dir='ltr'>vivebant</span> <span class='ocrx_word' id='word_1_380' title='bbox 964 2741 1135 2778; x_wconf 78' lang='lat' dir='ltr'>homines</span> <span class='ocrx_word' id='word_1_381' title='bbox 1166 2742 1278 2787; x_wconf 78' lang='lat' dir='ltr'>atque</span> <span class='ocrx_word' id='word_1_382' title='bbox 1308 2750 1446 2777; x_wconf 83' lang='lat' dir='ltr'>aevum</span> <span class='ocrx_word' id='word_1_383' title='bbox 1476 2737 1675 2786; x_wconf 76' lang='lat' dir='ltr'>ayitabant</span> 
     </span>
    </p>

    <p class='ocr_par' dir='ltr' id='par_1_9' title="bbox 328 2798 1890 3014">
     <span class='ocr_line' id='line_1_43' title="bbox 541 2798 1022 2846; baseline 0.002 -11"><span class='ocrx_word' id='word_1_384' title='bbox 541 2798 638 2836; x_wconf 81' lang='lat' dir='ltr'>Flos</span> <span class='ocrx_word' id='word_1_385' title='bbox 667 2798 857 2836; x_wconf 77' lang='lat' dir='ltr'>delibatus</span> <span class='ocrx_word' id='word_1_386' title='bbox 880 2799 1022 2846; x_wconf 72' lang='lat' dir='ltr'>populi</span> 
     </span>
     <span class='ocr_line' id='line_1_44' title="bbox 328 2850 1888 2908; baseline -0.003 -14"><span class='ocrx_word' id='word_1_387' title='bbox 328 2858 412 2907; x_wconf 88' lang='lat' dir='ltr'>ipse</span> <span class='ocrx_word' id='word_1_388' title='bbox 450 2857 526 2895; x_wconf 91' lang='lat' dir='ltr'>sibi</span> <span class='ocrx_word' id='word_1_389' title='bbox 561 2858 675 2895; x_wconf 88' lang='lat' dir='ltr'>testis</span> <span class='ocrx_word' id='word_1_390' title='bbox 713 2859 787 2906; x_wconf 87' lang='lat' dir='ltr'>est,</span> <span class='ocrx_word' id='word_1_391' title='bbox 826 2869 866 2895; x_wconf 91' lang='lat' dir='ltr'>se</span> <span class='ocrx_word' id='word_1_392' title='bbox 902 2870 981 2895; x_wconf 91' lang='lat' dir='ltr'>non</span> <span class='ocrx_word' id='word_1_393' title='bbox 1019 2857 1158 2908; x_wconf 82' lang='lat' dir='ltr'>exiguo</span> <span class='ocrx_word' id='word_1_394' title='bbox 1189 2857 1377 2907; x_wconf 87' lang='lat' dir='ltr'>temporis</span> <span class='ocrx_word' id='word_1_395' title='bbox 1408 2856 1537 2905; x_wconf 88' lang='lat' dir='ltr'>spatio</span> <span class='ocrx_word' id='word_1_396' title='bbox 1570 2850 1635 2907; x_wconf 90' lang='lat' dir='ltr'>(ex</span> <span class='ocrx_word' id='word_1_397' title='bbox 1666 2866 1754 2891; x_wconf 89' lang='lat' dir='ltr'>mea</span> <span class='ocrx_word' id='word_1_398' title='bbox 1785 2865 1888 2890; x_wconf 90' lang='lat' dir='ltr'>com-</span> 
     </span>
     <span class='ocr_line' id='line_1_45' title="bbox 328 2908 1888 2966; baseline -0.003 -12"><span class='ocrx_word' id='word_1_399' title='bbox 328 2918 534 2965; x_wconf 89' lang='lat' dir='ltr'>putatione</span> <span class='ocrx_word' id='word_1_400' title='bbox 571 2918 728 2965; x_wconf 87' lang='lat' dir='ltr'>praeter</span> <span class='ocrx_word' id='word_1_401' title='bbox 764 2918 926 2965; x_wconf 90' lang='lat' dir='ltr'>propter</span> <span class='ocrx_word' id='word_1_402' title='bbox 962 2917 1107 2966; x_wconf 83' lang='lat' dir='ltr'>viginti</span> <span class='ocrx_word' id='word_1_403' title='bbox 1151 2918 1325 2966; x_wconf 88' lang='lat' dir='ltr'>quinque</span> <span class='ocrx_word' id='word_1_404' title='bbox 1363 2908 1574 2966; x_wconf 84' lang='lat' dir='ltr'>annorum)</span> <span class='ocrx_word' id='word_1_405' title='bbox 1612 2913 1661 2952; x_wconf 91' lang='lat' dir='ltr'>ab</span> <span class='ocrx_word' id='word_1_406' title='bbox 1697 2913 1767 2950; x_wconf 93' lang='lat' dir='ltr'>illo</span> <span class='ocrx_word' id='word_1_407' title='bbox 1799 2924 1888 2950; x_wconf 90' lang='lat' dir='ltr'>con-</span> 
     </span>
     <span class='ocr_line' id='line_1_46' title="bbox 330 2971 1890 3014; baseline -0.003 -2"><span class='ocrx_word' id='word_1_408' title='bbox 330 2976 466 3013; x_wconf 91' lang='lat' dir='ltr'>sulatu</span> <span class='ocrx_word' id='word_1_409' title='bbox 503 2976 697 3014; x_wconf 88' lang='lat' dir='ltr'>semotum</span> <span class='ocrx_word' id='word_1_410' title='bbox 733 2975 829 3012; x_wconf 78' lang='lat' dir='ltr'>haee</span> <span class='ocrx_word' id='word_1_411' title='bbox 866 2975 1061 3013; x_wconf 89' lang='lat' dir='ltr'>cecinisse.</span> <span class='ocrx_word' id='word_1_412' title='bbox 1122 2975 1205 3013; x_wconf 88' lang='lat' dir='ltr'>Nec</span> <span class='ocrx_word' id='word_1_413' title='bbox 1245 2975 1371 3013; x_wconf 89' lang='lat' dir='ltr'>solum</span> <span class='ocrx_word' id='word_1_414' title='bbox 1407 2975 1448 3011; x_wconf 90' lang='lat' dir='ltr'>in</span> <span class='ocrx_word' id='word_1_415' title='bbox 1485 2973 1713 3011; x_wconf 88' lang='lat' dir='ltr'>duodecimo</span> <span class='ocrx_word' id='word_1_416' title='bbox 1755 2971 1890 3009; x_wconf 87' lang='lat' dir='ltr'>annali</span> 
     </span>
    </p>
   </div>
  </div>
 </body>
</html>
