2020 3334
616 171 824 208 VERRIUS
844 173 1063 210 FLACCUS.
1102 176 1278 212 FESTUS
1607 180 1719 215 LXXI

165 283 281 332 pleno
307 283 575 332 septenarium
599 285 804 332 posuisset.
832 284 896 324 Sic
922 287 1026 324 enim
1047 285 1174 326 Gellio
1200 290 1311 338 teste,
1338 291 1406 339 qui
1430 291 1573 330 subicis
1592 293 1720 341 prima

167 342 287 392 longa
311 342 563 391 pronuntiari
588 342 699 390 dixit,
725 356 858 383 versus
885 344 1118 384 ordinarunt
1142 346 1393 387 Lachmanno
1420 351 1579 388 auctore

709 414 784 449 per
815 414 879 451 eqo
910 404 1023 442 deum
1051 406 1238 444 sublimas
1267 408 1410 446 subicis

370 459 550 504 Umidas,
581 459 683 498 wude
713 462 836 499 oritur
867 462 986 501 imber
1015 464 1144 502 sonitu
1173 475 1285 503 saevo
1317 469 1351 503 et
1379 468 1530 514 spiritu.

167 519 305 568 Neque
331 531 417 556 eam
441 519 637 556 rationem
662 518 827 568 deserui,
853 533 1092 570 quamquam
1117 522 1295 561 dubitare
1321 526 1430 573 coepi
1467 538 1586 574 quam
1616 528 1719 564 recte

168 578 243 616 hoc
267 577 517 626 instituatur3
549 578 612 616 cui
636 578 694 615 rei
719 590 807 615 cum
826 578 958 617 Verrii
982 592 1073 618 usus
1100 580 1329 619 adversatur
1353 584 1437 620 tum
1463 584 1719 623 conformatio

170 638 258 686 ipsa
277 637 506 685 sententiae,
528 648 627 685 quae
648 637 794 686 optime
814 636 855 675 in
875 637 972 676 duos
993 651 1127 677 versus
1147 639 1334 678 tribuitur
1353 643 1397 679 ut
1416 642 1540 680 oratio
1555 643 1719 682 iurantis

172 696 219 733 ab
251 696 366 734 initio
398 695 540 744 prioris
566 695 753 733 ordiatur.
785 695 925 745 Itaque
951 697 1135 735 credibile
1160 698 1205 735 fit
1230 699 1401 737 Ennium
1425 698 1567 739 silbicz's
1592 703 1718 750 prima

167 754 277 793 brevi
304 754 445 792 dixisse
471 753 587 804 idque
606 754 790 792 Verrium
817 756 992 793 secutum
1018 768 1110 794 esse.
1143 756 1255 801 Quod
1280 771 1328 795 ne
1348 759 1434 807 quis
1455 758 1618 810 deneget
1637 759 1719 798 fieri

167 814 355 863 potuisse,
374 813 455 851 late
474 814 586 862 patet
605 813 678 852 hoc
692 826 813 864 genus
833 815 1139 863 compositorum
1152 816 1416 866 similiumque
1431 818 1720 866 vocabulorum,

167 884 266 922 quae
286 873 398 910 varia
413 874 428 910 z·
442 872 598 910 litterae
617 874 761 910 natura
779 873 963 921 prohibet
982 874 1114 912 omnia
1133 874 1182 912 ad
1201 888 1321 912 unam
1341 888 1516 914 normam
1536 879 1719 915 revocari.

170 930 246 969 Sed
278 932 378 969 esto:
409 944 535 981 neque
567 931 670 969 enim
701 932 803 970 hanc
834 933 1104 982 quaestionem
1135 933 1207 971 hoc
1238 934 1322 972 loco
1349 935 1526 973 evolvere
1551 947 1719 984 possum.

171 990 275 1036 Quos
306 1002 396 1029 vero
424 989 573 1029 Gellius
599 991 743 1029 subicis
774 993 1075 1040 pronuntiantes
1107 992 1270 1041 audivit,
1299 992 1456 1032 difficile
1487 993 1723 1032 diiudicatur

169 1062 326 1087 merone
351 1049 637 1099 pronuntiandi
661 1062 790 1088 errore
815 1051 856 1087 in
881 1050 990 1089 brevi
1015 1051 1168 1100 syllaba
1193 1052 1254 1089 usi
1279 1052 1368 1100 sint,
1394 1064 1443 1089 an
1468 1053 1568 1091 forte
1594 1066 1720 1091 errore

168 1121 339 1147 errorem
357 1109 535 1157 pariente
554 1109 695 1147 sabici’
714 1109 869 1148 umidas
888 1109 1102 1158 recitarint,
1123 1110 1227 1159 quod
1246 1123 1366 1160 genus
1387 1111 1427 1148 in
1440 1111 1558 1161 longa
1571 1111 1722 1160 syllaba

169 1168 264 1206 olim
285 1167 519 1216 quibusdam
538 1181 617 1206 non
637 1167 882 1217 displicuisse
903 1167 1060 1207 Servius
1085 1170 1197 1207 testis
1218 1171 1277 1207 est
1295 1170 1335 1206 in
1355 1168 1451 1207 Aen.
1471 1181 1528 1207 xn
1545 1171 1635 1208 709.
1663 1170 1720 1208 De

167 1238 244 1275 quo
269 1237 359 1274 usn,
391 1228 459 1275 qui
490 1239 538 1264 ne
567 1227 615 1265 ab
642 1227 771 1265 Ennio
798 1227 955 1276 quidem
980 1227 1130 1265 alienus
1157 1229 1258 1277 erat,
1290 1228 1353 1265 Fr.
1374 1227 1452 1266 Leo
1479 1228 1654 1277 disputat
1678 1230 1718 1266 in

169 1285 462 1334 quaestionibus
487 1285 685 1323 Plautinis
711 1299 747 1335 p.
770 1287 854 1324 298
865 1299 920 1336 sq.

283 1344 443 1382 Festum
468 1345 726 1384 tractavimus
751 1345 787 1383 h.
809 1358 839 1384 e.
868 1358 966 1394 quae
992 1346 1135 1383 certius
1162 1345 1210 1383 ad
1230 1345 1412 1383 Verrium
1430 1345 1613 1383 Flaccum
1633 1358 1719 1383 con-

166 1403 334 1442 ditorem
360 1403 487 1453 operis
513 1405 657 1442 referre
683 1404 813 1453 liceat,
845 1418 960 1454 quem
986 1404 1154 1442 vidimus
1182 1406 1329 1453 quanto
1356 1417 1470 1454 opere
1496 1417 1519 1442 a
1545 1404 1720 1442 Varrone

167 1464 237 1500 aut
269 1475 292 1500 a
325 1461 508 1501 Cicerone
540 1475 619 1501 11011
652 1463 777 1501 50111111
809 1465 922 1512 copia
953 1465 1197 1502 servatorum
1229 1463 1294 1501 sed
1325 1464 1446 1501 etiam
1470 1465 1555 1501 toto
1582 1476 1719 1514 genere

166 1521 315 1560 citandi
341 1522 516 1561 distaret.
545 1521 652 1567 Quae
677 1535 769 1561 vero
789 1522 937 1561 Paulus
957 1522 1155 1561 Diaconus
1183 1535 1227 1560 ex
1253 1522 1368 1560 Festo
1397 1523 1598 1571 excerpsit,
1624 1534 1717 1560 non-

165 1593 381 1630 numquam
412 1581 454 1619 in
484 1581 762 1632 recuperandis
793 1582 841 1621 115
875 1594 975 1631 quae
1005 1583 1047 1619 in
1077 1580 1206 1620 codice
1232 1581 1339 1620 Festi
1365 1580 1521 1632 gravius
1547 1581 1720 1619 lacerata

168 1641 238 1678 aut
262 1642 448 1679 truncata
474 1642 565 1678 sunt
589 1653 782 1690 perquam
806 1641 923 1679 utilia
948 1641 1119 1689 fuerunt,
1150 1640 1218 1678 sed
1243 1652 1484 1689 quamquam
1509 1639 1719 1678 nonnullos

164 1711 298 1738 versus
318 1699 439 1737 Ennii
464 1700 569 1739 solus
589 1701 763 1739 servavit
783 1695 912 1753 (velut
930 1713 966 1749 p.
990 1700 1087 1748 559,
1104 1699 1146 1748 73
1167 1700 1262 1748 561,
1280 1693 1366 1751 25),
1391 1700 1523 1736 tamen
1542 1699 1720 1736 universe

166 1757 360 1796 iudicanti
390 1771 468 1796 non
494 1760 642 1808 poterit
666 1771 745 1797 non
769 1760 938 1797 maxime
964 1758 1142 1798 socordia
1167 1758 1352 1796 excellere
1377 1757 1519 1796 videri:
1551 1757 1618 1806 qui
1642 1757 1719 1795 En-

164 1817 274 1855 nium
300 1817 456 1867 quidem
478 1830 605 1867 saepe,
624 1831 820 1867 nusquam
838 1817 1067 1868 tragoediae
1085 1817 1248 1856 titulum
1268 1818 1337 1855 aut
1355 1817 1559 1854 annalium
1577 1816 1719 1854 librum

164 1875 312 1925 laudat,
339 1878 378 1915 et
402 1878 444 1914 in
468 1877 517 1915 ijs
538 1890 638 1926 quae
658 1878 770 1915 iuxta
789 1877 950 1915 Festum
968 1877 1154 1927 leguntur
1172 1889 1220 1914 ne
1240 1887 1373 1914 versus
1394 1875 1551 1924 quidem
1570 1888 1720 1924 semper

165 1936 236 1973 aut
259 1948 338 1973 non
363 1936 500 1985 plenos
526 1936 676 1984 attulit,
701 1936 742 1973 in
767 1937 816 1976 iis
835 1948 940 1985 vero,
961 1948 1060 1985 quae
1079 1935 1194 1974 hodie
1215 1948 1239 1973 a
1258 1935 1341 1973 solo
1361 1934 1476 1972 Pauli
1494 1933 1719 1972 testimonio

162 1993 351 2043 pendent,
383 1996 591 2044 praecipue
622 1996 664 2032 in
695 1996 824 2044 prima
855 1996 984 2044 operis
1014 1996 1129 2044 parte
1161 1988 1229 2046 (ab
1260 1993 1297 2031 A
1328 1992 1376 2030 ad
1402 1990 1473 2043 Μ),
1504 1993 1719 2042 permultas

165 2053 315 2103 glossas
336 2066 425 2091 cum
445 2053 705 2103 explicatione
724 2054 854 2103 habet,
875 2065 973 2102 quas
993 2053 1131 2092 alienis
1147 2052 1302 2090 indiciis
1316 2053 1470 2090 constat
1484 2051 1533 2088 ad
1548 2051 1719 2088 Ennium

164 2112 304 2160 redire,
329 2113 413 2161 ipse
438 2114 579 2162 poetae
604 2125 675 2150 nec
702 2112 832 2150 volam
857 2125 927 2150 nec
952 2113 1164 2162 vestigium
1191 2110 1355 2149 exhibet.

281 2171 422 2210 Restat
446 2172 494 2208 ut
517 2170 733 2209 indicemus
760 2182 861 2219 quae
886 2171 1042 2219 praeter
1067 2170 1226 2208 annales
1246 2170 1285 2207 et
1309 2167 1531 2218 tragoedias
1557 2167 1604 2205 de
1630 2167 1719 2205 aliis

168 2230 325 2279 scriptis
352 2230 471 2266 Ennii
502 2230 543 2266 in
569 2229 678 2268 Festi
709 2230 900 2278 excerptis
931 2230 1211 2267 memorantur.
1242 2227 1289 2264 In
1317 2228 1366 2265 iis
1393 2239 1491 2275 quae
1517 2239 1553 2275 p.
1576 2227 1671 2274 540,
1693 2227 1718 2263 4

162 2290 253 2338 post
284 2290 452 2326 citatum
483 2288 610 2326 Ennii
633 2289 657 2326 l.
684 2300 741 2326 VII
767 2288 956 2338 leguntur
981 2290 1014 2326 et
1043 2288 1086 2325 in
1115 2289 1253 2325 nasota
1285 2282 1403 2324 ‘alius
1433 2287 1476 2324 in
1506 2286 1609 2323 mari
1639 2285 1721 2322 vult

162 2359 302 2396 maqno
329 2350 452 2386 tencre
477 2343 641 2385 tonsam’
669 2345 767 2396 [Sot.
789 2345 850 2396 111]
883 2347 1130 2397 agnoscimus
1156 2346 1237 2383 iam
1262 2357 1285 2383 a
1310 2344 1486 2382 Varrone
1511 2343 1716 2381 laudatum

162 2406 295 2445 Sotam
319 2406 452 2455 Ennii,
481 2407 544 2444 cui
569 2407 735 2444 carmini
759 2406 977 2445 sententiae
1003 2405 1185 2455 cognatio
1213 2404 1351 2443 suadet
1375 2405 1420 2441 ut
1445 2402 1718 2440 adscribantur

165 2478 265 2515 quae
290 2465 430 2504 Festus
455 2479 493 2515 p.
516 2466 612 2514 538,
630 2467 679 2503 11
710 2466 749 2503 et
767 2465 914 2502 Paulus
937 2465 1033 2512 539,
1049 2465 1072 2501 6
1101 2463 1268 2501 afferunt
1286 2462 1406 2500 Ennii
1427 2458 1513 2500 ‘aliz‘
1532 2462 1718 2499 rhetorica

163 2520 335 2573 tonqent'
363 2522 449 2573 [1v].
484 2523 590 2569 Quae
617 2537 709 2562 vero
735 2524 883 2562 Paulus
902 2537 938 2572 p.
961 2524 1028 2572 41,
1044 2523 1096 2560 25
1125 2521 1261 2561 scribit
1286 2517 1446 2570 ‘Cyprio
1472 2521 1556 2558 bow·
1575 2530 1717 2557 meren-

163 2579 270 2621 dam’
299 2584 458 2622 Ennius
476 2582 654 2622 Sotadico
678 2595 791 2621 versu
817 2595 903 2621 cum
927 2582 1026 2620 dixit
1049 2582 1284 2630 siqnificavit
1308 2592 1374 2629 eqs
1396 2578 1510 2629 [Sota
1529 2576 1593 2627 n]3
1619 2578 1718 2615 idem

137 2650 141 2654 ’
163 2654 249 2680 cum
286 2642 379 2680 dicit
409 2638 578 2690 ‘propter
608 2645 746 2690 stayna
777 2642 844 2680 ubi
875 2642 1092 2689 Zaniyerum
1119 2651 1240 2689 genus
1264 2640 1438 2687 piscibus
1462 2631 1610 2685 pascit’
1642 2646 1718 2673 esse

157 2701 346 2749 paludem
366 2701 600 2740 demonstrat
620 2713 686 2749 eqs
705 2698 794 2749 [sat.
810 2701 883 2738 inc.
897 2698 984 2750 v11],
1004 2712 1138 2738 eorum
1156 2700 1284 2748 prima
1304 2698 1484 2736 notatum
1503 2696 1716 2732 metrorum

164 2772 285 2810 genus
310 2760 408 2798 item
434 2760 484 2797 ad
511 2759 648 2800 Sotam
672 2759 810 2797 referri
828 2758 949 2807 iubet,
975 2759 1142 2797 alterum
1161 2769 1317 2796 versum
1337 2756 1479 2794 saturis
1499 2751 1716 2791 adscriben-

164 2817 258 2856 dum
284 2819 388 2867 duxi,
418 2819 520 2857 hunc
546 2820 585 2856 et
612 2831 710 2867 quae
735 2819 922 2869 leguntur
946 2831 982 2867 p.
1005 2818 1100 2866 444,
1117 2818 1140 2855 3
1168 2817 1325 2854 Eamus
1350 2811 1499 2852 ‘subulo
1524 2810 1717 2859 quondam

165 2878 341 2916 marinas
365 2880 526 2926 propter
558 2878 710 2916 astabat
732 2873 890 2926 playas’
925 2875 1014 2926 [sat.
1041 2877 1114 2914 inc.
1134 2873 1210 2925 v1],
1242 2876 1281 2912 et
1305 2887 1341 2923 p.
1363 2871 1525 2919 490,11
1559 2869 1716 2908 Ennius

1707 3042 1712 3067 l
