2004 3278
280 190 405 227 CLXII
794 188 837 223 ΙΙ.
863 187 927 222 DE
947 187 1101 222 LIBRIS
1120 186 1353 222 ENNIANIS

282 304 342 353 git
366 298 553 353 ἐγγυτέρω
577 295 798 354 προσῄεσαν
825 296 968 351 ἀθρόοι
993 297 1253 350 δεδιττόμενοι
1280 298 1356 354 βοῇ
1381 296 1423 337 τὸ
1448 298 1606 351 θηρίον.
1637 296 1663 350 ἡ
1697 297 1739 338 δὲ
1769 299 1836 339 λύ-

277 376 393 399 καινα
419 359 466 399 οὐ
492 358 592 410 μάλα
617 356 874 410 ἀγριαίνουσα
899 363 975 396 τῶν
1001 355 1229 410 ἀνθρώπων
1255 364 1300 412 τῇ
1325 357 1522 414 προσόδῳ,
1551 353 1630 397 ἀλλ’
1659 356 1838 411 ὡσπερὰν

277 417 488 470 χειροήθης
513 415 712 457 ἀποστᾶσα
737 422 814 456 τῶν
839 418 1000 470 βρεφῶν
1025 415 1150 469 ἠρέμα
1172 416 1238 456 καὶ
1270 414 1370 456 κατὰ
1400 416 1548 468 πολλὴν
1579 416 1740 470 ἀλογίαν
1767 423 1837 457 τοῦ

277 482 509 528 ποιμενικοῦ
537 475 672 527 ὁμίλου
698 471 827 532 ἀπῄει.
852 475 918 515 καὶ
942 470 993 528 ἦν
1017 476 1090 529 γάρ
1115 491 1173 523 τις
1198 475 1245 515 οὐ
1273 475 1373 516 πολὺ
1393 474 1544 528 ἀπέχων
1563 475 1716 516 ἐκεῖθεν
1736 475 1838 530 ἱερὸς
1904 517 1907 519 ,

276 542 399 588 χῶρος
419 566 427 574 .
447 566 456 574 .
479 568 485 574 .
506 535 561 582 εἰς
587 541 699 575 τοῦτο
725 534 767 575 τὸ
793 535 935 588 χωρίον
960 534 1133 575 ἐλθοῦσα
1158 534 1458 587 ἀποκρύπτεται,
1484 548 1531 575 ea
1554 536 1740 575 videntur
1758 549 1838 575 non

275 596 392 646 plane
406 608 496 634 cum
513 595 705 634 Ennianis
717 589 853 649 (XLIII)
866 595 1089 645 conspirare
1103 608 1173 634 nec
1186 597 1319 634 tamen
1332 596 1488 647 longius
1502 595 1552 633 ab
1565 595 1615 634 iis
1628 595 1836 634 discedere.

394 655 514 693 Pueri
545 667 568 693 a
598 655 790 693 Faustulo
821 655 970 704 recepti
1001 654 1221 693 educantur
1251 655 1356 693 inter
1386 657 1582 704 pastores:
1621 656 1838 694 certamina

275 715 508 753 instituunt:
541 714 615 752 hoc
647 715 752 752 enim
782 713 982 752 indicatur
1006 714 1053 752 fr.
1073 727 1169 753 XLIV
1194 714 1280 752 coll.
1309 713 1451 753 Ovidio
1482 715 1572 752 fast.
1592 727 1624 752 11
1650 715 1733 753 365
1760 715 1838 753 Ro-

274 775 405 812 mulus
430 777 464 812 et
486 775 611 822 frater
627 774 915 821 pastoralisque
939 775 1117 812 iuventus
1141 774 1285 812 solibus
1311 776 1346 812 et
1375 785 1509 822 eampo
1540 785 1702 822 corpora
1728 774 1838 812 nuda

275 833 431 871 dabant.
457 833 645 871 caestibus
670 835 705 871 et
727 833 868 871 iaculis
893 835 927 871 et
956 834 1073 871 misso
1098 833 1270 881 pondere
1299 835 1388 871 saxi
1419 834 1599 872 bracchia
1622 845 1698 881 per
1728 833 1838 872 lusus

276 892 506 940 experienda
519 892 675 930 dabant.
695 891 885 930 Latrones
898 892 1046 940 praeda
1061 893 1220 930 onustos
1235 892 1522 943 aggrediuntur
1535 887 1664 946 (xnv).
1678 892 1839 931 Utrum-

277 964 351 1000 que
379 951 425 989 de
451 963 658 1001 corporum
684 951 899 989 certatione
926 955 965 989 et
990 951 1036 989 de
1062 951 1261 989 latronum
1289 951 1577 990 incursionibus
1602 951 1838 990 Plutarchus

274 1010 385 1048 Rom.
407 1011 445 1059 6,
467 1011 490 1048 3
517 1012 710 1049 memorat
735 1007 829 1048 ἀλλὰ
854 1010 1051 1062 γυμνάσια
1075 1009 1142 1049 καὶ
1166 1009 1297 1062 θήρας
1322 1009 1388 1049 καὶ
1407 1009 1577 1063 δρόμους
1595 1009 1661 1049 καὶ
1680 1009 1721 1049 τὸ
1742 1013 1834 1066 λῃσ-

274 1068 343 1116 τὰς
374 1067 604 1119 ἀμύνασθαι
635 1068 700 1108 καὶ
730 1071 888 1116 κλῶπας
918 1067 1031 1120 ἑλεῖν,
1062 1070 1110 1108 de
1141 1069 1363 1108 latronibus
1389 1070 1510 1109 etiam
1534 1069 1673 1109 Livius
1698 1083 1712 1108 1
1739 1071 1778 1118 4,
1800 1071 1836 1108 9.

276 1129 313 1178 5,
336 1129 374 1177 3,
406 1128 574 1178 denique
598 1122 703 1166 idem
730 1126 894 1167 Ovidius
921 1130 992 1178 qui
1017 1141 1137 1178 supra
1162 1129 1295 1168 allatis
1321 1129 1434 1167 addit
1450 1132 1590 1177 pastor
1615 1130 1664 1168 ab
1696 1130 1837 1168 excelso

276 1185 359 1236 ‘per
389 1188 502 1226 devia
532 1200 630 1226 rura
660 1189 839 1226 iuvencos
866 1188 1031 1226 Romule
1059 1189 1280 1235 praedones
1314 1191 1348 1226 et
1377 1186 1509 1227 Reme'
1545 1188 1644 1227 dixit
1675 1184 1837 1237 ‘ayunt’
1893 1219 1897 1222 .

274 1247 430 1296 longum
455 1250 538 1285 erat
562 1248 725 1292 armari,
751 1247 913 1285 diversis
939 1249 1015 1285 exit
1037 1250 1194 1296 uterque
1211 1248 1406 1296 partibus.
1432 1259 1592 1287 occursu
1604 1248 1761 1296 praeda
1779 1259 1837 1286 re-

274 1309 381 1354 cepta
394 1306 518 1345 Remi.
541 1305 596 1344 Cf.
616 1306 709 1343 ibid.
724 1318 771 1343 m
787 1306 841 1343 63
863 1308 902 1344 et
922 1306 1082 1345 Servius
1102 1307 1202 1345 Dan.
1226 1306 1276 1345 ad
1291 1307 1388 1345 Aen.
1403 1319 1477 1347 VIII
1492 1308 1575 1345 343
1590 1320 1627 1356 p.
1642 1307 1726 1346 250
1735 1307 1836 1344 Thil.

273 1365 333 1403 De
359 1365 449 1404 aliis
475 1365 754 1404 certaminibus
781 1364 995 1415 Dionysius
1021 1365 1148 1404 Halic.
1168 1379 1184 1404 1
1206 1367 1272 1416 79,
1295 1368 1360 1404 12.

393 1424 560 1474 Capitur
591 1424 736 1463 Remus
769 1436 814 1462 ac
846 1424 1054 1463 deducitur
1085 1425 1135 1463 ad
1166 1425 1381 1475 Amulium,
1420 1438 1537 1475 quem
1567 1426 1758 1464 Romulus
1790 1425 1837 1463 de

275 1483 426 1535 origine
453 1495 524 1522 sua
550 1483 598 1521 ab
624 1484 815 1522 Faustulo
842 1484 1000 1522 edoctus
1027 1485 1227 1534 appellare
1252 1485 1382 1523 verbis
1406 1484 1482 1523 Ast
1504 1486 1566 1524 hie
1597 1497 1707 1534 quem
1734 1497 1838 1523 nuuc

274 1546 316 1581 tu
340 1546 422 1581 tam
446 1545 602 1581 torviter
626 1544 854 1591 increpuisti
874 1537 1006 1596 (var)
1033 1544 1215 1582 videatur
1241 1543 1346 1593 quod
1371 1557 1514 1593 parum
1534 1544 1744 1583 clementer
1762 1544 1837 1582 Re-

273 1615 382 1640 mum
408 1615 526 1651 quem
545 1602 747 1653 ignoraret
765 1604 986 1641 tractasset.
1014 1602 1091 1641 Sed
1108 1603 1200 1641 huic
1223 1603 1441 1641 narrationi
1462 1616 1563 1653 quae
1584 1606 1643 1642 est
1662 1604 1837 1655 vulgaris

274 1663 314 1699 et
338 1674 362 1699 a
387 1661 523 1699 multis
548 1661 699 1699 tradita
723 1673 859 1700 versus
884 1661 953 1699 ille
979 1662 1047 1711 qui
1067 1674 1159 1701 sane
1180 1675 1226 1700 ex
1248 1664 1375 1711 primo
1395 1662 1496 1700 libro
1516 1676 1595 1701 non
1614 1676 1661 1701 ex
1680 1663 1759 1702 alio
1779 1663 1838 1701 est

274 1720 420 1759 allatus
445 1723 600 1759 rectene
625 1721 702 1758 isto
729 1721 845 1759 modo
872 1720 1119 1770 adhibeatur,
1145 1721 1234 1771 quis
1253 1722 1326 1760 hoc
1346 1723 1492 1760 certius
1512 1721 1709 1760 affirmare
1728 1722 1837 1769 velit.

391 1780 449 1818 Eo
476 1780 562 1818 loco
589 1793 666 1829 quo
693 1781 863 1830 expositi
895 1782 934 1818 et
966 1780 1123 1819 educati
1155 1782 1268 1819 erant
1298 1780 1434 1819 urbem
1466 1783 1665 1820 exstruere
1694 1782 1836 1820 fratres

274 1839 531 1887 constituunt,
556 1839 599 1877 id
624 1839 729 1888 quod
753 1839 839 1878 fieri
857 1852 936 1878 non
955 1842 1113 1889 poterat
1131 1841 1210 1878 nisi
1229 1842 1387 1889 captato
1408 1842 1498 1878 ante
1519 1841 1698 1893 augurio.
1726 1840 1838 1885 Quod

275 1898 469 1947 quomodo
488 1900 736 1936 instituerint
756 1900 796 1937 et
815 1912 931 1948 quem
951 1901 1134 1938 eventum
1153 1899 1338 1938 habuerit
1355 1900 1452 1937 haec
1472 1900 1704 1949 auspicandi
1718 1913 1838 1950 opera

274 1958 485 1996 luculentis
504 1958 680 1997 versibus
701 1958 852 1997 Ennius
873 1958 999 1997 edidit
1018 1953 1062 2011 (7
1071 1953 1243 2011 7—96).
1270 1959 1329 1996 De
1350 1959 1492 2008 quibus
1511 1960 1638 1997 multa
1658 1972 1681 1996 a
1700 1960 1837 1998 multis

274 2017 478 2066 disputata
503 2019 608 2067 sunt,
633 2017 845 2067 praecipue
872 2031 895 2056 a
919 2017 1161 2056 Mommseno
1188 2014 1340 2070 (Herm.
1361 2031 1431 2057 xvi
1453 2019 1562 2056 1881
1588 2032 1625 2068 p.
1651 2019 1702 2056 13
1719 2013 1837 2071 sqq.),

275 2089 518 2126 quamquam
531 2078 565 2115 is
579 2089 657 2115 non
670 2078 753 2114 tam
764 2077 885 2115 Ennii
898 2089 1033 2115 versus
1046 2078 1302 2126 interpretari
1315 2077 1443 2116 voluit
1454 2090 1573 2126 quarn
1585 2078 1665 2115 alia
1676 2090 1765 2115 cum
1774 2077 1837 2115 his

268 2135 388 2179 ⁴rebus
408 2137 619 2175 coniuncta
637 2138 864 2186 persecutus
885 2138 954 2175 est.
975 2136 1121 2175 Versus
1142 2138 1259 2185 ipsos,
1279 2138 1321 2174 in
1335 2137 1478 2186 quibus
1494 2139 1586 2174 sunt
1600 2149 1701 2186 quae
1715 2149 1836 2186 prave

275 2196 521 2244 accipiantur
541 2197 579 2234 et
592 2208 713 2245 prave
732 2197 980 2245 temptentur
999 2208 1022 2234 a
1041 2197 1201 2245 nuperis
1216 2196 1443 2245 editoribus,
1463 2196 1687 2234 accuratius
1704 2196 1836 2245 expla-

274 2266 367 2292 nare
388 2257 550 2293 conatus
571 2268 657 2293 sum
673 2255 715 2293 in
734 2255 1063 2294 commentatione
1086 2248 1187 2294 Uber
1200 2256 1273 2294 das
1285 2255 1838 2304 Stadtyrundunysauqurium

276 2313 333 2351 bei
346 2313 505 2351 Ermius
525 2308 656 2367 (relat.
671 2314 779 2353 acad.
797 2315 910 2353 1894
923 2328 961 2364 p.
979 2315 1090 2352 1143
1101 2309 1222 2367 sqq.):
1244 2327 1288 2352 ex
1309 2327 1388 2363 qua
1407 2327 1510 2353 nunc
1523 2327 1649 2364 pauca
1664 2315 1835 2352 afferam.

274 2371 333 2410 Ac
358 2372 529 2422 primum
554 2373 698 2413 Remus
724 2373 793 2412 ubi
818 2374 1048 2423 auspicatus
1074 2374 1137 2423 sit,
1166 2373 1363 2412 Ciceronis
1389 2373 1507 2423 culpa
1529 2386 1607 2412 non
1626 2373 1835 2411 indicatur.

274 2431 334 2469 De
361 2443 439 2481 qua
462 2445 504 2470 re
531 2445 630 2481 quae
656 2432 751 2471 olim
776 2434 917 2482 scripsi
942 2429 1026 2471 ‘sed
1050 2432 1194 2470 Remus
1219 2433 1261 2469 in
1288 2445 1404 2482 quem
1429 2434 1604 2470 montem
1623 2433 1836 2483 augurium

276 2492 436 2540 captum
460 2492 564 2540 ierit,
589 2505 667 2530 non
693 2492 838 2530 dicitur
862 2493 904 2530 in
929 2492 1010 2530 illis
1036 2492 1230 2530 versibus:
1263 2493 1302 2529 et
1326 2493 1460 2530 tamen
1490 2504 1634 2530 nexum
1659 2492 1695 2529 si
1723 2503 1835 2529 accu-

274 2552 360 2588 rate
386 2550 650 2599 perpenderis,
674 2551 716 2589 id
734 2552 944 2589 memorari
964 2553 1055 2589 ante
1074 2565 1110 2589 v.
1132 2551 1185 2589 82
1210 2545 1305 2604 (79)
1326 2550 1504 2589 debuisse
1527 2550 1724 2589 concedes.
1751 2549 1836 2596 Quo

275 2621 364 2647 cum
385 2609 586 2648 accederet
604 2611 705 2648 mira
725 2610 919 2659 quaedam
937 2610 979 2647 in
998 2611 1072 2648 hoc
1090 2622 1206 2649 versu
1224 2609 1369 2648 codicis
1395 2611 1602 2660 scriptura,
1628 2609 1675 2648 de
1693 2610 1836 2648 lacuna

276 2669 452 2719 cogitavi
475 2670 593 2708 unius
619 2669 760 2707 saltem
784 2669 848 2708 vel
873 2669 1039 2707 duorum
1063 2681 1257 2719 versuum,
1285 2680 1383 2718 quos
1407 2671 1543 2707 utrum
1571 2668 1704 2707 Cicero
1739 2669 1836 2707 omi-

276 2727 372 2765 serit
390 2728 569 2766 consulto
590 2740 641 2766 an
654 2729 845 2778 perierint
857 2728 1110 2767 librariorum
1122 2729 1276 2767 incuria
1288 2741 1367 2767 non
1381 2724 1552 2777 dirimo',
1566 2730 1670 2766 recte
1685 2729 1836 2777 scripsi,

275 2799 401 2836 neque
426 2787 468 2824 in
494 2800 540 2825 ea
564 2800 607 2826 re
632 2787 814 2826 aberravi
838 2787 956 2837 quod,
983 2800 1072 2826 cum
1090 2788 1304 2826 Romulum
1321 2788 1364 2824 in
1385 2787 1585 2826 Aventino
1609 2789 1742 2825 monte
1768 2798 1834 2824 au-

277 2846 390 2896 gurio
416 2858 456 2884 se
482 2846 634 2885 dedisse
660 2846 811 2885 Ennius
837 2848 972 2897 aperte
998 2847 1116 2895 dicat,
1145 2847 1210 2885 cui
1234 2845 1385 2885 accedit
1410 2845 1539 2884 Servii
1563 2846 1836 2884 testimonium

276 2904 318 2942 in
343 2905 439 2943 Aen.
459 2918 506 2943 m
526 2907 579 2944 46
607 2906 798 2945 Romulus
823 2908 973 2955 captato
999 2908 1165 2955 auqurio
1186 2907 1338 2945 hastam
1363 2905 1409 2944 de
1427 2904 1619 2944 Aventino
1643 2907 1768 2944 moute
1792 2906 1836 2943 iu
