2054 3282
312 217 399 259 210
829 205 1127 243 SATURARUM
1152 205 1239 240 LIB.
1259 203 1350 239 INC.

1062 323 1113 358 ΠΙ

311 393 366 435 59
398 390 507 434 Nam
534 389 607 444 qui
632 388 771 442 lepide
796 385 987 441 postulat
1011 385 1192 426 alterum
1224 383 1425 425 frustrari

397 461 529 511 Quem
554 460 783 501 frustratur
808 458 967 498 frustra
992 470 1088 497 eum
1114 454 1221 496 dicit
1245 454 1406 495 frustra
1431 468 1533 496 esse.

312 534 362 573 61
397 531 509 573 Nam
536 530 609 585 qui
635 543 725 570 sese
750 527 947 569 frustrari
974 540 1100 581 quem
1126 525 1286 567 frustra
1311 525 1453 579 sentit,

397 601 477 651 Qui
502 601 733 642 frustratur
759 599 794 640 is
820 599 979 639 frustra
1004 599 1079 651 est,
1106 596 1140 638 si
1166 610 1253 637 non
1279 595 1351 637 ille
1377 598 1442 638 est
1466 596 1636 638 frustra.

1062 688 1114 724 IV

310 755 365 796 63
397 753 539 795 Meum
566 766 652 794 non
677 755 752 806 est,
784 765 833 793 ac
859 751 893 793 si
920 765 987 792 me
1013 749 1130 792 canis
1156 749 1431 792 memorderit

1069 842 1103 878 V

311 908 367 949 64
396 906 642 961 Numquam
668 908 819 960 poetor
844 905 928 946 nisi
952 904 991 946 si
1015 904 1206 960 podager

1059 997 1110 1032 VI

307 1061 362 1102 65
395 1060 558 1103 Subulo
585 1059 798 1114 quondam
826 1059 1009 1100 marinas
1035 1061 1212 1113 propter
1237 1059 1403 1100 astabat
1427 1058 1587 1115 plagas.

422 1201 471 1235 111
485 1203 556 1247 (59)
584 1199 725 1235 Gellius
739 1212 829 1235 xv111
844 1203 876 1242 2,
889 1203 908 1233 7
923 1200 933 1216 ‘
944 1210 1062 1244 nuper
1075 1199 1248 1243 quaesita
1268 1210 1348 1234 esse
1366 1199 1519 1234 memini
1539 1210 1691 1234 numero
1712 1201 1866 1244 septem,

304 1266 460 1300 quorum
472 1254 594 1299 prima
610 1253 683 1287 fuit
696 1252 883 1288 enarratio
898 1253 1029 1287 horum
1042 1263 1213 1287 versuum
1228 1252 1293 1297 qui
1307 1254 1394 1287 sunt
1412 1253 1451 1287 in
1471 1253 1609 1287 saturis
1623 1253 1751 1295 Quinti
1771 1253 1868 1287 Enni

303 1319 376 1342 uno
390 1307 635 1342 multifariam
646 1306 757 1341 verbo
772 1306 1003 1341 concinniter
1015 1305 1199 1351 inplicati.
1212 1317 1369 1351 quorum
1383 1306 1593 1351 exemplum
1606 1306 1676 1354 hoc
1690 1308 1747 1341 est
1758 1317 1868 1343 «nam

306 1361 369 1405 qui
386 1389 391 1394 .
410 1389 415 1394 .
433 1389 439 1394 .
455 1362 511 1395 est
530 1360 718 1395 frustra».'

422 1413 471 1448 IV
486 1414 557 1458 (63)
591 1413 732 1448 Gellius
752 1426 788 1448 v1
809 1417 841 1457 9,
855 1418 871 1447 1
894 1412 1068 1458 ‘poposci
1093 1412 1276 1446 momordi
1295 1412 1439 1457 pupugi
1460 1412 1603 1447 cucurri
1622 1413 1870 1457 probabiliter

304 1467 378 1502 dici
397 1467 543 1502 videtur
563 1469 675 1511 atque
692 1466 746 1500 ita
764 1478 861 1501 nunc
877 1477 1003 1500 omnes
1017 1465 1132 1500 ferme
1147 1465 1331 1500 doctiores
1343 1465 1447 1500 hisce
1460 1465 1581 1500 verbis
1594 1468 1760 1501 utuntur.
1775 1466 1789 1486 ²
1803 1467 1868 1501 sed

304 1520 343 1563 Q.
359 1520 500 1554 Ennius
521 1520 559 1554 in
577 1520 713 1555 saturis
729 1520 842 1563 (suis
864 1520 948 1554 add.
964 1520 1079 1564 Rott.)
1099 1518 1340 1554 memorderit
1359 1519 1455 1553 dixit
1473 1529 1539 1564 per
1558 1530 1577 1554 e
1597 1519 1775 1564 litteram,
1794 1531 1868 1554 non

302 1573 550 1608 momorderit.
567 1584 729 1609 «meum»
744 1573 868 1617 inquit
881 1584 979 1609 «ozon
993 1574 1050 1608 est
1063 1583 1126 1607 ac.
1144 1600 1150 1606 .
1168 1572 1479 1607 .memorderit».'
1577 1572 1720 1607 Nonius
1734 1585 1769 1618 p.
1788 1576 1867 1616 140,

304 1630 348 1661 25
363 1627 562 1661 ‘memordi
574 1626 728 1671 peposci
740 1626 882 1671 pepugi
897 1626 1080 1671 spepondi
1093 1625 1132 1660 in
1146 1625 1332 1660 veteribus
1345 1625 1444 1661 lecta
1458 1627 1562 1660 sunt.
1577 1654 1582 1659 .
1597 1654 1603 1660 .
1616 1626 1757 1661 Ennius
1771 1638 1868 1663 «non

303 1682 360 1714 est
378 1684 419 1715 ut
434 1709 439 1714 .
458 1708 463 1713 .
481 1709 486 1714 .
502 1679 795 1715 memorderit».'

421 1733 453 1767 V
466 1734 539 1779 (64)
570 1733 784 1767 Priscianus
798 1746 863 1767 V111
876 1745 911 1777 p.
927 1736 1007 1775 434,
1023 1736 1043 1767 8
1058 1731 1103 1766 H.
1121 1732 1409 1777 ‘grammaticus
1429 1734 1468 1767 et
1485 1732 1731 1778 philosophus
1753 1735 1790 1768 et
1810 1744 1868 1767 ara

304 1786 484 1821 chitectus
499 1788 536 1820 et
550 1786 719 1831 sophista
733 1788 771 1821 et
782 1788 895 1831 poeta
909 1785 1052 1820 Graeca
1071 1787 1174 1828 sunt3
1195 1785 1324 1830 itaque
1338 1796 1381 1820 ex
1395 1786 1608 1820 nominibus
1622 1786 1714 1831 ipsis
1727 1786 1869 1821 habent

304 1839 415 1874 verba
434 1839 534 1884 apud
548 1839 719 1882 Graecos
739 1840 838 1874 unde
859 1850 925 1873 nos
945 1850 1092 1883 quoque
1106 1839 1350 1883 philosophor
1363 1839 1587 1874 architector
1599 1842 1732 1884 poetor
1743 1840 1782 1874 in
1798 1851 1868 1874 usu

302 1893 509 1927 habuimus.
531 1892 672 1927 Ennius
693 1903 918 1937 «numquam
939 1904 974 1937 p.
992 1893 1069 1927 nisi
1080 1892 1296 1938 podager»)
1317 1891 1368 1926 Cf.
1387 1892 1487 1926 idem
1507 1905 1596 1927 xv111
1616 1905 1651 1937 p.
1668 1896 1747 1937 272,
1763 1897 1804 1927 ‘21
1822 1893 1865 1927 H.

420 1946 478 1980 Ad
499 1948 644 1980 saturas
664 1945 792 1980 rettuli
813 1945 902 1980 olim
922 1957 1006 1980 cum
1023 1945 1158 1990 Hugio.
1524 1982 1527 1985 Α

421 1999 471 2033 VI
485 2001 556 2044 (65)
583 1999 700 2034 Varro
716 1999 762 2034 de
775 1999 798 2033 1.
811 1999 848 2033 L.
864 2011 915 2034 vn
930 2002 974 2033 35
991 1999 1114 2043 ‘apud
1127 1998 1288 2034 Ennium
1303 2001 1396 2045 (eni
1412 1999 1504 2033 Flor.
1519 2010 1608 2034 corr.
1618 1999 1768 2046 Laetus)
1784 2012 1867 2037 «su-

424 2171 594 2208 59-—62
615 2171 789 2209 Exleibui
815 2172 999 2210 traditam
1024 2171 1134 2210 libris
1155 2172 1323 2219 sormam
1470 2172 1519 2209 61
1545 2183 1585 2209 se
1605 2171 1696 2209 olim
1715 2173 1867 2219 scripsi,

305 2240 374 2267 nec
390 2241 495 2267 mum
514 2230 650 2268 abiicio
769 2231 874 2268 Nam
887 2231 921 2269 si
938 2243 978 2269 se
998 2231 1192 2269 Usenerus
1299 2231 1448 2268 frustra
1467 2232 1589 2268 sentit
1601 2230 1679 2268 Pet.
1699 2231 1866 2269 frustras

306 2289 428 2326 sentit
444 2300 545 2335 pars
570 2290 815 2336 reliquorum,
834 2301 936 2337 pars
962 2290 1085 2328 altera
1110 2291 1367 2328 frustrassent
1389 2290 1451 2335 id,·
1472 2290 1576 2327 unde
1594 2290 1762 2328 frustras
1780 2291 1816 2329 le.
1837 2302 1865 2329 e.

305 2348 500 2385 frustrans
517 2349 733 2395 probabam
742 2363 755 2394 ,·
780 2362 897 2398 quem
922 2349 1089 2387 frustrat
1114 2350 1235 2387 sentit
1260 2349 1454 2387 Usenmm
1600 2349 1652 2386 62
1674 2349 1867 2387 Putabam

305 2407 396 2444 olim
416 2405 491 2450 Qui
511 2407 723 2445 frustratur
742 2408 940 2457 frustrast,
960 2409 992 2446 si
1011 2409 1079 2446 ille
1097 2421 1176 2446 non
1198 2410 1257 2446 est
1275 2408 1422 2446 frustra
1433 2422 1447 2453 ,·
1473 2408 1666 2446 Usenerus
1679 2407 1754 2452 Qui
1766 2407 1867 2446 frus-

304 2467 389 2503 trat
409 2466 443 2503 is
461 2465 657 2515 frustrast,
677 2467 744 2504 ille
764 2480 842 2505 non
863 2470 922 2506 est
943 2467 1092 2505 frustra
1203 2466 1378 2505 Ceterum
1398 2467 1444 2514 cf.
1464 2467 1597 2505 Plauti
1616 2466 1759 2505 Bacch.
1781 2464 1864 2514 548

306 2527 425 2573 atque
450 2526 465 2562 i
491 2536 531 2562 se
551 2536 638 2562 cum
663 2526 869 2575 frustrant,
893 2527 1078 2564 frustrari
1107 2526 1204 2564 alios
1234 2526 1370 2564 stolidi
1398 2526 1626 2564 existimant
1635 2539 1650 2571 ,·
1672 2525 1815 2564 Livius
1836 2537 1867 2563 Π

308 2593 374 2632 31,
385 2594 409 2631 9
423 2596 549 2633 neque
568 2583 788 2623 frustrabor
806 2586 913 2623 ultra
932 2585 1034 2624 cives
1053 2597 1160 2623 meos
1181 2597 1307 2634 neque
1326 2586 1410 2635 ipse
1426 2585 1574 2623 frustra
1591 2584 1763 2623 dictator
1779 2597 1868 2631 ero;

305 2643 539 2680 Philemonis
559 2637 698 2695 (Mein.
716 2656 757 2682 rv
768 2655 810 2691 p.
828 2654 866 2692 9,
886 2645 1004 2683 Kock.
1018 2656 1048 2681 11
1059 2656 1103 2692 p.
1119 2638 1223 2696 484)
1245 2641 1265 2682 ὅ
1285 2643 1477 2696 λοιδορῶν
1491 2642 1589 2695 γάρ,
1613 2640 1664 2682 ἂν
1691 2640 1711 2681 ὁ
1737 2643 1866 2682 λοιδο-

306 2701 498 2753 ρούμενος
523 2699 577 2752 μὴ
603 2708 882 2753 προσποιῆται,
906 2702 1139 2755 λοιδορεῖται
1162 2702 1353 2754 λοιδορῶν
1504 2703 1557 2740 63
1588 2702 1645 2749 Cf.
1667 2714 1758 2740 anre.
1782 2700 1863 2749 528

306 2760 501 2799 tantidem
521 2761 634 2810 quasi
654 2761 735 2798 feta
754 2773 869 2800 canes
883 2763 966 2800 sine
979 2762 1161 2800 dentibus
1174 2762 1306 2799 latrat.
1323 2762 1513 2799 Horatius
1533 2772 1560 2798 c.
1576 2773 1622 2797 111
1639 2769 1704 2809 29,
1719 2769 1769 2808 57
1786 2773 1865 2799 non

308 2821 366 2857 est
384 2832 526 2869 meum,
542 2819 575 2858 si
588 2820 743 2869 mugiat
755 2820 900 2859 Africis
912 2821 1040 2859 malus
1057 2821 1251 2871 procellis,
1264 2820 1314 2858 ad
1328 2821 1489 2858 miseras
1503 2831 1636 2869 preces
1650 2819 1864 2858 decurrere.

310 2878 506 2916 Orationis
518 2880 646 2926 forma
658 2879 734 2926 fuit
745 2874 855 2931 (nam
868 2881 1083 2918 dubitatum
1098 2875 1167 2932 est)
1180 2879 1307 2927 qualis
1317 2880 1410 2917 haec
1422 2879 1452 2916 Ι
1452 2880 1475 2916 I.
1487 2891 1529 2915 xl
1546 2876 1628 2925 389
1645 2877 1716 2916 οὐκ
1730 2876 1866 2930 ἀλέγω,

307 2934 359 2983 ὡς
378 2937 418 2974 εἶ’
431 2952 475 2988 με
495 2936 596 2989 γυνὴ
617 2937 730 2989 βάλοι
748 2935 774 2988 ἢ
792 2937 884 2984 πάις
904 2936 1044 2989 ἄφρων
1194 2939 1247 2976 64
1269 2938 1301 2975 si
1322 2939 1468 2982 addidi,
1489 2938 1564 2975 sim
1583 2937 1631 2975 L.
1651 2938 1866 2975 Muellerus
