2020 3334
594 195 682 229 SILI
688 194 742 230 US
761 196 988 232 ITALlCUS.
1029 197 1225 233 STATIUS
1523 201 1581 235 LX
1587 202 1685 237 XVII

353 305 481 344 Ultrix
498 317 572 353 per
594 309 790 355 yeminum
815 310 1047 348 transcurrit
1070 312 1216 358 tempus
1240 311 1428 350 harundo.

251 370 319 403 415
353 364 563 403 Vertuntur
586 366 737 404 iuvenis
762 378 855 405 casu
873 369 1056 414 perculsa
1073 381 1147 416 per
1172 381 1285 417 ayros

344 422 518 471 Aymina
543 426 577 461 et
602 425 746 472 effusae
763 428 916 472 pariter
941 427 1035 464 dant
1060 430 1163 475 terya
1189 431 1371 467 catervae.

349 482 448 520 Tum
466 485 582 530 pater
607 482 744 520 audita
768 485 853 521 nati
876 496 963 522 nece
988 485 1164 523 turbidus
1188 488 1283 531 irae,

346 541 612 579 Barbaricum
637 544 749 589 atque
772 543 941 580 immane
963 555 1126 591 yemens,
1151 546 1344 593 transfiyit
1369 547 1545 584 anhelum

345 600 481 639 Pectus
507 602 541 638 et
565 600 617 638 ad
641 611 775 638 manes
799 604 908 649 uryet
931 603 1091 649 ‘vestiyia
1114 605 1210 640 nati.

133 658 242 698 Haec
267 660 466 708 postrema
492 659 538 697 de
563 658 690 697 Hosto
717 660 756 696 et
780 661 892 708 patre
919 660 1002 697 61113
1033 659 1303 709 Hampsicora,
1330 674 1428 710 quae
1455 662 1573 701 Silius
1599 677 1686 701 cum

134 718 255 756 Ennii
279 718 395 756 rebus
421 718 636 765 coniunxit,
663 730 708 755 ex
727 717 841 756 Livio
865 721 1023 767 sumpta
1043 721 1135 756 sunt
1155 714 1274 772 (xxm
1295 721 1361 767 41,
1384 722 1419 758 3.
1442 716 1498 773 4),
1525 724 1563 759 et
1583 723 1687 770 quod

134 778 307 815 Ennium
331 778 374 814 in
394 776 577 814 Sardinia
602 779 845 827 pugnantem
870 777 978 825 facit,
1005 778 1137 816 credas
1164 791 1252 816 eum
1276 781 1415 827 poetae
1441 792 1486 817 ex
1507 779 1688 818 Sardinia

135 836 266 875 insula
292 849 315 874 a
341 834 490 874 Catone
510 835 678 874 Romam
703 835 859 874 deducti
885 849 1096 874 memorem
1122 837 1251 875 fuisse.
1279 838 1350 875 Est
1375 840 1505 875 autem
1531 840 1688 890 egregia

133 896 220 934 laus
247 907 365 944 quam
391 894 514 933 Silius
541 895 670 932 Ennio
695 894 837 932 tribuit
862 897 945 932 tam
970 895 1011 932 in
1035 895 1083 933 iis
1117 908 1216 944 quae
1247 897 1330 945 ipse
1361 897 1539 945 perhibet
1571 910 1687 946 quam

135 967 235 1004 quae
260 954 488 1003 Apollinem
513 953 808 1003 praedicantem
833 954 941 1003 facit,
968 955 1036 1002 qui
1062 967 1106 991 ex
1131 955 1180 992 iis
1204 967 1302 1003 quae
1322 955 1427 993 facta
1447 958 1537 994 sunt
1555 957 1687 994 futura

133 1006 360 1064 auguratur.
400 1011 524 1057 Quem
556 1012 660 1062 quod
688 1012 786 1051 dicit
808 1014 986 1060 primum
1016 1014 1159 1051 illustri
1189 1024 1303 1051 versu
1334 1014 1431 1051 bella
1462 1015 1568 1052 Itala
1599 1027 1686 1052 can-

133 1074 311 1110 taturum
337 1074 377 1110 et
402 1072 516 1110 duces
542 1072 644 1110 caelo
668 1072 914 1110 sublaturum
941 1066 1137 1124 (loquitur
1155 1085 1279 1120 paene
1298 1074 1343 1110 ut
1363 1072 1507 1120 Cicero,
1534 1074 1579 1110 cf.
1601 1086 1687 1111 ann.

134 1143 190 1169 x11
209 1132 255 1169 fr.
276 1126 349 1184 lv),
381 1131 542 1169 annales
574 1130 771 1181 significat
795 1131 1011 1179 laudatque
1042 1143 1163 1180 prope
1190 1144 1233 1169 eo
1254 1131 1368 1169 modo
1391 1144 1466 1180 quo
1486 1131 1688 1170 Lucretius

133 1190 313 1228 laudavit
333 1185 441 1243 (vide
460 1203 496 1239 p.
511 1186 639 1242 xX1x).
667 1189 743 1228 Sed
764 1190 883 1227 Silius
905 1190 974 1238 qni
993 1190 1140 1227 bellum
1160 1189 1464 1228 Hannibalicum
1484 1190 1593 1228 libris
1608 1203 1689 1229 xvn

133 1250 372 1288 Punicorum
403 1248 626 1298 descripsit,
663 1262 741 1286 non
773 1250 856 1287 sine
891 1261 1009 1286 causa
1039 1261 1188 1286 memor
1219 1251 1303 1287 erat
1334 1250 1417 1287 eius
1449 1251 1587 1298 poetae
1623 1250 1690 1298 qui

134 1311 225 1347 ante
251 1322 340 1346 eum
366 1308 521 1347 easdem
545 1320 607 1346 res
632 1309 681 1360 111
706 1309 818 1357 parte
852 1308 1009 1357 quidem
1035 1308 1236 1345 annalium
1261 1309 1582 1357 pertractaverat.
1609 1309 1689 1345 Nec

133 1367 362 1406 incredibile
393 1369 464 1416 est,
499 1380 588 1405 611111
620 1368 775 1416 saepius
791 1360 858 1405 sad
889 1367 1126 1404 imitandum
1157 1368 1328 1416 priscum
1359 1368 1517 1416 poetam
1551 1380 1590 1405 36
1625 1367 1687 1404 de·

137 1427 250 1465 disse.
276 1426 418 1476 Itaque
444 1426 539 1465 olim
563 1428 606 1464 in
633 1426 890 1481 Quaestionib.
923 1426 1123 1464 Ennianis
1150 1422 1216 1478 (cf.
1242 1439 1279 1474 p.
1299 1438 1382 1462 an
1403 1427 1441 1463 et
1459 1421 1574 1477 Lxm)
1603 1425 1690 1463 Silii

135 1486 311 1535 exemplo
338 1486 583 1535 quorundam
608 1498 791 1524 versuum
817 1485 946 1523 octavi
971 1485 1138 1522 maxime
1158 1486 1197 1522 et
1218 1484 1311 1522 noni
1330 1483 1519 1522 librorum
1538 1486 1689 1522 senten-

134 1546 233 1583 tiam
258 1547 296 1583 et
320 1538 438 1583 usum
466 1545 644 1583 locumve
676 1545 944 1583 demonstrare
973 1544 1127 1591 studui,
1159 1556 1283 1592 neque
1314 1544 1386 1581 hoc
1412 1556 1513 1580 nunc
1538 1543 1578 1580 in
1604 1556 1640 1591 p.
1660 1556 1689 1580 11

133 1605 249 1642 huius
275 1603 534 1654 praefationis
559 1605 685 1642 omisi.
711 1604 855 1642 Postea
877 1604 918 1640 in
938 1615 1024 1641 eam
1042 1602 1237 1640 rationem
1258 1614 1334 1651 qua
1355 1601 1474 1639 Silius
1494 1603 1690 1639 videretur

134 1663 255 1701 Ennii
287 1663 493 1701 annalibus
525 1675 618 1702 usus
650 1675 732 1701 esse
758 1663 849 1700 Ern.
870 1662 1064 1700 Wezelius
1096 1661 1303 1710 inquisivit
1327 1661 1371 1698 de
1394 1660 1434 1699 0.
1453 1660 1542 1698 Silii
1561 1661 1690 1698 Italici

134 1735 221 1761 cum
239 1723 409 1770 fontibus
428 1725 510 1760 lum
530 1723 710 1770 exemplis
730 1716 853 1774 (Lips.
875 1734 908 1759 a.
928 1716 1070 1775 1873),
1091 1721 1158 1770 qui
1177 1720 1303 1758 multa
1324 1720 1530 1770 congessit,
1551 1719 1690 1768 quibus

135 1780 278 1819 Silium
302 1781 351 1819 ab
377 1781 505 1819 Ennio
531 1782 700 1830 pendere
730 1780 969 1829 ostenderet,
1002 1779 1069 1818 sed
1100 1780 1254 1828 saepius
1286 1791 1468 1817 versuum
1493 1778 1689 1816 Enniano-

133 1854 222 1878 rum
247 1841 484 1878 sententiam
504 1840 631 1878 obiter
650 1842 720 1878 aut
738 1852 859 1889 prave
878 1839 1160 1888 interpretatus
1180 1838 1455 1876 similitudines
1475 1837 1578 1875 inter
1596 1837 1691 1875 duos

135 1901 272 1949 poetas
293 1900 458 1950 agnovit
479 1912 578 1949 quae
597 1899 730 1937 nullae
749 1900 851 1937 sunt.
877 1898 1018 1947 Itaque
1037 1909 1163 1947 pauca
1182 1898 1338 1935 tantum
1357 1898 1513 1946 praeter
1533 1908 1578 1934 ea
1593 1908 1691 1944 quae

135 1959 231 1996 olim
257 1959 470 1997 attuleram
495 1971 541 1996 ex
567 1960 649 1996 eius
676 1958 945 2008 disputatione
970 1957 1128 2006 sumpta
1147 1957 1227 1994 suis
1247 1956 1342 1994 locis
1362 1951 1631 2006 memoravi.*)

253 2017 404 2056 Statius
431 2018 604 2055 Ennium
630 2018 771 2066 quanti
796 2016 933 2054 fecerit
959 2017 1139 2065 apertum
1148 2030 1159 2063 3-
1184 2015 1251 2063 qui
1276 2015 1317 2051 in
1343 2014 1589 2064 genethliaco
1615 2012 1690 2049 Lu-

135 2077 224 2114 cani
249 2071 355 2129 (silv.
375 2089 405 2114 11
428 2078 463 2124 7,
487 2071 572 2128 75),
598 2076 666 2113 ubi
691 2077 875 2124 poemata
901 2087 1000 2124 quae
1026 2074 1207 2112 Lucanus
1234 2073 1408 2111 editurus
1434 2073 1534 2110 esset
1562 2083 1691 2108 recen-

135 2136 226 2183 suit,
251 2137 310 2174 ita
334 2136 467 2185 pergit

477 2194 587 2231 Haec
604 2194 736 2240 primo
761 2193 911 2230 iuvenis
937 2202 1049 2229 canes
1073 2191 1144 2228 sub
1170 2201 1274 2234 aevo,

477 2251 578 2290 Ante
603 2262 726 2290 annos
752 2251 884 2289 culicis
909 2251 1154 2287 Maroniani.

481 2310 593 2349 Cedet
616 2322 729 2348 musa
753 2309 865 2347 rudis
890 2310 1027 2357 ferocis
1053 2308 1163 2346 Enni

478 2370 532 2407 Et
556 2370 655 2408 docti
679 2370 792 2417 furor
817 2368 966 2406 arduus
991 2367 1151 2405 Lucreti
1176 2378 1253 2415 eqs.

135 2429 214 2467 Ubi
234 2429 338 2478 quod
353 2428 456 2466 Frid.
471 2422 694 2466 Vollmerus
714 2428 960 2465 doctissimus
981 2418 1380 2473 silvarum'interpres
1401 2418 1456 2476 (p.
1473 2417 1576 2474 378)
1596 2423 1690 2460 haec

136 2488 183 2526 de
209 2488 337 2526 Ennio
365 2488 414 2526 ad
439 2487 692 2526 Ambraciam
718 2487 812 2534 eius,
840 2498 957 2535 quam
982 2485 1158 2523 fabulam
1183 2484 1427 2534 praetextam
1452 2481 1608 2529 habent,
1633 2493 1690 2518 re-

135 2547 296 2585 ferenda
321 2547 434 2584 duxit
459 2547 507 2585 ob
535 2559 621 2584 eam
647 2558 804 2584 causam
830 2547 874 2582 ut
898 2544 994 2582 haec
1022 2543 1303 2592 responderent
1334 2543 1382 2579 iis
1415 2553 1514 2590 quae
1541 2540 1689 2577 Statius

136 2619 255 2655 supra
280 2619 316 2644 v.
339 2607 392 2644 52
426 2606 472 2644 de
504 2605 662 2644 Lucano
692 2605 793 2641 dixit
827 2604 885 2641 Tu
917 2614 1032 2641 eurus
1057 2603 1175 2641 Latio
1205 2611 1420 2648 memorque
1447 2601 1569 2648 qentis
1597 2598 1690 2636 Car-

135 2676 223 2704 men
247 2666 385 2713 fortior
410 2676 536 2704 emeres
561 2667 740 2713 toyatum,
766 2662 903 2700 dubito
931 2674 1049 2711 quam
1074 2662 1178 2700 recte
1198 2660 1393 2706 statuerit,
1419 2671 1506 2696 cum
1524 2657 1690 2694 Ambra-

168 2851 174 2858 ,
257 2813 287 2858 ³¹²)
308 2811 425 2855 Quem
451 2823 473 2847 a
500 2812 663 2857 Sieglino
690 2823 726 2856 p.
748 2814 837 2845 6111.
863 2809 1058 2844 laudatum
1090 2808 1168 2843 vidi
1198 2806 1367 2841 libellum
1393 2805 1439 2839 M.
1460 2801 1691 2855 Heynacheri

145 2851 235 2895 Uber
253 2861 311 2895 die
323 2861 487 2906 Stelluny
506 2860 566 2894 eles
579 2859 694 2894 Silius
706 2858 860 2893 Italicus
872 2861 979 2892 unter
992 2857 1061 2891 den
1076 2856 1222 2902 Quellen
1234 2864 1315 2888 zum
1329 2852 1471 2887 zweiten
1485 2849 1689 2904 Rcmsehen

138 2906 272 2953 Krieye
292 2908 437 2953 (Berlin
459 2911 522 2941 187
528 2909 562 2951 7)
582 2905 674 2940 mihi
695 2915 907 2949 comparare
928 2903 1095 2949 quamvis
1116 2911 1286 2946 cuperem
1305 2910 1378 2933 non
1396 2899 1511 2942 potul.
