2054 3282
333 187 416 229 170
1003 180 1202 217 SCENICA

1070 298 1139 334 XII

327 365 413 408 279
444 363 619 406 Utinam
651 377 703 404 ne
734 376 937 416 umquam
962 360 1085 403 Mede
1111 359 1273 403 Colchis
1299 359 1454 415 cupido
1482 360 1609 403 corde
1638 360 1790 416 pedem
1815 375 1884 403 ex-

1383 431 1553 474 tulisses

1059 518 1143 553 XIII

325 582 412 624 280
655 580 742 635 Sol,
768 580 841 635 qui
867 580 1118 622 candentem
1143 579 1189 622 in
1212 579 1329 622 eaelo
1356 579 1561 622 sublimat
1585 581 1721 623 facem

1058 695 1144 731 XIV

324 760 406 802 281
752 758 917 800 fructus
942 757 1172 800 verborum
1197 771 1318 800 aures
1344 761 1560 813 aucupant

1066 873 1134 908 XV

931 942 1065 967 MEDEA
1085 940 1174 974 (1069.
1190 941 1270 975 1070)

322 997 407 1038 282
887 995 1058 1050 salvete,
1085 995 1250 1050 optima
1273 1010 1465 1051 corpora,

441 1067 561 1110 Cette
587 1082 737 1109 manus
763 1069 926 1109 vestras
950 1081 1151 1122 measque
1177 1066 1369 1122 accipite.

322 1223 389 1254 530
404 1218 583 1264 ὡς”Ερως
596 1218 629 1255 σ’
646 1219 833 1266 ἠνάγκασε
853 1219 974 1262 τόξοις
992 1219 1174 1265 ἀφύκτοις
1189 1219 1326 1265 τούμὸν
1341 1219 1498 1267 ἐκσῷσαι
1518 1219 1632 1265 δέμας
1652 1221 1882 1266 comparavit

321 1273 507 1308 Columna.

436 1327 503 1361 XII
523 1328 619 1373 (279)
645 1327 789 1362 Nonius
808 1340 843 1373 p.
860 1331 940 1370 297,
956 1331 999 1362 18
1016 1326 1166 1362 ‘efferre
1180 1327 1369 1373 significat
1381 1326 1555 1372 proferre.
1571 1327 1753 1374 Virgilius
1769 1357 1775 1362 .
1792 1356 1798 1362 .
1816 1356 1822 1362 .
1844 1329 1882 1363 et

319 1380 382 1414 lib.
397 1393 425 1414 11
439 1382 496 1425 (65
502 1382 534 1426 7)
549 1391 679 1417 «mene
699 1380 827 1416 efferre
846 1382 981 1426 pedem
1000 1381 1148 1427 genitor
1161 1381 1213 1426 (te
1225 1391 1334 1426 posse
1347 1380 1479 1416 relicto
1493 1381 1700 1427 sperasti».
1715 1381 1880 1417 Lucilius

321 1462 327 1467 .
345 1462 350 1467 .
366 1433 506 1468 Ennius
520 1433 654 1469 Medea
670 1434 838 1471 «utinam
854 1464 860 1469 .
878 1464 884 1469 .
899 1435 1007 1469 mede
1026 1435 1166 1470 cordis.
1184 1463 1190 1468 .
1207 1463 1214 1469 .
1230 1434 1476 1470 extulisses».’
1574 1434 1759 1470 Videntur
1778 1435 1881 1470 chori

319 1487 440 1530 verba,
466 1487 705 1533 referuntque
726 1489 775 1523 ad
787 1492 854 1523 431
876 1489 921 1523 σὺ
941 1486 978 1523 δ’
1002 1488 1042 1524 ἐκ
1061 1487 1127 1533 μὲν
1147 1487 1259 1523 οἴκων
1277 1487 1460 1535 πατρῴων
1480 1488 1658 1530 ἔπλευσας
1676 1487 1881 1537 μαινομένᾳ

319 1538 473 1589 καρδίᾳς
495 1541 560 1576 sed
579 1541 611 1576 si
629 1542 729 1577 recte
748 1541 921 1588 intelligo
940 1542 1054 1577 verba
1073 1553 1163 1577 sane
1180 1542 1370 1585 mendosa,
1389 1541 1430 1576 in
1449 1541 1584 1587 quibus
1598 1553 1743 1577 summa
1755 1542 1810 1577 vis
1825 1543 1882 1577 est

319 1594 512 1629 verborum
539 1595 704 1640 cupido
732 1595 883 1641 cjorde,
909 1596 1004 1631 haec
1023 1595 1211 1631 sententia
1228 1595 1350 1641 magis
1369 1594 1541 1630 videatur
1563 1595 1758 1630 convenire
1777 1595 1881 1631 chori

320 1647 445 1682 cantui
460 1648 524 1693 qui
538 1659 561 1683 a
573 1661 604 1683 v.
618 1652 685 1683 627
699 1648 851 1694 incipit:
867 1649 997 1694 ἔρωτες
1014 1648 1107 1694 ὑπὲρ
1128 1649 1193 1694 μὲν
1214 1648 1310 1694 ἄγαν
1325 1647 1498 1690 ἐλθόντες
1517 1649 1586 1684 οὐκ
1606 1646 1779 1692 εὐδοξίαν
1793 1647 1877 1686 οὐδ’

320 1701 455 1744 ἀρετὰν
474 1700 698 1746 παρέδωκαν
718 1702 911 1747 ἀνδράσιν.
1861 1745 1866 1750 “

435 1754 518 1789 XII]
538 1756 634 1801 (280)
671 1755 815 1791 Nonius
834 1768 869 1801 p.
887 1759 965 1799 170,
981 1759 1025 1790 10
1041 1756 1264 1791 ‘sublimare
1284 1755 1470 1791 extollere.
1485 1755 1628 1791 Ennius
1647 1755 1781 1791 Medea
1793 1755 1880 1792 «Sol

320 1835 325 1840 .
341 1835 346 1840 .
361 1835 367 1841 .
380 1807 548 1844 facem».’
649 1808 751 1851 Quae
765 1809 814 1844 ad
826 1809 944 1856 Aegei
957 1809 1226 1852 iusiurandum,
1240 1809 1343 1854 puto,
1356 1809 1557 1854 pertinent,
1572 1812 1640 1844 752
1655 1808 1788 1854 ὄμνυμι
1802 1811 1880 1855 Γῆν

318 1861 381 1895 καὶ
405 1861 571 1906 λαμπρὸν
586 1860 715 1898 ‘Huov
741 1862 840 1907 φάος
863 1863 980 1904 θεούς
1003 1875 1041 1898 τε
1066 1861 1227 1906 πάνταςς
1251 1863 1476 1907 poteratque
1495 1862 1548 1897 sic
1567 1862 1734 1907 suppleri
1752 1873 1878 1898 versus

318 1913 488 1950 Audiat
507 1915 598 1959 Sol,
618 1915 716 1960 qui.
733 1944 739 1950 .
758 1944 763 1950 .
780 1915 1001 1951 sublimat
1019 1915 1044 1950 f.
1066 1915 1118 1951 Cf.
1133 1915 1223 1950 Aen.
1239 1929 1277 1951 1v
1290 1919 1358 1950 607
1373 1927 1451 1960 sqq.

435 1968 519 2003 XIV
532 1970 627 2015 (281)
653 1969 797 2004 Nonius
810 1982 845 2015 p.
862 1973 942 2012 467,
958 1972 1000 2004 13
1018 1969 1029 1986 ‘
1039 1969 1222 2014 aucupavi
1237 1969 1399 2004 activum
1411 1968 1576 2014 positum
1589 1980 1656 2014 pro
1668 1969 1835 2014 passivo.
1850 1998 1856 2003 .
1871 1998 1876 2003 .

318 2020 457 2056 Ennius
482 2021 616 2057 Medea
635 2022 810 2069 (media3
827 2022 971 2069 Bamb.)
992 2022 1163 2060 «fructus
1179 2051 1185 2057 .
1203 2051 1209 2057 .
1228 2022 1474 2067 aucupant»)
1603 2022 1675 2065 Qui
1700 2021 1878 2058 fructus

318 2073 552 2110 verborum
573 2075 746 2111 dicantur
759 2076 947 2122 (vulgatur
965 2075 1159 2121 fluctus)
1174 2075 1314 2111 Seneca
1333 2075 1465 2111 docere
1483 2076 1610 2120 potest
1628 2075 1677 2110 ad
1692 2074 1804 2111 Marc.
1822 2079 1877 2119 12,

319 2130 355 2160 2:
377 2138 491 2171 quare
509 2128 604 2163 haec
622 2140 709 2164 vera
728 2129 889 2164 arbitror
907 2129 1101 2175 referoque
1121 2129 1174 2165 sic
1193 2129 1407 2174 suppletum
1426 2139 1572 2164 versum
1588 2129 1687 2164 ‘sed
1705 2128 1878 2164 frustra

318 2178 494 2215 fructus
518 2182 713 2218 verborum
740 2194 770 2218 a.
793 2183 842 2218 a.'
864 2183 913 2218 ad
933 2194 978 2218 ea
996 2194 1093 2228 quae
1118 2182 1220 2228 apud
1245 2182 1463 2227 Euripidem
1488 2182 1623 2217 Medea
1648 2181 1758 2217 choro
1785 2181 1879 2217 dicit

318 2232 474 2268 consilia
499 2246 567 2270 sua
591 2236 807 2281 expositura
827 2240 895 2271 772
914 2235 1038 2271 πάντα
1063 2235 1162 2281 τάμά
1188 2247 1246 2271 σοι
1266 2235 1497 2283 βουλεύματα
1516 2234 1620 2278 λέξω·
1637 2233 1747 2282 δέχου
1768 2234 1809 2271 δὲ
1828 2235 1876 2281 μὴ

317 2284 411 2328 πρὸς
428 2286 568 2332 ἡδονὴν
587 2287 728 2334 λόγους.

435 2339 502 2374 XV
516 2342 611 2387 (282)
637 2342 780 2377 Nonius
799 2355 834 2388 p.
850 2346 906 2386 84,
922 2346 965 2378 33
983 2343 1101 2378 ‘cette
1121 2342 1309 2388 significat
1328 2342 1442 2378 dicite
1461 2341 1519 2377 vel
1539 2342 1627 2377 date
1646 2342 1692 2377 ab
1714 2353 1756 2377 eo
1776 2341 1876 2387 quod

319 2392 409 2427 cedo
431 2420 437 2426 .
455 2421 460 2426 .
478 2421 483 2426 .
505 2393 644 2430 Ennius
670 2395 709 2430 in
734 2396 874 2443 Medea
894 2396 1063 2433 «salvete
1084 2424 1089 2430 .
1108 2424 1113 2430 .
1132 2424 1138 2430 .
1161 2395 1377 2440 accipite»)
1518 2394 1570 2430 cf.
1591 2394 1688 2430 Med.
1709 2394 1876 2440 Euripid.

439 2566 522 2604 279
542 2564 652 2604 mede
671 2568 722 2604 iot
740 2567 874 2606 litteris
891 2569 1078 2616 scriptum
1096 2569 1222 2606 visum
1241 2569 1295 2605 est
1305 2566 1466 2605 Medeae
1483 2578 1621 2605 nomen
1640 2577 1739 2605 esse:
1759 2578 1877 2615 quam

316 2625 484 2671 formam
502 2625 669 2663 nominis
682 2626 902 2665 Meinekius
914 2628 1076 2665 ostendit
1092 2629 1127 2665 et
1136 2627 1320 2676 probavit
1337 2625 1442 2664 anal.
1456 2623 1670 2664 Alexandr.
1683 2638 1725 2674 p.
1742 2623 1810 2673 46,
1826 2627 1873 2674 cf.

316 2695 421 2722 mmo
434 2684 596 2723 Useneri
607 2679 909 2723 ‘Gotternamen’
915 2697 961 2736 p.
976 2696 989 2722 1
1000 2683 1025 2722 6
1035 2695 1049 2722 1
1147 2684 1301 2724 Colchis
1308 2685 1473 2733 Lipsius
1486 2686 1590 2733 epist.
1599 2687 1792 2732 quaest.1v
1805 2695 1819 2721 1
1829 2695 1874 2733 9:

318 2743 445 2781 cordis
560 2742 802 2782 extetulisses
816 2744 1085 2793 BuecMZerus,
1102 2747 1146 2783 ut
1163 2745 1367 2793 anapaesti
1385 2746 1473 2788 sint,
1488 2754 1581 2791 quos
1592 2755 1668 2791 pro
1689 2745 1875 2782 trochaeis

316 2802 455 2840 habere
477 2802 630 2840 malim:
655 2802 702 2850 cf.
723 2803 776 2840 ad
796 2811 879 2851 309
1016 2804 1100 2842 280
1126 2803 1314 2842 sublimas
1337 2802 1537 2846 Columna,
1560 2813 1633 2850 quo
1658 2802 1754 2840 nihil
1778 2814 1874 2851 opus

319 2863 411 2905 erat,
431 2873 479 2899 ne
497 2863 540 2899 in
557 2862 794 2900 invocatione
813 2863 965 2909 quidem
981 2862 1100 2901 Soles:
1120 2863 1167 2910 cf.
1182 2874 1274 2901 amn.
1291 2860 1376 2898 620
1499 2862 1592 2899 282.
1613 2862 1695 2899 283
1717 2861 1780 2899 De
1798 2874 1873 2899 me-

317 2921 387 2957 tris
406 2921 543 2970 dubito
644 2933 825 2971 corpora:
844 2922 940 2959 nata
959 2922 1087 2969 simul,
1106 2922 1299 2960 moritura
1316 2921 1444 2969 simul,
1458 2920 1575 2959 simul
1588 2921 1642 2958 ite
1657 2920 1728 2958 sub
1747 2920 1872 2958 undas
