2004 3278
276 218 453 255 CXLVIII
788 216 832 252 H.
855 216 924 251 DE
945 215 1099 251 LIBRIS
1116 215 1350 251 ENNIAN'IS

275 332 319 369 in
344 330 485 381 quibus
511 330 664 368 Ennius
689 341 768 368 non
793 329 923 367 solum
951 341 997 366 ex
1027 328 1090 366 his
1115 327 1344 367 Acherusiis
1374 329 1535 379 templis
1559 329 1726 368 Homeri
1756 341 1843 379 spe-

277 391 377 428 ciem
408 389 484 428 sibi
515 390 692 427 exortam
723 389 914 436 narravit,
946 387 1014 425 sed
1043 387 1086 426 in
1117 400 1164 426 ea
1187 387 1339 438 templa
1362 388 1451 438 ipsa
1475 388 1692 427 affirmavit
1715 401 1843 437 neque

277 449 428 487 animas
454 460 581 497 neque
607 460 774 497 corpora
798 449 934 486 nostra
953 447 1021 485 sed
1039 447 1252 485 simulacra
1271 447 1465 496 quaedam
1482 448 1593 487 miris
1612 447 1739 486 modis
1757 447 1843 497 pal-

279 508 403 546 lentia
428 507 622 546 devenire.
648 506 809 545 Etenim
835 506 882 544 de
906 507 1052 545 natura
1077 507 1300 544 animarum
1326 506 1485 545 disserit
1501 506 1710 546 Lucreffius
1730 508 1771 545 et
1795 506 1843 544 de

277 579 323 605 ea
347 579 389 605 re
414 567 511 616 quid
535 566 687 605 Ennius
713 567 880 605 senserit
904 565 1130 604 docueritve
1156 566 1327 615 exponit.
1354 564 1431 610 Qui
1455 566 1562 615 quod
1586 579 1753 616 corpora
1770 565 1842 603 hu·

275 638 396 665 mana
414 627 578 677 negavit
595 626 638 663 in
656 625 922 664 Acherontem
941 624 1097 671 deferri,
1116 626 1159 663 in
1177 626 1365 674 promptu
1384 626 1477 663 sunt
1495 638 1630 664 versus
1643 625 1765 663 Ennii
1777 619 1843 678 (x)

277 688 457 734 terraque
481 696 621 734 corpus
645 696 744 733 quae
768 685 873 723 dedit
895 686 984 733 ipsa
1008 686 1113 733 capit
1134 696 1255 732 neq-ue
1279 684 1458 732 dispendi
1478 686 1576 733 facit
1591 685 1731 733 hilum3
1758 685 1843 734 qui-

275 744 440 784 buscum
465 744 571 795 quod
595 743 767 794 quadam
791 745 906 782 tenus
932 745 1162 794 conspirant
1186 756 1321 782 versus
1346 743 1397 780 ad
1419 743 1702 793 Epicharmum
1725 744 1845 782 relafi

277 798 357 857 (Ν)
378 805 491 843 terris
512 805 637 852 gentis
661 805 787 842 onmis
804 804 958 852 peperit
982 806 1016 841 et
1038 804 1200 842 resumit
1223 803 1348 841 denuo
1368 815 1447 852 eqs,
1467 804 1612 842 certius
1631 804 1692 842 est
1709 804 1752 841 in
1770 803 1844 841 hoc

276 864 493 901 metrorum
513 863 739 902 discrimine
757 863 829 901 hos
849 862 1091 912 Epicharmi,
1115 862 1206 901 illos
1226 862 1359 900 autem
1379 863 1583 901 annalium
1603 875 1696 902 esse.
1721 862 1845 901 Porro

276 923 382 960 inter
406 922 583 961 diversas
610 934 711 971 quae
736 922 818 960 sint
842 921 890 959 de
915 922 1138 960 animarum
1166 922 1310 959 natura
1341 922 1557 961 sententias
1588 935 1678 961 cum
1700 921 1844 960 Lucre-

277 982 358 1020 tius
384 981 525 1020 afferat
549 975 740 1034 (112sq.)
765 982 970 1030 iynoratur
994 993 1092 1029 quae
1115 982 1167 1020 sit
1195 983 1343 1019 natura
1373 983 1536 1026 animai,
1566 984 1663 1020 nata
1692 983 1755 1026 sit,
1790 992 1844 1019 an

277 1043 413 1080 eontra
435 1041 682 1079 nascentibus
706 1042 939 1085 insinuetur,
963 1040 1205 1091 intelligitur
1228 1040 1326 1078 haec
1345 1040 1529 1078 Enniana
1554 1053 1655 1090 quae
1680 1040 1845 1078 eandem

277 1112 373 1150 prae
398 1112 438 1139 se
463 1100 598 1138 ferunt
629 1100 867 1138 sententiam
894 1094 972 1152 (1x)
1005 1111 1079 1138 ova
1101 1101 1241 1148 parire
1270 1100 1364 1138 solet
1390 1111 1512 1148 yenus
1534 1101 1680 1148 pennis
1711 1099 1845 1139 conde-

277 1162 452 1198 coratwm
475 1170 555 1197 non
579 1160 767 1204 animam,
799 1161 834 1197 et
849 1161 941 1206 post
963 1159 1054 1197 inde
1088 1160 1192 1197 venit
1221 1159 1410 1197 divinitus
1433 1160 1560 1207 pullis
1590 1161 1679 1207 ipsa
1709 1160 1846 1197 anima

277 1219 319 1256 in
344 1219 417 1256 flla
441 1219 556 1269 parte
582 1219 787 1256 annalium
811 1219 943 1267 posita
968 1218 1099 1257 fuisse.
1131 1218 1269 1267 Neque
1296 1218 1342 1256 de
1368 1230 1415 1256 ea
1440 1231 1503 1256 me
1531 1219 1717 1268 opinione
1748 1217 1844 1256 deii-

279 1279 385 1316 cient
422 1290 557 1316 versus
596 1277 826 1327 Epicharmi
858 1290 881 1315 a
911 1277 1093 1315 Kaibelio
1131 1278 1173 1315 in
1211 1290 1308 1316 com.
1341 1276 1475 1316 Graec.
1501 1277 1642 1329 fragm.
1662 1290 1677 1315 1
1700 1291 1738 1328 p.
1762 1277 1844 1315 123

832 1389 1070 1408 99999

279 1456 417 1506 negari
435 1467 514 1494 non
533 1456 667 1505 potest
684 1467 764 1493 non
776 1454 878 1492 nihi]
891 1455 1165 1494 similitudinis
1179 1467 1262 1493 esse
1276 1468 1365 1493 cum
1378 1455 1583 1494 Ennianis.
1605 1454 1682 1494 Sed
1700 1455 1846 1504 duplex

278 1515 382 1553 ratio
403 1527 523 1564 quam
542 1515 627 1562 inii,
648 1527 671 1552 a
689 1513 874 1552 Lucretio
895 1516 935 1552 et
954 1514 1003 1552 ab
1024 1515 1227 1552 annalium
1246 1516 1364 1564 poeta
1382 1514 1523 1564 petita,
1547 1514 1732 1565 prohibet
1751 1526 1845 1564 quo-

279 1575 409 1612 minus
440 1573 501 1612 his
533 1573 614 1612 alia
645 1573 754 1612 sedes
787 1574 1021 1624 assignetur.
1061 1572 1168 1619 Quae
1201 1576 1420 1623 sequuntur
1450 1575 1669 1613 sententiae
1700 1575 1742 1612 in
1773 1574 1845 1612 illa

280 1633 575 1671 enumeratione
605 1631 844 1670 Lucretiana
874 1627 1063 1686 (115sq.)
1096 1645 1149 1671 an
1181 1634 1355 1672 tenebras
1389 1633 1479 1672 Orci
1510 1634 1613 1672 visat
1640 1636 1847 1681 vastasque

278 1692 454 1737 lacunas,
480 1703 534 1731 an
550 1692 719 1740 pecudes
745 1692 847 1730 alias
872 1692 1061 1730 divinitus
1086 1693 1257 1731 insinuet
1279 1704 1330 1737 se,
1356 1693 1516 1731 Ennius
1540 1695 1584 1731 ut
1606 1695 1736 1732 noster
1753 1693 1846 1731 ceci·

280 1753 350 1796 nit,
375 1764 511 1790 earum
529 1751 700 1800 primam
719 1750 891 1789 vidimus
911 1751 1085 1789 Ennium
1104 1764 1249 1802 negare
1268 1764 1403 1790 veram
1422 1763 1515 1801 esse,
1542 1753 1611 1801 qui
1628 1751 1847 1790 Acherusia

281 1810 440 1860 quidem
465 1811 616 1860 templa
640 1822 722 1848 esse
749 1806 935 1848 ‘aeternis
961 1807 1154 1849 versibus’
1180 1810 1304 1849 edidit
1329 1811 1397 1849 sed
1415 1811 1457 1849 in
1481 1823 1527 1849 ea
1546 1824 1673 1861 neque
1693 1812 1846 1849 animas

281 1882 407 1920 neque
439 1881 603 1920 corpora
634 1869 863 1907 mortalium
893 1871 1098 1919 pervenire
1131 1871 1301 1918 censuit;
1340 1871 1507 1909 alteram
1539 1872 1690 1915 autem,
1728 1883 1847 1919 quam

280 1929 403 1967 Ennii
428 1941 510 1968 esse
536 1930 671 1979 aperte
697 1928 794 1966 dicit
818 1927 1037 1977 Lucretius,
1063 1942 1150 1967 eam
1175 1941 1257 1968 esse
1283 1929 1418 1968 credas
1437 1931 1479 1968 in
1499 1942 1579 1979 qua
1598 1929 1848 1980 explananda

281 1989 452 2027 maxime
477 1989 741 2027 commoratus
767 1988 820 2025 sit
843 1987 1037 2026 Homerus
1060 1989 1278 2038 Ennianus,
1303 1991 1349 2027 ut
1371 1990 1463 2039 post
1488 1989 1588 2028 alias
1607 1988 1848 2027 vicissitudi-

281 2060 350 2086 nes
376 2059 474 2097 quas
500 2046 667 2086 subierit
692 2047 860 2096 denique
886 2059 998 2085 suam
1029 2050 1202 2087 animam
1227 2049 1268 2086 in
1295 2048 1416 2086 Ennii
1442 2060 1582 2098 eorpus
1607 2049 1847 2087 translatam

284 2107 487 2145 fateretur.
512 2106 572 2144 Ex
598 2119 677 2156 qua
701 2108 814 2157 parte
833 2110 1013 2155 superest
1030 2107 1147 2146 hodie
1166 2107 1381 2146 versiculus
1402 2101 1481 2160 (XI)
1501 2108 1661 2146 memini
1677 2119 1737 2146 me
1755 2108 1848 2154 fiere

274 2178 438 2214 pavum,
463 2167 574 2204 cuius
600 2177 757 2204 sensum
777 2167 817 2204 et
835 2165 961 2204 Persii
979 2166 1100 2205 verba
1119 2167 1167 2205 de
1186 2167 1315 2205 Ennio
1327 2170 1537 2216 postquam
1555 2167 1753 2206 destertuit
1770 2178 1849 2205 esse

283 2225 513 2264 Maeonides
539 2225 706 2274 Quintus
723 2236 878 2274 pavone
904 2237 948 2264 ex
972 2227 1209 2276 Pythaqoreo
1234 2226 1438 2265 declarant
1463 2228 1503 2264 et
1527 2239 1628 2276 quae
1653 2226 1711 2264 ibi
1727 2226 1848 2264 inter·

282 2297 372 2334 pres
405 2284 614 2323 adnotavit
645 2284 794 2334 aliique
824 2286 945 2323 testes
976 2287 1196 2336 complures
1227 2298 1324 2336 quos
1352 2298 1423 2324 suo
1447 2286 1534 2324 loco
1560 2286 1696 2324 attuli:
1721 2297 1849 2334 neque

284 2342 552 2395 Goettlingius
572 2338 788 2397 (Gesamm.
813 2342 1010 2383 Abhandl.
1030 2357 1060 2383 11
1077 2359 1114 2396 p.
1137 2346 1221 2383 234
1236 2339 1339 2398 sqq.)
1362 2347 1432 2383 aut
1451 2345 1572 2383 Ennii
1596 2357 1754 2384 versum
1779 2346 1849 2382 aut

284 2402 411 2441 Persii
436 2402 557 2441 verba
581 2402 829 2441 mirabilibus
854 2404 1075 2443 rationibus
1099 2406 1143 2443 in
1162 2404 1333 2442 alienam
1352 2405 1434 2441 vim
1454 2403 1694 2452 detorsisset,
1719 2405 1754 2443 si
1772 2403 1847 2441 sal-

282 2464 375 2510 tem,
401 2475 449 2500 ne
474 2461 521 2500 de
539 2460 725 2500 Lucretio
750 2461 891 2511 dicam,
916 2463 1037 2502 Ennii
1054 2465 1208 2502 somnia
1225 2463 1467 2512 Erthaqorea
1484 2463 1729 2501 meminisset
1747 2475 1848 2512 quae

285 2520 475 2559 Horatius
500 2521 637 2559 irrisit.
662 2521 842 2570 Denique
861 2520 1068 2562 Lucretius
1094 2536 1183 2562 eum
1200 2522 1417 2560 Homerum
1442 2521 1548 2559 dicat
1567 2515 1694 2574 (126)
1717 2533 1848 2559 rerum

282 2582 469 2618 naturam
493 2580 709 2627 expandere
733 2580 846 2619 dietis
871 2583 1055 2632 coepisse,
1086 2581 1271 2620 credibile
1294 2580 1341 2619 fit
1366 2593 1455 2618 eum
1479 2582 1666 2618 naturam
1698 2581 1847 2618 anima-

284 2652 374 2676 rum
405 2640 526 2677 altius
557 2640 597 2676 et
629 2639 677 2677 ab
709 2640 894 2677 universa
923 2654 1055 2679 rerum
1085 2643 1229 2680 natura
1253 2640 1500 2690 repetivisse:
1533 2652 1654 2688 quare
1682 2652 1745 2677 me
1769 2651 1848 2677 nou

284 2694 485 2748 paenituit
503 2709 659 2736 versum
679 2692 790 2751 (vm)
810 2710 908 2746 quae
927 2713 1024 2739 cava
1043 2712 1199 2749 corpore
1217 2700 1390 2739 caeruleo
1409 2699 1557 2737 cortina
1576 2701 1742 2746 receptat
1757 2698 1850 2736 huic

285 2757 372 2795 loco
396 2757 615 2796 vindicasse
642 2759 682 2795 et
707 2758 763 2795 sic
788 2759 834 2794 ut
858 2758 954 2797 olim
979 2759 1231 2798 emendatum
1262 2758 1445 2797 edidisse:
1476 2758 1518 2795 in
1551 2770 1628 2806 quo
1660 2758 1849 2795 cortinam

287 2811 477 2854 ‘medium
496 2815 597 2854 caeli
615 2817 822 2865 terraeque
842 2814 950 2856 aera’
969 2820 1016 2856 ut
1035 2817 1200 2856 Ovidius
1219 2817 1397 2868 loquitur
1415 2810 1525 2868 (met.
1545 2828 1571 2854 v
1587 2810 1689 2868 644)
1711 2815 1790 2853 dici
1809 2817 1850 2853 et

287 2875 525 2913 sententiam
539 2886 626 2912 eam
638 2874 720 2912 fere
734 2887 816 2913 esse
830 2878 1009 2915 existimo
1024 2890 1143 2926 quam
1154 2876 1361 2915 Lucretius
1376 2870 1421 2928 (v
1437 2869 1540 2927 275)
1555 2875 1747 2924 expressit
1760 2887 1849 2912 cum

286 2933 383 2971 dicit
407 2934 668 2983 quodcumque
692 2935 780 2982 fluit
798 2934 845 2972 de
863 2937 988 2982 rebus,
1010 2937 1052 2974 id
1071 2948 1181 2975 omne
1200 2937 1302 2974 aeris
1321 2937 1364 2974 in
1382 2946 1568 2983 maynum
1586 2935 1711 2983 fertur
1729 2945 1848 2973 mare.
