2054 3282
361 191 416 232 86
886 181 1149 218 ANNALmM
1174 181 1261 216 LIB.
1281 180 1372 215 mc,

1083 297 1185 333 XVH

359 367 444 409 478
475 365 653 407 Labitur
683 366 812 405 uncta
842 361 985 404 carina
1015 375 1090 415 per
1121 373 1307 414 aequora
1336 372 1443 401 cana
1471 359 1624 402 celocis

1075 451 1195 486 XVIH

359 519 445 560 479
476 515 645 573 Ingenti
676 514 794 556 vadit
825 528 950 556 cursu
976 528 1060 568 qua
1083 511 1274 554 redditus
1300 514 1435 554 termo
1461 515 1527 554 est

1094 604 1178 639 XIX

359 671 447 713 480
478 669 707 711 Hortatore
732 667 844 709 bono
870 666 988 722 prius
1015 680 1143 721 quam
1168 666 1241 720 qui
1265 665 1423 708 finibus
1449 669 1585 708 termo

359 823 441 866 481
476 822 664 877 Impetus
689 822 792 863 haut
821 820 949 876 longe
974 758 1401 876 mediismiegiom'bus
1426 822 1558 862 restat

359 977 444 1018 482
477 975 625 1018 «Haud
657 977 812 1016 temere
838 977 903 1016 est
928 973 1043 1030 quod
1068 912 1255 1017 mXthisti
1281 988 1377 1016 cum
1402 973 1528 1017 corde
1554 975 1766 1031 gubernas

359 1099 479 1133 isdem
501 1097 690 1143 (eisdem
716 1097 891 1143 Abrinc.).
912 1097 1154 1143 impetratum
1180 1098 1237 1132 est
1256 1107 1278 1132 a
1298 1097 1566 1132 consuetudine
1590 1098 1633 1132 ut
1657 1107 1813 1142 peccare
1838 1108 1922 1132 sua-

360 1151 487 1187 vitatis
507 1161 619 1185 eausa
631 1150 788 1185 liceret.’
806 1150 865 1186 Sic
884 1150 977 1185 haec
996 1151 1036 1185 in
1055 1150 1207 1196 optimis
1226 1150 1332 1185 libris
1351 1150 1453 1185 tradi
1470 1150 1508 1185 F.
1523 1150 1788 1197 Heerdegenus
1806 1152 1921 1186 testa-

359 1207 420 1240 tur
445 1205 589 1239 oratore
616 1204 717 1238 edito
738 1214 769 1239 a.
790 1207 899 1249 18843
920 1215 1031 1249 quem
1049 1204 1134 1239 vide
1156 1204 1195 1238 in
1216 1203 1419 1250 prolegom.
1437 1216 1472 1249 p.
1490 1217 1586 1239 xxxv
1606 1215 1659 1248 sq.
1679 1204 1778 1239 hunc
1799 1203 1922 1239 locum

360 1258 507 1304 egregie
521 1258 764 1301 tractantem3
778 1257 919 1302 primus
934 1258 1033 1293 enim
1046 1257 1138 1302 quid
1152 1257 1225 1292 sibi
1237 1257 1375 1293 vellent
1387 1257 1456 1292 issa
1472 1258 1516 1292 et
1534 1257 1579 1292 in
1597 1257 1784 1302 templis
1803 1257 1922 1292 idem

359 1322 436 1356 pro
445 1311 468 1344 b
479 1321 501 1345 a
510 1310 575 1345 vit
594 1310 710 1356 probe
723 1311 914 1356 perspexit
928 1313 966 1346 et
977 1311 1066 1346 inde
1078 1311 1191 1346 verba
1205 1310 1258 1346 sic
1270 1311 1371 1345 recte
1391 1310 1511 1345 edidit
1526 1311 1537 1328 ‘
1547 1310 1689 1346 «isdem
1702 1321 1854 1356 campus
1870 1339 1876 1344 .
1893 1339 1899 1344 .
1917 1339 1923 1344 .

360 1366 397 1399 et
422 1364 460 1398 in
486 1363 637 1409 templis
665 1363 809 1400 «eidem
834 1364 1047 1409 probavit»;
1075 1366 1115 1399 at
1138 1363 1257 1399 isdem
1284 1365 1364 1399 erat
1387 1363 1521 1407 verius,
1540 1374 1609 1398 nee
1633 1365 1759 1398 tamen
1782 1363 1922 1399 eisdem

359 1419 401 1452 ut
419 1416 596 1462 opimius:
623 1417 723 1452 male
746 1417 905 1453 sonabat
926 1417 1161 1461 isdem’3nisi
1184 1418 1284 1462 quod
1306 1416 1427 1452 Ennio
1446 1428 1521 1452 non
1545 1416 1689 1452 isdem
1715 1416 1780 1452 sed
1805 1416 1923 1452 idem

359 1470 590 1505 reddendum
611 1472 692 1505 erat
710 1472 754 1505 ut
773 1469 960 1506 Ciceronis
979 1471 1217 1506 ratiocinatio
1238 1472 1433 1506 constaret.

477 1523 578 1558 XVII
597 1525 695 1570 (478)
737 1523 901 1559 Isidorus
921 1524 1013 1571 orig.
1033 1537 1095 1559 xxx
1117 1528 1148 1568 1,
1164 1528 1207 1559 22
1230 1524 1393 1559 ‘celoces
1421 1534 1514 1568 quas
1540 1523 1672 1559 Graeci
1691 1523 1845 1569 κέλητας
1863 1534 1924 1558 vo-

361 1578 459 1621 cant,
478 1577 519 1612 id
546 1578 603 1612 est
627 1576 771 1612 veloces
797 1577 957 1612 biremes
980 1577 1038 1612 vel
1062 1577 1231 1612 triremes
1258 1577 1376 1623 agiles
1397 1579 1434 1612 et
1454 1578 1502 1612 ad
1520 1576 1769 1613 ministerium
1795 1576 1924 1612 classis

361 1633 482 1676 aptae.
504 1630 647 1665 Ennius
668 1629 833 1667 «labitur
857 1633 971 1666 uncta
992 1630 1185 1676 (lavitur
1210 1642 1298 1665 01111
1310 1631 1388 1665 cta
1407 1629 1536 1675 Wolf.)
1557 1642 1585 1665 0.
1600 1642 1636 1675 p.
1652 1641 1811 1675 aequora
1829 1641 1925 1665 cana

360 1684 534 1719 celocis».'
549 1683 640 1718 Inde
654 1683 841 1719 Osbernus
854 1694 1021 1729 panorm.
1034 1683 1140 1729 (thes.
1153 1695 1233 1719 nov.
1246 1684 1341 1729 Lat.)
1355 1683 1397 1717 A.
1409 1683 1487 1718 Mai
1501 1683 1607 1718 class.
1621 1685 1717 1719 auct.
1729 1696 1795 1718 vm
1807 1695 1843 1728 p.
1857 1686 1924 1717 174

364 1737 374 1754 ‘
385 1737 488 1772 celox
504 1736 563 1771 vel
582 1736 722 1772 celonis
735 1736 842 1771 velox
862 1737 999 1773 dicitur
1011 1737 1127 1771 navis.
1142 1736 1283 1772 Ennius
1299 1736 1462 1773 «labitur
1478 1765 1483 1770 .
1501 1765 1507 1770 .
1522 1747 1589 1781 per
1608 1747 1836 1781 aequoraque
1848 1736 1926 1771 a'lta

362 1790 547 1826 celonis».'
564 1789 615 1825 Of.
630 1789 690 1824 W.
705 1790 876 1835 Meyerus
898 1790 991 1835 Spir.
1006 1802 1098 1825 mus.
1112 1790 1231 1825 Rhen.
1246 1802 1333 1824 xx1x
1346 1802 1381 1835 p.
1399 1793 1485 1833 1823
1505 1789 1541 1824 C.
1558 1789 1613 1824 Gl.
1628 1789 1668 1823 L.
1682 1802 1720 1823 v1
1738 1801 1774 1834 p.
1791 1792 1868 1823 197.
1882 1789 1925 1823 111

362 1843 575 1888 pavimento
589 1842 777 1885 Africano,
799 1843 903 1878 cuius
923 1843 1098 1878 notitiam
1115 1843 1315 1878 Gauckleri
1335 1844 1373 1878 et
1391 1842 1560 1878 Dessavii
1578 1842 1759 1877 beneficio
1786 1842 1925 1887 accepi,

363 1897 410 1931 ad
429 1897 534 1931 navis
555 1895 794 1932 simulacrum
808 1896 1018 1941 adscriptus
1032 1897 1089 1931 est
1101 1907 1226 1931 versus
1241 1896 1405 1932 «labitur
1420 1925 1425 1930 .
1443 1925 1448 1930 .
1467 1925 1472 1930 .
1489 1907 1648 1941 aequora
1660 1906 1755 1931 cana
1767 1896 1924 1931 celocis».

481 1949 610 1984 XVHI.
625 1949 709 1984 xlx
728 1950 822 1995 (479.
834 1951 917 1995 480)
950 1949 1082 1984 Festus
1103 1960 1147 1984 ex
1166 1960 1292 1995 apogr.
1308 1949 1331 1983 l.
1346 1962 1394 1983 xx
1412 1961 1447 1994 p.
1465 1952 1545 1991 550,
1560 1953 1603 1983 22
1618 1948 1684 1983 Τ11.
1702 1949 1926 1983 ‘termonem

363 2002 503 2038 Ennius
519 2002 662 2038 Graeca
682 2002 951 2037 consuetudine
971 2002 1076 2044 dixit,
1092 2013 1202 2047 quem
1221 2014 1288 2037 nos
1302 2013 1400 2037 nunc
1414 2002 1625 2044 terminum,
1639 2001 1710 2036 hoc
1722 2001 1834 2036 modo
1847 2001 1927 2038 «in-

364 2056 468 2102 genti
484 2084 489 2090 .
507 2085 514 2090 .
531 2085 537 2090 .
553 2057 671 2091 termo
692 2057 771 2091 est»
792 2057 830 2090 et
852 2055 1066 2091 «hortatore
1082 2083 1088 2089 .
1105 2084 1111 2089 .
1129 2083 1135 2089 .
1150 2066 1261 2100 quam
1274 2057 1424 2100 (quam
1444 2055 1532 2089 iam
1546 2054 1631 2089 Vat.
1643 2054 1676 2088 R
1690 2054 1927 2089 etSMomm-

365 2109 445 2144 seni
465 2109 541 2153 qui
560 2109 649 2144 iam
669 2109 726 2144 ed.
740 2110 811 2154 pr.)
829 2109 967 2153 finibus
985 2109 1155 2144 termo».'
1170 2108 1309 2143 Paulus
1329 2109 1554 2143 ‘termonem
1568 2107 1710 2142 Ennius
1728 2107 1927 2142 terminum

366 2162 486 2196 dixit!
586 2162 638 2197 Cf.
654 2162 771 2196 Varro
792 2162 838 2196 de
858 2162 880 2196 1.
896 2162 935 2196 L.
950 2175 973 2197 v
993 2166 1035 2196 21
1059 2162 1182 2206 ‘apud
1202 2161 1355 2196 Accium
1374 2172 1448 2196 non
1474 2160 1655 2196 terminus
1683 2161 1747 2196 sed
1767 2163 1926 2196 termen:

364 2215 445 2257 1100,
461 2215 594 2250 Graeci
614 2216 714 2260 quod
732 2214 906 2260 τέρμονα,
918 2217 1007 2260 pote
1020 2214 1077 2250 vel
1093 2214 1225 2250 illine.'
1244 2214 1430 2250 Usenerus
1443 2214 1483 2249 in
1496 2213 1676 2249 Fleckeis.
1692 2213 1815 2249 annal.
1832 2226 1928 2249 cxvn

367 2269 487 2313 (1878)
506 2281 542 2313 p.
558 2272 601 2303 51
624 2280 676 2313 sq.

487 2321 554 2355 XX
569 2323 664 2367 (481)
696 2322 828 2357 Festus
842 2333 877 2367 p.
891 2324 971 2365 396,
985 2325 1002 2356 1
1019 2321 1084 2356 Th.
1103 2322 1241 2356 ‘restat
1259 2331 1327 2366 pro
1342 2321 1459 2356 distat
1473 2320 1528 2355 ait
1540 2320 1681 2355 Ennius
1694 2330 1832 2365 ponere
1846 2331 1929 2355 cum

368 2373 426 2408 his
447 2374 548 2409 dieat
568 2374 753 2420 «impetus
774 2379 841 2411 aut
858 2374 970 2421 longe
991 2403 998 2409 .
1015 2403 1021 2409 .
1042 2375 1211 2410 restat».’
1232 2374 1371 2409 Paulus
1394 2374 1532 2409 ‘restat
1551 2373 1693 2408 Ennius
1717 2372 1844 2418 posuit
1862 2383 1929 2417 pro

370 2426 512 2462 distat.'

488 2479 572 2513 XXI
591 2482 687 2526 (482)
721 2481 867 2516 Servius
881 2481 1066 2516 Danielin.
1082 2481 1122 2516 in
1135 2481 1225 2516 Aen.
1241 2493 1278 2515 1x
1294 2483 1361 2515 327
1381 2492 1417 2525 p.
1433 2483 1512 2522 339,
1530 2483 1572 2514 15
1587 2479 1682 2514 Thil.
1700 2479 1859 2514 ‘temere
1874 2506 1880 2512 .
1898 2507 1904 2512 .
1922 2506 1928 2512 .

373 2532 562 2578 significat
575 2533 653 2568 sine
667 2545 789 2569 eausa.
804 2534 948 2569 Ennius
961 2535 1087 2570 «haud
1100 2563 1106 2568 .
1121 2563 1127 2569 .
1142 2563 1148 2568 .
1161 2534 1272 2569 corde
1285 2535 1341 2579 (m
1350 2535 1453 2568 ente
1470 2533 1505 2568 ‘e
1520 2532 1644 2567 Servio
1658 2531 1840 2567 Danielis’
1853 2531 1930 2566 Me-

369 2585 465 2631 rula)
485 2585 722 2631 gubernas».'
746 2587 798 2622 Cf.
816 2587 936 2623 ‘tristi
957 2599 1040 2623 eum
1061 2587 1171 2623 corde
1191 2587 1355 2622 volutat’
1378 2586 1468 2621 Aen.
1482 2599 1520 2621 VI
1541 2588 1618 2620 185.

491 2733 575 2771 478
602 2732 768 2771 Labitur
793 2736 914 2773 uncta
939 2735 1075 2773 carina
1092 2737 1136 2773 ut
1156 2732 1239 2781 386
1380 2734 1465 2772 480
1492 2732 1560 2782 qui
1580 2733 1739 2778 added&
1764 2733 1930 2780 intelliqo

373 2793 442 2842 qui
461 2792 604 2831 finibus
622 2793 748 2831 termo
767 2792 865 2832 fixus
886 2795 981 2838 erat,
1004 2797 1038 2833 et
1061 2795 1108 2832 de
1131 2793 1274 2832 finibus
1303 2793 1349 2841 ef.
1371 2795 1560 2832 certamen
1584 2793 1724 2829 navale
1746 2792 1931 2840 Vergilia-

371 2864 467 2890 num
485 2850 583 2902 Aen.
602 2865 630 2891 v
655 2860 731 2900 139
751 2864 828 2900 sqq.
950 2854 1032 2892 481
1064 2853 1170 2893 haud
1193 2853 1397 2892 Turnebus
1420 2851 1520 2891 haut
1540 2850 1582 2889 O.
1603 2851 1836 2890 Muellerus:
1862 2851 1932 2889 aut

491 2912 682 2962 impetus:
701 2911 747 2960 cf.
767 2908 850 2959 386
