2020 3334
455 230 767 267 LACTANTIUS.
806 233 985 269 NONIUS
1005 234 1290 271 MARCELLUS
1477 237 1654 272 LXXXIX

102 343 219 383 hodie
246 344 411 381 exstant.
444 343 547 381 Nam
575 357 673 393 quae
700 347 904 395 praeterea
924 346 1107 385 Enniana
1131 348 1269 386 attulit
1295 343 1401 400 (ann.
1426 350 1504 386 111
1517 362 1599 398 sqq.
1620 351 1659 387 et

105 398 208 454 268)
229 402 404 441 dubitari
429 414 506 439 non
532 404 663 451 potest
682 405 776 453 quin
797 418 841 442 ex
862 417 919 452 00,
945 419 1021 454 quo
1042 407 1179 454 multa,
1204 407 1324 445 immo
1343 408 1515 457 plurima
1535 408 1657 456 duxit,

105 461 289 501 Cicerone
314 461 528 510 repetierit.

221 521 403 571 Vestigia
428 521 642 559 memoriae
666 521 882 569 Ennianae,
907 523 968 560 his
994 525 1201 571 postremis
1226 526 1471 575 principatus
1491 526 1658 564 Romani

103 580 345 631 temporibus
371 592 463 618 rara
482 580 726 630 plerumque,
750 581 815 619 hic
833 581 917 619 11110
936 583 1070 630 paullo
1091 582 1282 631 densiora,
1307 585 1511 633 tamquam
1531 586 1657 635 spicas

103 640 353 691 sublegimus,
380 639 447 678 sed
473 652 497 677 a
517 637 768 678 Constantini
792 640 958 689 imperio
985 641 1034 678 ad
1060 641 1270 680 Theodosii
1289 654 1303 678 1
1321 642 1437 679 finem
1464 644 1568 692 quod
1594 657 1653 681 ex-

104 699 281 738 tenditur
312 699 511 738 saeculum
538 692 593 751 (h.
621 710 651 735 e.
679 700 864 747 quartum
891 711 913 736 a
941 698 1028 736 Chr.
1056 693 1111 752 n.)
1144 702 1189 737 ut
1219 701 1363 738 multos
1388 701 1507 739 habet
1532 716 1658 752 gram—

104 760 269 797 maticos
290 760 330 796 et
349 759 495 796 artium
517 758 739 807 scriptores,
765 759 823 795 ita
842 759 986 796 multos
1006 759 1263 807 reliquiarum
1283 760 1551 797 Ennianarum
1572 774 1658 799 auc-

104 821 218 857 tores.
246 817 420 863 Quorum
445 817 780 867 locupletissimus
807 818 876 865 est,
909 818 979 866 qui
1004 830 1124 867 prope
1152 818 1199 855 ab
1231 819 1346 856 initio
1378 820 1535 869 imperii
1562 818 1659 857 Con-

107 878 273 917 stantini
300 877 388 924 fuit,
414 875 567 915 Nonius
594 876 813 914 Marcellus.
840 876 878 914 Is
911 889 998 914 cum
1030 877 1071 914 in
1104 878 1370 925 compendiosa
1395 878 1569 916 doctrina
1593 892 1661 928 per

106 937 252 988 viginti
283 936 404 974 libros
436 935 650 974 distributa
681 937 913 974 immensam
945 936 1086 974 silvam
1122 936 1437 974 observationum
1475 939 1660 976 sermonis

105 996 242 1034 Latini
273 1009 361 1034 011111
393 995 581 1045 exemplis
613 996 790 1033 veterum
822 996 1072 1044 potissimum
1103 997 1309 1045 poetarum
1340 997 1379 1033 et
1415 997 1661 1046 scriptorum,

107 1068 273 1105 quorum
298 1068 389 1105 pars
414 1055 603 1104 pleraque
629 1054 741 1092 nobis
767 1056 924 1092 servata
949 1067 1026 1092 non
1047 1056 1116 1102 est,
1142 1056 1362 1104 exponeret,
1387 1057 1542 1104 praeter
1562 1058 1661 1093 0010-

106 1128 168 1154 105
195 1115 316 1152 Ε111111
347 1114 585 1152 carminibus
617 1114 872 1164 praecipuam
905 1115 944 1151 et
975 1114 1216 1152 fructuosam
1242 1126 1401 1163 operam
1427 1113 1544 1151 dedit.
1578 1115 1661 1165 Ego

105 1174 282 1213 retinebo
307 1175 385 1212 mei
403 1174 580 1212 instituti
598 1174 805 1221 rationem,
832 1186 950 1222 quam
971 1186 1091 1222 supra
1110 1174 1151 1210 in
1170 1173 1310 1210 Verrio
1332 1173 1470 1211 Flacco
1491 1174 1530 1210 et
1549 1173 1662 1211 Festo

106 1247 185 1272 non
210 1246 289 1271 uno
315 1234 472 1271 nomine
498 1233 621 1270 Nonii
653 1232 847 1271 similibus
880 1233 1050 1282 explicui
1082 1234 1122 1270 et
1152 1232 1329 1270 stabilire
1362 1232 1511 1280 studui,
1544 1245 1663 1281 quare

107 1306 185 1331 non
227 1305 413 1342 quaeram
452 1292 594 1341 quibus
632 1292 808 1330 fontibus
834 1304 926 1330 usus
957 1292 1111 1330 Nonius
1151 1304 1227 1340 quo
1265 1291 1380 1329 modo
1419 1303 1514 1340 opus
1553 1304 1663 1329 suum

108 1353 419 1400 concinnaverit,
457 1364 576 1401 quam
616 1352 883 1400 quaestionem
923 1363 1049 1400 nuper
1093 1351 1246 1401 egregie
1288 1350 1497 1400 profligare
1536 1351 1664 1399 coepit

107 1412 168 1448 W.
189 1412 240 1449 M.
261 1411 436 1461 Lindsay
461 1412 503 1448 in
522 1411 657 1448 libello
677 1411 832 1448 Nonius
852 1410 1076 1448 Marcellus.
1105 1408 1247 1447 Oxonii
1269 1403 1438 1461 1901*),
1465 1409 1530 1447 sed
1550 1410 1663 1446 unius

109 1471 230 1508 Ennii
255 1483 413 1509 eausam
440 1483 560 1521 agens
585 1470 825 1520 patefaciam
851 1470 885 1508 si
909 1471 1046 1520 potero
1077 1471 1266 1518 quantam
1297 1470 1450 1518 partem
1482 1480 1665 1506 versuum

109 1530 381 1569 Ennia-norum
406 1530 558 1568 Nonius
591 1530 672 1568 sive
704 1530 809 1568 solus
841 1529 922 1567 sive
955 1542 1042 1567 cum
1077 1529 1166 1566 aliis
1201 1528 1417 1566 servaverit
1451 1528 1490 1564 et
1525 1526 1664 1574 quibus

109 1589 235 1628 modis
256 1601 319 1628 eos
340 1601 437 1638 quos
459 1589 572 1627 affert
591 1590 712 1627 citare
733 1589 858 1627 soleat
878 1590 917 1626 et
936 1589 1016 1626 alia
1036 1600 1135 1636 quae
1156 1600 1243 1625 cum
1257 1587 1317 1625 his
1331 1586 1444 1624 rebus
1459 1586 1666 1624 coniuncta

110 1651 212 1697 sunt,
244 1651 289 1686 ut
320 1649 393 1687 11οο
421 1662 543 1686 unum
569 1649 790 1687 declaretur
817 1650 964 1697 quanto
991 1648 1079 1685 usui
1104 1647 1257 1684 Nonius
1284 1646 1404 1683 Ennii
1429 1644 1666 1683 carminibus

110 1709 240 1746 fuerit.
273 1708 319 1745 In
346 1721 425 1757 qua
448 1721 489 1746 re
516 1710 672 1746 tantum
699 1708 820 1755 abest,
849 1709 893 1744 ut
918 1706 1130 1744 verendum
1156 1707 1208 1744 sit
1233 1718 1293 1753 ne,
1319 1718 1406 1742 cum
1431 1704 1582 1742 Nonius
1608 1705 1667 1741 tot

111 1769 319 1818 scriptores
345 1770 579 1818 excerperet,
605 1780 746 1818 parum
772 1769 863 1816 apte
890 1768 960 1803 aut
984 1766 1137 1803 utiliter
1162 1778 1285 1802 unum
1310 1777 1355 1802 ex
1380 1764 1429 1801 iis
1455 1776 1524 1812 per
1549 1775 1588 1801 se
1609 1775 1666 1801 so-

110 1828 193 1865 lum
225 1828 440 1865 tractatum
473 1840 625 1874 eamus,
657 1829 704 1864 ut
735 1825 928 1864 confidam
959 1825 1139 1863 nonnihil
1178 1824 1365 1861 utilitatis
1404 1835 1449 1860 ex
1487 1824 1668 1871 separata

112 1886 423 1925 consideratione
456 1887 573 1924 unius
606 1885 656 1924 ad
687 1886 911 1923 universam
939 1884 1208 1933 quaestionem
1234 1882 1541 1920 redundaturum
1569 1893 1668 1930 quae

112 1947 171 1984 est
195 1945 242 1983 de
267 1945 408 1983 Nonio.
442 1945 519 1983 Sed
545 1958 699 1983 necesse
725 1946 785 1983 est
809 1945 980 1994 primum
1003 1943 1178 1993 singulos
1198 1942 1318 1979 libros
1339 1941 1580 1978 excutiamus
1602 1940 1669 1988 qui

112 2018 182 2054 pro
215 2005 444 2043 diversitate
477 2006 797 2056 argumentorum
831 2016 909 2041 11011
941 2004 1125 2052 poterant
1156 2014 1232 2039 non
1266 2001 1420 2038 diversa
1453 2011 1669 2049 proponere

113 2065 300 2114 exempla.
334 2064 439 2115 Ergo
473 2065 623 2114 primus
654 2063 766 2110 liber,
799 2063 867 2111 qui
899 2064 958 2099 est
989 2062 1034 2099 de
1062 2062 1297 2108 proprietate
1321 2070 1540 2097 sermonum
1565 2052 1620 2109 (p.
1645 2059 1665 2093 1

114 2118 320 2176 —68M.),
339 2124 436 2161 haec
461 2123 581 2161 habet
600 2123 800 2159 Enniana:
829 2120 1054 2170 tragoedias
1074 2133 1110 2168 p.
1128 2120 1193 2166 20,
1210 2120 1262 2156 22
1273 2119 1323 2155 Μ.
1345 2118 1501 2154 Ennius
1515 2115 1670 2153 Andro-

112 2183 224 2221 meda
244 2179 331 2234 [11]3
350 2196 386 2231 p.
404 2183 471 2229 39,
493 2183 516 2219 3
538 2182 586 2218 Ε.
602 2181 744 2219 Medea
763 2180 870 2218 emate
891 2175 976 2229 [n];
1001 2192 1037 2227 p.
1062 2178 1126 2225 15,
1145 2179 1196 2215 12
1218 2177 1268 2214 Ε.
1289 2176 1415 2223 Telefo
1436 2171 1517 2226 [v];
1537 2187 1582 2213 ex
1602 2187 1669 2212 an-

113 2241 268 2280 nalibus
299 2242 396 2279 haec
421 2254 457 2289 p.
480 2241 547 2287 51,
570 2241 623 2277 14
650 2240 699 2276 Ε.
727 2239 864 2277 annali
883 2239 947 2276 lib.
969 2250 1019 2274 m
1036 2233 1106 2287 [1];
1132 2249 1167 2285 p.
1191 2236 1257 2283 66,
1280 2236 1331 2273 26
1367 2229 1475 2287 (post
1507 2228 1668 2284 satiras)

113 2301 215 2339 idem
234 2300 372 2338 annali
390 2299 454 2337 lib.
483 2312 571 2336 VJHJ
589 2294 719 2350 [xn1];
744 2311 781 2347 p.
798 2298 864 2346 63,
880 2297 904 2334 8
927 2296 976 2333 Ε.
997 2296 1060 2334 lib.
1082 2307 1188 2332 XVIII
1204 2290 1268 2345 [1].
1289 2293 1409 2332 Porro
1428 2307 1465 2342 p.
1488 2294 1554 2336 33,
1575 2294 1597 2330 7
1621 2293 1669 2329 E.

113 2363 338 2408 satyrarum
363 2359 427 2396 lib.
448 2371 499 2396 III
520 2354 591 2409 [1];
616 2371 652 2407 p.
676 2358 743 2405 66,
765 2357 816 2393 25
845 2356 893 2393 Ε.
919 2357 1143 2403 satyrarum
1163 2354 1225 2391 lib.
1247 2366 1298 2390 III
1316 2348 1416 2403 [111];
1442 2351 1582 2401 quibus
1609 2364 1669 2389 30-

115 2419 218 2457 cedit
242 2432 280 2468 p.
304 2419 370 2466 64,
392 2419 444 2455 31
480 2418 563 2456 5010
588 2416 708 2454 Ennii
739 2416 895 2454 nomine
929 2414 1073 2452 allatus
1106 2425 1240 2451 versus
1278 2412 1481 2450 annalium
1506 2423 1546 2448 1v
1572 2411 1617 2447 fr.
1645 2423 1668 2446 1.

115 2479 168 2516 Et
192 2478 234 2515 hi
265 2477 424 2527 quidem
456 2489 590 2515 versus
622 2487 754 2514 omnes
787 2474 834 2512 ab
862 2486 938 2511 uno
967 2473 1096 2510 Nonio
1128 2472 1312 2519 citantur,
1344 2471 1411 2520 qui
1442 2470 1669 2518 plerumque

116 2532 291 2587 (praeter
313 2538 380 2585 63,
401 2531 446 2588 8)
472 2537 647 2586 integros
668 2546 801 2572 versus
823 2533 946 2581 affert,
972 2543 1266 2580 nonnumquam
1286 2529 1499 2568 sententias
1518 2529 1670 2577 plenius

116 2587 236 2635 etiam
268 2609 387 2645 quam
419 2608 516 2645 opus
549 2597 634 2632 erat
664 2592 926 2643 perscribens,
958 2591 1068 2629 velut
1098 2604 1134 2639 p.
1159 2590 1298 2639 15,12
1333 2588 1508 2627 enodare.
1547 2587 1669 2633 Telefo

118 2653 266 2694 ‘veram
291 2667 454 2704 qaorum
479 2656 590 2693 liberi
615 2654 685 2712 teto
710 2653 792 2691 dati
816 2651 915 2689 Sunt
938 2652 982 2688 tn
1007 2650 1100 2688 bello
1124 2660 1202 2687 non
1227 2649 1385 2687 libenter
1403 2648 1494 2685 haee
1513 2646 1671 2684 enodari

235 2768 262 2808 *)
283 2768 355 2810 Qui
373 2767 466 2802 mihi
486 2765 680 2812 persuasit,
694 2764 869 2807 Nonium,
889 2773 1115 2807 quamquam
1135 2761 1248 2796 etiam
1261 2759 1442 2805 glossaria
1457 2755 1669 2792 adhibuisse

117 2815 315 2858 videretur,
336 2815 534 2860 scriptores
555 2815 592 2848 et
610 2813 741 2858 poetas
761 2811 861 2856 ipsos
877 2809 1055 2845 evolvisse
1070 2811 1107 2844 et
1121 2807 1363 2853 excerpsisse:
1382 2805 1420 2840 id
1435 2803 1533 2848 quod
1547 2802 1584 2835 in
1599 2801 1669 2854 En-

117 2863 179 2897 nio
201 2863 238 2897 et
258 2862 389 2897 Plauto
410 2862 464 2897 ita
485 2872 563 2896 esse
583 2860 675 2894 mihi
696 2870 839 2903 semper
859 2856 1053 2903 probabile
1073 2856 1191 2890 visum
1211 2856 1267 2889 est
1287 2853 1344 2898 (cf.
1367 2848 1668 2904 Osc3Froehd1us

118 2911 160 2945 de
180 2911 304 2946 Nonio
320 2910 497 2945 Marcello
516 2913 549 2944 et
570 2908 694 2943 Verrio
714 2906 859 2941 Flacco.
886 2904 1004 2940 Berol.
1022 2906 1137 2948 1890),
1159 2904 1196 2937 01
1215 2902 1253 2936 111
1268 2900 1385 2935 Ε111110
1399 2897 1548 2943 qmdem
1563 2905 1668 2942 spero

119 2957 189 2992 hoc
208 2957 254 2992 iis
274 2968 370 3002 (11130
389 2968 487 2991 1111110
507 2954 661 3001 exposui
679 2953 823 2999 liquido
842 2952 1041 2998 probatum
1060 2951 1116 2986 iri.
