2004 3278
645 168 813 204 VARIA:
841 167 1140 204 EUHEMERUS
1503 168 1680 204 CCXXIII

113 281 282 332 apologo
314 279 560 320 restituendo
596 282 680 319 tam
711 281 950 319 Ribbeckius
985 293 1105 330 quam
1136 283 1203 319 ten
1234 280 1423 320 Brinkius
1451 282 1681 331 peccarunt:

111 342 286 391 integros
312 352 447 379 versus
473 352 658 390 reparare
684 342 851 391 cupiunt
875 341 934 378 ita
959 341 1039 378 rati
1064 341 1106 378 in
1132 353 1177 378 ea
1202 353 1244 379 re
1269 341 1420 378 nullam
1453 353 1531 379 non
1564 340 1681 378 liber-

110 402 235 439 tatem
261 399 337 438 sibi
362 411 595 438 concessam.
629 400 714 451 Ego
738 401 794 438 sic
820 399 1045 438 arbitrabar
1071 400 1283 451 apologum
1313 400 1501 449 quoniam
1528 399 1680 438 Gellius

111 459 286 497 testatur
312 459 517 508 quadratis
543 460 735 508 scriptum
760 459 893 507 fuisse,
920 471 1085 507 quorum
1113 459 1189 497 duo
1210 459 1325 497 affert
1343 459 1439 509 ipse,
1464 471 1577 508 posse
1597 459 1681 497 fieri

98 520 157 561 ,ut
181 518 223 555 in
248 518 475 556 narratione
496 517 616 557 Gellii
639 519 820 568 quamvis
842 519 973 556 soluta
992 518 1166 556 numeris
1185 518 1343 557 residua
1363 514 1492 557 essent
1511 519 1681 569 vestigia

112 577 307 627 quaedam
333 579 549 616 metrorum
577 590 678 627 quae
701 577 917 627 aliquando
937 577 1117 626 fuissent,
1143 578 1183 614 et
1204 577 1300 615 haec
1320 579 1457 626 paucis
1476 578 1543 616 sed
1563 579 1679 616 certis

109 636 267 675 indiciis
292 638 517 686 patefacere
543 637 688 675 studui.
714 636 805 675 Non
831 637 949 674 aliter
973 637 1015 674 in
1035 636 1270 685 Euhemero,
1296 638 1338 674 in
1366 649 1444 685 quo
1466 637 1560 675 licet
1579 637 1681 675 nihil

111 708 180 735 nos
194 697 415 735 testimonii
429 696 639 735 adiuvaret
652 690 763 748 (nam
776 694 1035 734 Columellam
1048 697 1286 734 removimus
1301 708 1371 734 nec
1382 696 1574 734 Varronis
1584 696 1679 734 fides

113 750 204 808 est),
229 757 374 805 tamen,
402 757 590 805 quoniam
612 767 683 793 nec
702 755 802 793 mihi
821 767 892 793 nec
912 755 1002 794 aliis
1023 755 1208 793 credibile
1227 755 1357 794 visum
1377 756 1436 793 est
1461 755 1562 793 hanc
1582 755 1681 805 pris-

110 815 237 853 tinam
263 826 344 853 esse
368 815 488 852 Ennii
515 828 633 864 quam
653 813 886 853 Lactantius
912 814 1048 852 tradat
1067 815 1300 863 orationem,
1325 814 1472 853 licebat
1493 827 1680 864 quaerere

111 886 331 923 ecquanam
355 875 458 913 forte
484 886 693 913 numerosa
719 875 849 912 essent
874 875 916 912 in
944 874 1005 912 his
1037 874 1228 923 reliquiis,
1261 873 1402 923 quibus
1435 874 1530 923 quid
1561 886 1680 924 passa

111 935 214 972 esset
245 933 342 971 haec
373 933 564 972 memoria
594 933 810 983 patefieret.
837 933 923 972 Hoc
948 934 1118 982 institui,
1150 935 1190 971 et
1215 935 1296 972 iam
1327 933 1417 971 vide
1448 933 1548 971 mihi
1580 946 1679 983 quae

111 993 224 1031 nulla
251 992 431 1031 adhibita
455 993 675 1031 mutatione
702 1006 747 1031 ex
772 993 833 1031 his
860 993 1067 1031 sententiis
1092 992 1323 1042 prodierint.

283 1059 328 1091 60
346 1043 506 1101 primus
529 1053 573 1091 iu
597 1053 711 1091 terris
735 1053 944 1101 imperium
968 1052 1163 1090 summum
1191 1051 1331 1091 Caelus
1357 1050 1529 1100 (habuit)

284 1119 326 1150 72
353 1112 434 1150 tum
458 1111 629 1151 Saturno
654 1103 772 1160 filius
797 1113 864 1160 qui
882 1101 1040 1160 primus
1064 1114 1182 1150 uatus
1208 1114 1263 1150 est
1286 1123 1372 1150 eum

112 1168 170 1208 Cf.
191 1182 293 1210 scen.
315 1171 382 1209 44.

262 1237 329 1269 117
354 1229 461 1280 νέρθε
478 1229 726 1279 principesve
744 1231 983 1279 populorum
1008 1231 1171 1279 hospitio
1195 1231 1271 1269 sibi
1290 1252 1348 1256 —

263 1297 329 1328 132
356 1290 607 1338 dumibusque
633 1291 770 1329 amieis
795 1293 907 1339 atque
932 1291 1103 1340 eoquatis
1127 1291 1211 1329 suis
1230 1312 1288 1316 -

109 1347 200 1387 Non
219 1348 289 1388 hos
315 1362 451 1388 versus
478 1361 559 1388 esse
586 1350 649 1388 aio
670 1350 792 1387 Ennii
817 1349 884 1388 sed
909 1362 1116 1388 numerum
1141 1350 1183 1387 in
1202 1350 1264 1387 his
1283 1349 1412 1388 verbis
1434 1350 1555 1388 etiam
1575 1362 1678 1387 nunc

112 1409 291 1458 agnosci:
317 1410 357 1447 et
380 1409 477 1447 haec
503 1410 695 1458 quattuor
720 1409 898 1458 exempla
925 1408 958 1446 si
984 1410 1071 1458 quis
1099 1409 1275 1447 conferre
1302 1409 1473 1447 voluerit
1498 1421 1588 1447 611111
1613 1410 1679 1447 ten

110 1467 268 1505 Brinkii
292 1467 468 1507 versibus
494 1468 622 1506 multa
648 1467 832 1506 machina
858 1469 1009 1517 paratis
1035 1468 1246 1519 intelliget,
1273 1468 1368 1517 quid
1395 1468 1448 1506 sit
1474 1468 1579 1518 quod
1599 1468 1681 1505 dixi

113 1526 249 1565 doctos
274 1527 365 1565 falli
391 1526 496 1577 quod
521 1540 656 1566 versus
682 1528 857 1578 integros
883 1529 922 1565 et
948 1528 1154 1566 continuos
1180 1529 1390 1566 restituere
1416 1529 1578 1567 instant.
1607 1527 1683 1565 Sed

114 1587 173 1623 est
192 1586 303 1624 aliud
323 1599 446 1638 genus
467 1587 510 1624 in
530 1588 726 1637 promptu.
749 1586 813 1624 Fr.
827 1599 870 1625 1v
890 1589 982 1625 sunt
1002 1588 1194 1636 quattuor
1213 1587 1345 1638 στίχοι,
1370 1588 1412 1624 111
1433 1586 1574 1636 quibus
1595 1587 1681 1625 nul-

112 1645 174 1683 lus
201 1647 261 1683 est
286 1657 420 1684 versus
447 1645 611 1697 integer,
637 1659 729 1685 nam
755 1658 803 1683 ne
829 1646 980 1696 primus
1008 1646 1168 1695 quidem

283 1712 327 1743 83
354 1705 492 1744 deiude
521 1706 637 1744 Titan
655 1707 865 1754 postquam
888 1707 1044 1744 rescivit
1066 1704 1239 1744 Saturno
1263 1706 1367 1753 filios

109 1764 268 1813 poterat
291 1765 351 1803 ita
376 1764 495 1803 scribi
521 1777 544 1802 a
567 1767 699 1814 poeta,
725 1765 792 1804 sed
817 1766 910 1803 sunt
933 1765 1155 1815 particulae
1180 1777 1378 1815 versuum,

282 1830 328 1862 84
351 1824 500 1863 seducit
521 1835 650 1863 secum
673 1824 777 1872 fiilios

282 1890 327 1922 86
354 1894 488 1932 eosque
512 1895 624 1922 muro
649 1885 872 1933 oireusmeyit
895 1887 930 1922 et
953 1885 1180 1929 custodiam,

111 1953 212 1990 quae
238 1941 355 1980 fidem
380 1943 535 1981 faciunt
560 1956 639 1981 non
664 1944 811 1981 temere
837 1944 879 1980 in
904 1943 965 1981 his
992 1945 1153 1994 agnosci
1179 1956 1372 1982 numeros.
1398 1939 1459 1982 Ut
1484 1945 1642 1981 mittam

283 2008 327 2039 99
353 1993 491 2041 deiude
516 2002 605 2040 Pam
630 2014 717 2041 eum
742 2003 894 2041 deducit
918 2004 962 2041 iu
987 2002 1201 2051 (montem),

110 2060 156 2097 fr.
171 2072 229 2099 vn
247 2060 297 2098 ab
318 2060 407 2099 aliis
427 2062 469 2099 in
489 2061 586 2099 duos
608 2061 822 2110 quadratos
841 2062 1036 2101 violenter
1059 2064 1238 2100 coactum
1259 2074 1338 2100 non
1357 2063 1475 2100 vacat
1494 2063 1680 2110 numeris,

110 2119 216 2167 quod
241 2120 396 2159 omissis
423 2121 512 2158 aliis
537 2121 601 2158 vel
626 2121 723 2158 haec
747 2120 919 2170 probant

260 2185 326 2217 108
353 2181 387 2217 et
411 2178 514 2227 quae'
533 2180 746 2218 secumdum
769 2191 878 2218 mare
903 2180 987 2218 loca
1012 2183 1135 2218 esseut
1159 2180 1347 2218 omuibus.

110 2237 211 2274 Item
239 2250 284 2275 ex
309 2250 383 2277 v111
409 2238 544 2277 elicias

260 2304 327 2335 109
354 2309 400 2336 ea
425 2296 643 2345 tempestate
667 2297 848 2347 Iuppiter

346 2358 390 2395 iu
415 2360 540 2395 moute
568 2355 729 2406 Olympo
755 2358 969 2396 maximam

260 2423 328 2454 110
353 2415 407 2454 ad
432 2427 519 2455 eum
543 2417 586 2455 in
611 2418 674 2455 ius
698 2417 903 2456 veniebant
925 2418 961 2455 si
985 2428 1083 2465 quae
1107 2428 1169 2455 res
1193 2419 1237 2455 iu
1262 2419 1523 2456 controversia

112 2475 152 2511 et
177 2486 222 2511 ex
246 2486 287 2511 1x

261 2541 327 2571 113
353 2535 568 2573 humanam
593 2546 749 2574 caruem
772 2536 904 2574 solitos
929 2536 1066 2574 esitare

261 2599 327 2631 115
354 2593 473 2632 edicto
491 2595 740 2642 prohibuisse
763 2606 812 2633 ue
836 2595 964 2633 eiceret
987 2606 1028 2633 eo
1054 2595 1135 2634 cibo
1160 2607 1195 2634 v.

110 2650 170 2688 Ex
195 2663 222 2688 x
247 2651 410 2690 afferam

262 2718 328 2749 119
355 2715 365 2749 f
391 2713 584 2751 amicitiae
610 2724 655 2751 ac
680 2711 846 2760 foe'deris
870 2714 1057 2751 memoria
1082 2716 1315 2758 conservari,

112 2770 157 2806 ut
182 2769 299 2807 simul
325 2770 454 2809 dicam
479 2771 535 2809 ibi
561 2772 678 2821 plura
704 2784 787 2810 esse
814 2784 914 2820 quae
940 2773 1107 2811 minima
1131 2774 1353 2811 mutatione
1379 2773 1429 2810 ad
1455 2785 1544 2811 suos
1570 2786 1680 2811 revo-

113 2829 196 2865 cari
221 2841 403 2867 numeros
430 2830 653 2870 videantur.
682 2830 738 2868 Of.
763 2832 857 2869 129.
880 2831 973 2870 131.
1006 2831 1144 2881 Neque
1170 2834 1353 2871 omittam
1386 2845 1431 2870 ex
1457 2845 1498 2869 XI
1524 2835 1681 2881 praeter

112 2887 151 2925 id
180 2888 285 2936 quod
310 2900 430 2938 supra
456 2891 576 2928 attuli
