2004 3278
284 198 425 234 CLXVI
797 194 840 228 Π.
867 193 931 228 DE
949 192 1104 227 LIBRIS
1122 190 1356 227 ENNIANIS

286 308 515 353 κατάστασις
534 305 694 357 ἔμεινεν.
722 304 843 343 Cuius
862 304 1060 352 instituta,
1086 316 1197 342 sacra
1215 303 1396 352 maxime,
1416 306 1662 344 enumeravit
1680 305 1843 353 Ennius,

283 381 362 406 non
387 365 616 416 explanavit
641 366 711 403 aut
739 365 867 402 colore
894 364 1066 430 quodam
1090 363 1245 413 poetico
1269 376 1411 413 parum
1435 366 1591 415 gratam
1620 364 1731 415 poesi
1761 377 1843 403 1113-

282 426 423 464 teriem
447 425 646 462 distinxit·
672 423 867 473 siquidem
891 423 1021 461 tenuit
1045 424 1087 460 in
1107 422 1272 472 reliquis
1290 436 1451 470 morem,
1477 436 1594 473 quem
1614 425 1844 490 superstites

286 499 331 522 ex
356 485 429 523 hoc
448 497 588 535 genere
607 496 742 521 versus
763 477 823 535 (11.
843 477 908 536 m)
930 482 1151 521 ostendunt.
1179 481 1265 527 Quo
1284 482 1500 532 liberalius,
1525 484 1634 532 puto,
1658 495 1707 521 ne
1725 484 1844 522 nimis

283 557 400 594 parce
431 543 633 582 videretur
662 543 817 580 Numae
850 543 1081 580 memoriam
1111 543 1315 590 tractasse,
1346 542 1515 593 Egeriae
1546 542 1722 581 fabulam
1754 554 1844 580 con-

284 604 423 650 texuit,
456 603 567 641 cuius
599 604 733 640 tamen
765 613 865 639 unus
897 603 1054 640 tantum
1086 603 1125 639 et
1156 602 1226 650 qui
1256 602 1323 639 vix
1355 602 1620 639 coniecturam
1651 601 1699 639 de
1724 601 1845 640 Ennii

284 663 511 700 narratione
537 660 717 699 concedit
742 661 901 711 elegans
926 661 1147 699 versiculus
1172 662 1297 699 restat
1322 661 1389 699 olli
1413 661 1611 708 respondit
1632 662 1768 699 suavis
1785 672 1844 699 so-

283 734 357 760 nus
383 721 547 770 Egeriai
573 715 638 773 (1)
664 720 723 758 De
750 733 830 770 qua
856 732 958 769 quae
985 719 1119 758 Cicero
1145 720 1282 758 scribit
1307 719 1354 757 de
1373 720 1448 770 leg.
1468 733 1484 757 1
1505 721 1542 768 1,
1562 721 1601 768 4,
1627 732 1715 758 cum
1742 720 1846 758 ridet

283 793 360 829 eos,
387 781 457 830 qui
477 793 500 818 a
524 781 651 830 poetis
677 779 770 817 ficta
794 792 865 828 pro
890 780 994 818 veris
1012 778 1196 828 habeant,
1215 791 1283 818 nec
1302 779 1433 817 dubito
1458 781 1552 827 quin
1571 779 1689 818 iidem
1708 782 1742 818 et
1759 791 1847 818 cum

283 841 430 888 Eyeria
455 840 693 878 conlocutum
716 839 892 877 Numam
917 841 951 877 et
975 839 1024 877 ab
1050 839 1185 887 aquila
1213 839 1427 887 Tarquinio
1453 840 1601 887 apicem
1624 840 1846 887 impositum

277 901 434 947 putent,
472 898 629 937 videtur
659 897 780 936 Ennii
810 911 961 936 memor
991 898 1211 948 scripsisse,
1249 911 1295 936 ex
1327 911 1404 947 quo
1435 899 1603 937 fortasse
1634 898 1753 936 ceteri
1786 911 1845 936 re-

284 958 485 1007 petierunt
508 958 605 996 haec
630 957 676 995 de
702 957 848 1008 Egeria
872 957 1048 1007 nympha
1072 957 1135 995 vel
1160 969 1282 996 musa.

400 1017 492 1055 Non
516 1017 655 1066 multa,
687 1016 755 1055 sed
786 1018 920 1054 tamen
951 1016 1073 1066 paulo
1104 1016 1219 1066 plura
1252 1016 1299 1054 de
1332 1015 1464 1054 Tulli
1488 1016 1693 1054 Hostilii
1724 1029 1846 1068 regno

285 1076 334 1114 ad
360 1088 430 1114 nos
450 1078 724 1125 pervenerunt,
750 1088 919 1124 quorum
938 1076 1127 1125 pleraque
1147 1070 1356 1129 (vl—xrv)
1377 1075 1426 1113 ad
1445 1075 1747 1126 trigeminorum
1766 1089 1846 1114 cer·

283 1136 435 1174 tamina
460 1136 671 1185 pertinent,
704 1147 831 1185 pauca
858 1134 907 1172 ad
931 1135 1082 1172 Fufetii
1113 1134 1224 1173 dolos
1256 1148 1301 1173 ac
1332 1147 1500 1184 poenam
1527 1129 1608 1187 (xv.
1629 1147 1709 1174 XVI.
1730 1130 1845 1189 xvn).

283 1194 341 1232 Ac
366 1194 515 1232 Fufetii
540 1207 682 1232 nomen
708 1189 770 1247 (v)
799 1194 906 1243 quod
930 1194 1072 1232 horum
1097 1206 1283 1233 versuum
1309 1206 1448 1245 agmen
1474 1194 1614 1232 ducere
1639 1193 1747 1242 iussi,
1778 1207 1847 1244 po-

282 1255 362 1291 tuit
392 1254 461 1291 ille
493 1254 572 1291 dux
599 1255 720 1291 etiam
746 1253 843 1291 alibi
868 1253 1078 1302 nominari,
1110 1254 1177 1292 sed
1203 1266 1290 1291 cum
1315 1255 1466 1291 incerta
1492 1254 1544 1291 sit
1570 1254 1691 1303 sedes,
1721 1254 1848 1291 malui

283 1313 444 1362 plenum
475 1325 617 1350 nomen
647 1314 690 1350 in
721 1312 916 1361 principio
948 1313 1188 1351 narrationis
1221 1314 1379 1362 apponi.
1411 1313 1470 1350 De
1502 1312 1694 1364 singulari
1724 1315 1847 1351 certa-

283 1372 400 1420 mine,
426 1384 474 1409 ne
500 1374 665 1421 pereant
690 1371 876 1423 legiones,
902 1372 1055 1410 Merula
1080 1372 1183 1410 vidit
1208 1372 1418 1410 deliberari
1437 1372 1483 1409 fr.
1502 1385 1561 1420 VI,
1588 1372 1635 1410 de
1656 1385 1734 1422 qua
1753 1372 1848 1411 deli-

285 1431 491 1469 beratione
522 1430 702 1480 pluribus
727 1431 858 1469 verbis
883 1432 930 1468 ut
955 1431 1055 1469 solet
1082 1430 1164 1482 egit
1189 1431 1405 1481 Dionysius
1430 1431 1557 1469 Halic.
1577 1445 1624 1469 m
1647 1434 1696 1470 11
1721 1433 1760 1470 et
1782 1433 1848 1480 12,

289 1490 324 1529 εἰ
353 1489 622 1541 ποιησαίμεθα
659 1488 763 1542 μέρει
796 1488 871 1528 τινὶ
901 1495 970 1541 τῆς
1001 1488 1152 1529 ἑαυτῶν
1184 1496 1362 1543 στρατιᾶς
1397 1488 1571 1543 ἑκάτεροι
1607 1489 1675 1530 τὸν
1714 1488 1846 1543 ἀγῶνα

286 1551 353 1598 11,
376 1551 448 1599 113
474 1550 521 1587 cf.
547 1562 575 1588 V
602 1550 669 1598 23,
691 1550 714 1587 3
755 1547 978 1601 συνέβησαν
1016 1548 1070 1600 μὴ
1108 1549 1252 1596 πάσαις
1289 1548 1623 1588 ἀποκινδυνεῦσαι
1659 1553 1743 1596 ταῖς
1781 1550 1848 1589 δυ-

285 1609 446 1660 νάμεσιν
478 1607 573 1646 ἀλλὰ
605 1606 728 1660 τρισὶν
762 1606 953 1660 ἀνδράσιν
985 1605 1049 1658 ἀφ’
1085 1607 1284 1661 ἑκατέρας,
1315 1608 1453 1647 Livius
1478 1622 1493 1647 1
1520 1610 1587 1659 23,
1610 1611 1646 1648 9.
1678 1610 1849 1659 Reliqua

283 1669 432 1718 partim
458 1668 509 1706 ad
534 1669 729 1706 certantes
755 1668 988 1718 trigeminos
1014 1668 1199 1706 videntur
1222 1669 1361 1705 referri
1387 1663 1474 1720 (vn.
1494 1681 1578 1707 vm.
1599 1663 1672 1721 m),
1700 1670 1848 1718 partim

284 1727 335 1765 ad
361 1739 520 1765 causam
545 1726 687 1776 capitis
712 1726 880 1764 Horatio
906 1727 1050 1765 victori
1077 1726 1270 1778 agendam
1295 1727 1344 1765 ob
1369 1740 1503 1765 necem
1535 1728 1691 1766 sororis.
1717 1729 1848 1767 Hora-

284 1788 381 1826 tium
406 1799 524 1835 quem
542 1799 616 1825 vm
641 1785 761 1824 habet
780 1786 875 1824 olim
897 1785 1086 1824 Coclitem
1104 1788 1245 1836 putavi
1263 1788 1426 1836 propter
1444 1787 1587 1825 saltum
1607 1789 1646 1825 et
1665 1787 1706 1824 in
1726 1787 1792 1825 lib.
1807 1801 1849 1827 1v

285 1845 416 1895 posui:
442 1858 545 1883 nunc
571 1845 798 1883 testimonio
826 1845 964 1883 cedens
991 1845 1159 1884 secundo
1185 1846 1341 1883 restitui
1367 1846 1435 1883 ubi
1454 1858 1531 1883 11011
1552 1848 1685 1895 potest
1703 1847 1780 1885 nisi
1801 1847 1848 1885 de

284 1918 362 1943 uno
387 1905 689 1955 trigeminorum
714 1904 904 1955 intelligi,
932 1917 1174 1954 quamquam
1195 1905 1300 1943 salta
1320 1905 1425 1954 quod
1445 1905 1490 1943 de
1510 1905 1677 1943 Horatio
1699 1904 1848 1944 Coclite

285 1965 536 2014 aptissimum
562 1966 648 2001 erat
674 1958 872 2015 (converso
897 1965 940 2002 in
963 1976 1003 2002 se
1025 1965 1158 2013 yladio
1183 1965 1295 2003 celeri
1318 1964 1446 2002 saltu
1464 1966 1712 2012 profundum
1741 1966 1849 2004 Tibe-

283 2026 340 2062 ris
358 2025 473 2072 petiit
496 2036 574 2061 non
601 2022 647 2060 de
670 2022 818 2061 Coclite
844 2023 912 2061 sed
934 2023 981 2060 de
1007 2036 1051 2062 eo
1077 2023 1148 2073 qui
1170 2022 1328 2061 Coclitis
1356 2024 1576 2072 exemplum
1595 2025 1777 2062 imitatus
1798 2025 1850 2062 sit

285 2083 342 2121 ait
366 2083 550 2121 Valerius
575 2083 770 2120 Maximus
790 2095 831 2121 iv
854 2083 890 2131 7,
912 2077 970 2135 2),
996 2082 1042 2120 de
1062 2082 1231 2121 Horatio
1255 2083 1465 2133 trigemino
1491 2084 1620 2122 minus
1647 2084 1848 2122 commode

284 2142 361 2181 dici
386 2142 553 2180 videtur.
581 2141 659 2179 Sed
683 2143 774 2179 utut
799 2144 869 2190 est,
894 2141 974 2179 iam
999 2154 1057 2181 vn
1078 2144 1117 2180 et
1135 2154 1209 2180 vm
1234 2154 1274 2180 se
1300 2141 1500 2192 excipiunt
1524 2143 1583 2180 ita
1607 2144 1653 2180 ut
1677 2143 1849 2192 primum

284 2201 475 2239 Horatius
500 2201 638 2251 fugam
664 2201 835 2249 simulet,
868 2214 946 2250 qua
972 2214 1081 2251 spem
1107 2214 1261 2239 omnem
1286 2201 1554 2239 Romanorum
1581 2203 1740 2248 evertit3
1772 2202 1848 2240 Ro-

284 2273 421 2299 manas
454 2261 558 2298 enim
591 2256 752 2309 ‘speres'
786 2263 905 2309 poeta
938 2256 1124 2299 ‘nostras'
1151 2261 1251 2298 dixit
1276 2273 1350 2298 usu
1374 2260 1537 2308 Latino,
1570 2273 1615 2299 ac
1641 2262 1848 2308 sententia,

286 2332 385 2370 quae
406 2319 629 2358 desiderata
648 2320 767 2370 vulgo
787 2319 1106 2369 interpunctione
1125 2319 1422 2367 obscurabatur,
1447 2320 1581 2368 potuit
1599 2321 1663 2358 vel
1682 2323 1849 2359 evertens

284 2380 348 2418 vel
373 2379 496 2417 simili
519 2379 732 2428 participio
759 2379 992 2417 continuari.
1019 2379 1172 2417 Deinde
1190 2378 1295 2417 idem
1315 2380 1516 2416 occasione
1536 2379 1630 2417 data
1649 2381 1848 2418 revertens

286 2438 409 2486 (saltu
428 2438 584 2486 Inyenti
608 2438 709 2476 redit
733 2439 933 2488 supplevit
951 2432 1206 2490 Ribbeckius)
1233 2438 1313 2475 iam
1333 2437 1508 2488 singulos
1529 2438 1598 2487 qui
1618 2440 1850 2487 supererant

286 2497 457 2536 Curiatii
494 2497 725 2547 aggreditur
762 2493 946 2550 (Dionys.
978 2497 1105 2536 Halic.
1131 2510 1178 2535 111
1206 2498 1273 2544 20,
1295 2499 1331 2535 2.
1353 2497 1396 2544 3;
1435 2496 1573 2535 Livius
1600 2510 1614 2534 1
1643 2498 1709 2545 25,
1733 2499 1767 2534 7.
1790 2492 1847 2550 8).

287 2556 462 2602 Quorum
486 2557 557 2593 uni
581 2556 784 2594 minitanti
809 2557 1020 2606 respondet
1046 2551 1138 2610 (111).
1164 2556 1211 2594 111
1235 2555 1284 2594 115
1311 2568 1412 2605 (11130
1440 2557 1603 2603 restant,
1630 2568 1655 2593 x
1680 2557 1848 2594 matrem

287 2615 493 2667 significat,
520 2614 680 2652 Horatii
704 2617 814 2665 puto,
841 2616 874 2654 si
900 2628 1013 2654 suum
1033 2616 1074 2653 in
1093 2616 1167 2653 1100
1185 2615 1287 2654 libro
1307 2615 1438 2653 locum
1456 2616 1542 2652 iure
1562 2615 1714 2653 obtinet
1734 2610 1849 2667 (olim

286 2677 428 2725 quarto
455 2669 677 2727 adscripsi),
705 2688 804 2723 quae
832 2675 926 2724 quid
951 2676 1089 2714 fecisse
1115 2675 1270 2713 dicatur
1293 2687 1372 2712 non
1398 2677 1574 2723 apparet,
1601 2674 1667 2712 sed
1692 2674 1850 2719 videtur

287 2734 483 2772 sententia
509 2734 564 2771 sic
590 2734 767 2782 suppleri
785 2733 840 2772 At
862 2746 954 2779 sese,
978 2746 1066 2773 sum
1091 2746 1189 2783 quae
1213 2734 1371 2772 dederat
1394 2734 1435 2771 in
1461 2734 1621 2771 luminis
1646 2745 1749 2778 oras,
1777 2733 1849 2771 Ob-

286 2794 373 2832 tulit
398 2788 479 2846 (vel
507 2787 680 2845 obiecit),
710 2793 791 2831 filio
816 2794 959 2832 victori
984 2793 1130 2842 credas,
1163 2794 1208 2831 ut
1233 2793 1268 2831 ei
1293 2794 1421 2830 mater
1445 2791 1602 2830 obviam
1627 2792 1717 2829 iisse
1744 2792 1848 2830 dica-

286 2855 354 2890 tur
386 2851 716 2901 quemadmodum
747 2864 857 2891 soror
887 2853 1020 2903 fratri,
1055 2854 1095 2890 et
1125 2854 1264 2891 matris
1296 2850 1455 2901 quidem
1486 2850 1532 2889 fit
1562 2852 1710 2889 mentio
1743 2851 1848 2900 apud

287 2911 524 2961 Dionysium
555 2910 682 2950 Halic.
709 2924 755 2950 111
781 2913 849 2961 21,
870 2913 906 2950 2.
928 2913 965 2950 4.
1004 2912 1095 2951 Non
1125 2913 1255 2951 minus
1286 2910 1514 2961 ambiguum
1547 2912 1607 2950 est
1632 2923 1673 2948 XI
1704 2910 1847 2959 Ingens
