2054 3282
316 166 399 208 186
986 156 1185 192 SCEMCA

1042 274 1127 310 vm

983 340 1189 367 'rffims'rns

309 397 394 438 349
424 394 582 447 Nolite,
607 392 810 447 hospites,
835 391 888 434 ad
913 405 980 432 me
1006 390 1132 444 adire,
1158 389 1257 431 ilico
1283 389 1391 443 istic,

427 465 493 508 Ne
520 463 717 519 contagio
743 477 837 504 mea
862 461 987 504 bonis
1012 461 1216 503 umbrave
1242 460 1367 502 obsit.

308 536 391 579 351
485 535 620 577 Tanta
644 535 708 576 vis
735 533 905 576 sceleris
931 533 975 574 in
1001 546 1178 587 corpore
1202 531 1350 574 haeret

923 615 1020 641 UNUS
1037 614 1234 640 HOSPITUM

307 672 391 715 352
419 672 628 723 Quidnam
655 674 718 713 est
744 670 919 713 obsecro
946 669 1060 725 quod
1085 671 1129 711 te
1154 668 1262 711 adiri
1287 668 1497 711 abnutas‘?

1055 785 1106 820 IX

985 853 1182 879 THYESTES

305 903 390 945 353
421 904 556 958 Eheu,
582 917 675 944 mea
700 903 883 956 fortuna,
909 903 957 943 ut
983 901 1127 943 omnia
1151 901 1197 943 in
1221 916 1288 943 me
1315 900 1607 957 conglomeras
1634 900 1746 942 mala

1067 1017 1100 1052 X

984 1084 1182 1111 THYESTES

303 1133 389 1176 354
633 1133 708 1188 pol
731 1132 840 1175 mihi
865 1133 1039 1175 fortuna
1063 1133 1200 1190 magis
1225 1147 1340 1175 nunc
1364 1133 1468 1175 defit
1493 1148 1620 1188 quam
1646 1147 1791 1189 genus.

302 1310 392 1343 quos
415 1310 498 1333 cum
517 1299 630 1333 cantu
651 1297 880 1343 spoliaveris
900 1297 1003 1332 nuda
1021 1308 1141 1343 paene
1160 1298 1329 1333 remanet
1347 1297 1476 1333 oratio.
1495 1297 1542 1318 ¹⁸⁴
1555 1309 1712 1343 quorum
1726 1297 1864 1333 similia

302 1353 387 1387 sunt
399 1352 585 1397 quaedam
599 1351 713 1386 etiam
727 1351 828 1396 apud
841 1352 998 1395 nostros,
1009 1351 1112 1386 velut
1124 1351 1189 1387 ille
1203 1351 1277 1397 (ill
1285 1362 1307 1386 a
1319 1351 1483 1397 Abrinc.)
1492 1351 1531 1386 in
1542 1351 1703 1396 Thyeste
1714 1361 1864 1395 «quem-

300 1417 387 1440 nam
402 1433 408 1440 .
426 1434 432 1440 .
450 1434 456 1439 .
473 1405 538 1450 qui
553 1405 681 1450 (quin
700 1404 851 1451 integri)
867 1433 873 1439 .
891 1434 897 1439 .
914 1405 1127 1441 senectute»
1142 1405 1180 1439 et
1193 1415 1289 1449 quae
1309 1405 1492 1441 secuntur.
1508 1416 1604 1450 quae
1623 1404 1696 1439 nisi
1715 1416 1798 1439 cum
1817 1404 1865 1439 ti-

299 1459 408 1494 bicen
428 1458 595 1502 accessit‚
616 1458 796 1494 orationis
816 1459 903 1493 sunt
928 1458 1073 1494 solutae
1100 1458 1318 1493 simillima.'
1442 1457 1494 1493 Of.
1509 1458 1653 1494 Nonius
1672 1471 1707 1503 p.
1723 1461 1803 1502 336,
1818 1461 1860 1492 31

302 1513 433 1549 ‘Varro
453 1513 538 1557 περὶ
557 1512 743 1557 ἐξαγωγῆς
756 1514 838 1558 (405
852 1512 908 1558 Β.)
924 1523 1146 1557 «quemnam
1164 1513 1202 1548 te
1222 1522 1301 1547 esse
1321 1511 1456 1557 dicam,
1475 1512 1555 1547 fera
1569 1512 1634 1558 qui
1652 1522 1766 1546 manu
1786 1521 1864 1546 cor-

299 1567 517 1612 porisffeqs.
618 1565 860 1611 ‘Thyestem'
877 1566 977 1611 quod
997 1566 1091 1601 dicit
1110 1565 1235 1602 Cicero
1255 1577 1330 1601 non
1349 1567 1476 1611 potest
1494 1565 1567 1601 nisi
1585 1565 1697 1600 Ennii
1716 1566 1862 1611 tragoe-

301 1620 401 1655 diam
419 1619 639 1666 intelligere.

416 1673 501 1708 VIH
515 1674 610 1719 (349)
642 1672 769 1708 Cicero
784 1673 890 1708 Tusc.
907 1673 1001 1718 disp.
1016 1687 1058 1708 111
1080 1677 1135 1718 11,
1150 1677 1194 1708 25
1211 1674 1329 1708 ‘nunc
1343 1673 1618 1720 aegritudinem
1632 1672 1863 1718 depellamus

302 1755 308 1762 .
323 1755 328 1761 .
344 1755 349 1761 .
362 1728 483 1762 taetra
496 1726 596 1761 enim
608 1737 666 1762 res
681 1727 747 1769 est,
762 1726 908 1770 misera,
923 1726 1157 1762 detestabilis
1171 1755 1176 1761 .
1191 1755 1197 1761 .
1215 1726 1253 1762 ¹²,
1263 1726 1295 1747 ²⁶
1308 1726 1430 1771 qualis
1444 1726 1543 1761 enim
1556 1726 1627 1761 tibi
1640 1726 1704 1761 ille
1717 1726 1870 1761 videtur·

301 1781 368 1827 [XI]
388 1782 513 1815 tamne
533 1791 620 1826 ergo
642 1779 810 1815 abiectus
829 1781 981 1825 tamque
1000 1780 1166 1815 fractus?
1186 1780 1348 1816 «nolite»
1368 1780 1492 1825 inquit
1512 1780 1720 1825 «hospites.
1735 1808 1741 1814 .
1755 1808 1762 1814 .
1777 1779 1863 1815 istic

299 1833 401 1879 (isti
421 1833 634 1879 deteriores)
653 1863 660 1869 .
680 1862 686 1868 .
707 1861 713 1868 .
735 1833 835 1868 obsit
847 1834 955 1868 tanta
969 1862 976 1868 .
991 1862 996 1868 .
1011 1862 1017 1868 .
1032 1833 1195 1870 haeret».
1213 1835 1254 1869 tu
1274 1835 1323 1878 te,
1343 1833 1518 1878 Thyesta,
1539 1833 1735 1868 damnabis
1756 1833 1863 1869 orba-

299 1886 430 1931 bisque
461 1887 544 1921 luce
568 1887 723 1932 propter
746 1887 822 1922 vim
851 1887 999 1922 sceleris
1029 1887 1187 1922 alieni?'
1338 1886 1442 1921 Idem
1468 1887 1514 1921 de
1539 1887 1630 1921 orat.
1652 1900 1693 1921 111
1719 1890 1775 1929 41,
1795 1890 1863 1922 164

302 1940 408 1975 ‘nolo
428 1951 507 1976 esse
526 1940 678 1975 verbum
698 1940 893 1986 angustius
912 1940 953 1975 id
973 1941 1072 1985 quod
1092 1940 1317 1975 translatum
1336 1940 1386 1975 sit
1399 1950 1512 1984 quam
1525 1939 1658 1975 fuisset
1670 1939 1766 1975 illud
1778 1951 1862 1984 pro-

299 1993 423 2038 prium
442 2004 485 2028 ac
505 2006 620 2029 suum.
643 1993 847 2038 «quidnam
862 2022 868 2028 .
886 2022 891 2028 .
914 1995 1014 2039 quod
1029 1994 1157 2039 (quid
1182 1993 1321 2040 integri
1339 1993 1522 2039 plerique)
1541 1994 1579 2029 te
1600 1993 1695 2028 adiri
1716 1993 1862 2038 (abire

300 2046 436 2092 mutili)
458 2047 645 2083 abnutas»
666 2049 780 2093 (352):
801 2047 934 2082 melius
955 2048 1052 2083 esset
1070 2048 1172 2082 vetas
1192 2047 1366 2092 prohibes
1387 2047 1580 2090 abstenes,
1601 2046 1778 2091 quoniam
1797 2046 1862 2081 ille

301 2100 447 2135 dixerat
465 2100 574 2136 «ilico
589 2100 718 2146 (iflico)
732 2101 818 2136 istic
835 2101 996 2147 (istinc
1014 2100 1153 2146 integri
1172 2101 1298 2146 pauci)
1314 2129 1320 2135 .
1338 2130 1344 2135 .
1362 2129 1367 2135 .
1383 2100 1504 2136 obsit»
1520 2102 1601 2146 (349
1623 2101 1718 2145 sq.).’

417 2153 468 2187 IX
482 2155 577 2199 (353)
602 2154 746 2189 Nonius
760 2167 796 2199 p.
809 2158 865 2198 90,
876 2158 920 2189 14
933 2155 944 2172 ‘
954 2154 1232 2200 conglomerare
1245 2153 1431 2188 involvere
1446 2153 1706 2198 superaddere.
1720 2152 1861 2187 Ennius

300 2207 386 2242 tithe
406 2206 469 2252 (in
489 2206 675 2243 Thieste
695 2208 750 2243 ed.
767 2219 798 2243 a.
817 2209 922 2254 1476)
942 2219 1095 2244 «cumea
1116 2236 1122 2242 .
1140 2236 1146 2242 .
1164 2236 1170 2242 .
1193 2207 1447 2253 conglomeras
1469 2206 1714 2252 (glomeras
1733 2206 1861 2252 Wolf.)

299 2259 450 2296 mala»)

419 2313 452 2347 X
472 2314 568 2359 (354)
602 2314 727 2350 Cicero
742 2314 848 2350 Tusc.
865 2315 959 2360 disp.
972 2328 1014 2349 111
1032 2318 1086 2357 19,
1099 2318 1145 2349 44
1162 2314 1436 2360 ‘quaerendum
1455 2313 1573 2360 igitur
1592 2323 1703 2357 quem
1717 2313 1765 2348 ad
1784 2323 1861 2348 mo-

301 2365 389 2400 dum
415 2366 650 2411 aegritudine
675 2368 860 2412 privemus
881 2379 966 2404 eum
985 2368 1050 2413 qui
1069 2368 1125 2403 ita
1144 2368 1248 2403 dicat
1268 2367 1355 2413 «pol
1375 2396 1381 2402 .
1399 2396 1405 2402 .
1423 2396 1428 2402 .
1451 2366 1676 2412 suppetebat
1694 2366 1786 2402 mihi
1805 2395 1811 2401 .
1829 2395 1835 2401 .
1853 2395 1859 2401 .

420 2539 503 2576 349
525 2550 601 2586 sqq.
622 2538 714 2576 Post
732 2551 836 2578 vana
861 2541 1105 2588 superiorum
1124 2541 1330 2579 conamina
1352 2542 1531 2587 quattuor
1551 2535 1793 2577 ‘bacchiacos
1812 2541 1860 2577 tc-

301 2594 522 2635 trametros’
543 2599 745 2646 descripsit
762 2598 963 2638 Bentzems
988 2601 1041 2638 ad
1060 2600 1218 2638 Davisii
1239 2600 1350 2638 Tusc.
1371 2600 1468 2647 disp.
1492 2599 1575 2637 edit.
1596 2611 1639 2646 p.
1656 2596 1709 2644 46

299 2657 390 2695 ilico
410 2658 519 2695 istic:
538 2658 586 2705 cf.
600 2657 725 2696 Plaut.
740 2669 851 2696 merc.
868 2668 917 2706 91
930 2668 949 2694 2
975 2660 1093 2708 atque
1111 2660 1202 2697 istic
1221 2660 1283 2697 sta
1302 2659 1394 2697 ilico
1534 2658 1615 2696 351
1638 2657 1726 2695 Meo
1745 2658 1861 2695 tanta

300 2716 500 2754 Bentleiuvs
523 2717 660 2755 haeret
683 2729 770 2756 meo
796 2717 886 2755 olim
910 2718 1140 2757 Ribbeckius
1163 2719 1255 2756 ilico
1280 2719 1370 2756 istic
1391 2747 1398 2755 .
1420 2747 1428 2755 .
1450 2716 1581 2756 Stetis.
1600 2717 1715 2754 tanta
1733 2716 1860 2755 Lach-

299 2787 470 2814 marmus
489 2777 542 2815 ad
559 2776 679 2815 Lucr.
699 2789 745 2814 111
766 2774 862 2814 880.
886 2776 944 2825 Of.
963 2776 1039 2816 Cic.
1053 2779 1096 2816 in
1117 2778 1224 2816 Vcrr.
1245 2780 1315 2815 act.
1332 2790 1362 2814 11
1381 2777 1443 2815 lib.
1463 2789 1478 2814 1
1499 2785 1566 2824 32,
1581 2772 1628 2810 81
1650 2776 1727 2813 nisi
1746 2777 1860 2813 tanta

301 2835 492 2873 acerbitas
505 2836 684 2885 iniuriae,
704 2837 842 2875 tanta
860 2837 932 2874 vis
952 2837 1151 2875 sceleris
1170 2837 1309 2875 fuisset
1418 2836 1502 2874 352
1522 2837 1561 2873 te
1576 2834 1744 2872 abnutas
1759 2834 1859 2872 adiri

301 2893 391 2932 olim
410 2895 640 2934 Ribbeckius
761 2896 844 2934 353
866 2895 977 2934 Eheu
995 2896 1276 2934 Lachmawnus
1295 2896 1348 2934 ad
1365 2895 1484 2934 Lucr.
1499 2907 1513 2932 1
1535 2892 1619 2941 360
1631 2906 1674 2942 p.
1691 2892 1763 2940 36:
1782 2906 1829 2931 eu
