2004 3278
474 197 689 233 SCENICA:
718 197 952 234 HECTORIS
978 199 1150 235 LYTRA.
1189 199 1359 235 MEDEA
1573 199 1698 236 CCVII

137 311 259 348 armis
283 310 349 365 ille
372 310 576 349 Hectorem
600 311 737 349 occidit
761 313 1033 360 astrictumque
1058 312 1110 350 ad
1129 324 1288 350 currum
1307 314 1426 351 tramit
1443 314 1547 351 circa
1565 324 1697 350 muros

141 369 410 408 Troianorum.
438 369 556 418 Quem
580 371 840 418 sepeliendum
866 383 952 408 cum
970 373 1081 419 patri
1108 372 1224 410 nollet
1248 372 1354 416 dare,
1379 372 1564 410 Priamus
1590 373 1696 410 Iovis

135 430 247 467 iussu
278 429 372 467 duce
403 430 603 468 Mercurio
633 430 677 467 iu
708 432 837 468 castra
862 430 1096 468 Danaorum
1127 432 1230 468 venit
1261 433 1294 469 et
1323 432 1399 477 filu
1429 443 1567 478 corpus
1599 443 1696 469 auro

135 499 339 536 repensum
371 490 534 536 accepit‚·
565 499 676 537 quem
705 489 926 536 sepulturae
951 489 1123 527 tradidit.
1157 488 1263 534 Quae
1290 490 1385 528 satis
1417 490 1514 528 bene
1547 503 1695 528 accom-

136 547 347 585 modantur
372 547 423 584 ad
449 560 495 586 ea
520 560 620 597 quae
647 561 692 586 ex
718 547 896 596 reliquiis
922 548 1114 586 Ennianis
1141 549 1321 598 cognosci
1346 549 1527 598 vidimus,
1561 562 1696 598 quam-

137 619 257 655 quam
282 606 435 657 Hygini
460 607 635 645 fabulam
661 619 810 645 meram
835 607 950 645 huius
976 607 1204 657 tragoediae
1229 608 1453 656 periocham
1479 621 1561 646 esse
1591 609 1694 646 affir-

136 678 242 704 mare
274 666 340 703 vix
371 666 474 704 licet.
508 665 615 711 Quae
643 666 747 715 quod
773 679 796 704 a
822 666 997 704 Briseide
1029 666 1189 704 initium
1220 667 1328 715 facit,
1360 667 1489 704 noluit
1513 667 1589 705 nisi
1615 668 1695 705 irae

136 724 340 763 Achilleae
367 738 526 764 causam
551 728 590 763 et
616 725 810 776 originem
836 725 988 774 aperire
1015 720 1081 778 (cf.
1109 726 1227 764 schol.
1255 724 1371 764 Gron.
1399 727 1447 764 ad
1474 739 1499 765 v
1525 726 1696 776 adscrip-

135 779 260 837 tum),
293 785 402 823 cuius
434 785 492 822 rei
523 786 671 823 mentio
704 785 825 823 etiam
857 785 962 833 apud
989 785 1163 822 Ennium
1194 786 1302 823 facta
1331 798 1413 823 esse
1445 786 1587 834 potuit.
1621 785 1696 823 Sed

137 844 321 892 Ennium,
355 845 424 894 qui
448 844 555 882 haud
579 844 740 895 ignarus
766 844 952 895 trilogiae
978 843 1218 894 Aeschyleae
1244 845 1322 882 fuit
1354 840 1418 894 (ut
1449 846 1607 883 mittam
1639 845 1695 882 in-

137 905 401 954 scriptionem,
440 903 530 942 vide
569 904 619 941 ad
644 915 687 941 XI
712 897 942 955 adscripta),
981 916 1092 942 suam
1133 904 1380 954 tragoediam
1424 904 1472 941 ad
1510 904 1697 953 Aeschyli

137 964 359 1013 exemplum
385 964 649 1013 composuisse
675 976 754 1001 non
780 965 864 1001 tam
886 964 1036 1000 certum
1059 965 1118 1001 est
1138 976 1257 1012 quam
1276 963 1469 1001 videatur.
1497 962 1572 1007 Qui
1592 964 1697 1001 enim

137 1036 237 1072 quae
263 1036 310 1060 ex
332 1022 552 1061 Homericis
579 1022 818 1061 carminibus
846 1021 896 1060 ad
922 1023 1154 1072 explicanda
1180 1022 1364 1060 Enniana
1390 1023 1582 1072 adscripsi
1608 1035 1695 1060 con-

136 1083 381 1131 sideraverit,
412 1082 613 1132 intelliget
638 1095 717 1120 non
742 1082 920 1131 ineptum
947 1095 1028 1120 esse
1054 1083 1088 1120 si
1115 1083 1183 1131 qui
1209 1082 1381 1120 Ennium
1411 1083 1697 1120 existimaverit

137 1141 187 1180 ad
211 1141 463 1180 Homericam
487 1142 639 1191 poesim
664 1154 776 1180 suam
801 1141 1048 1192 tragoediam
1074 1142 1355 1180 conformasse:
1383 1141 1487 1190 quod
1506 1140 1610 1179 idem
1630 1154 1695 1179 va-

136 1201 215 1239 lere
242 1201 288 1238 de
308 1201 428 1239 Accio
454 1203 593 1239 notum
620 1203 688 1239 est.
716 1199 865 1245 Quidni
890 1202 994 1238 enim
1014 1201 1184 1238 Romani
1209 1203 1348 1250 poetae
1375 1201 1570 1250 paulatim
1596 1200 1696 1237 didi-

137 1262 262 1299 cerint
295 1260 400 1310 quod
427 1259 567 1299 Graeci
598 1272 751 1310 semper
783 1261 1042 1298 instituerant
1072 1262 1117 1298 ut
1148 1260 1303 1298 fabulas
1336 1273 1425 1298 suas
1458 1273 1503 1297 ex
1535 1259 1697 1297 Homeri

137 1319 376 1359 carminibus
402 1319 598 1358 ducerent.

255 1378 363 1424 Quae
389 1380 652 1429 insequuntur
677 1379 836 1416 fabulae
862 1380 952 1428 tres,
978 1379 1187 1427 Hecuba,
1216 1378 1491 1428 Iphigenia,
1517 1377 1696 1426 Medea,

136 1439 210 1478 hoc
224 1452 428 1477 commune
447 1439 595 1476 habent
614 1440 659 1476 ut
673 1451 717 1476 ex
732 1438 935 1487 Euripidis
951 1438 1248 1488 cognominibus
1262 1438 1477 1488 tragoediis
1493 1450 1696 1486 expressae

137 1499 227 1537 sint.
254 1498 307 1536 Et
331 1498 572 1536 Hecubam
594 1497 752 1547 quidem
778 1497 827 1535 ab
853 1497 1043 1546 Euripide
1070 1510 1298 1535 conversam
1324 1510 1406 1535 esse
1432 1510 1520 1534 cum
1546 1495 1696 1534 Gellius

136 1559 307 1596 testatur
332 1551 396 1610 (v)
428 1559 515 1595 tum
540 1557 775 1595 confirmant
799 1557 1010 1606 reliquiae,
1044 1569 1143 1606 quae
1169 1556 1249 1594 fere
1274 1557 1333 1594 ita
1366 1557 1577 1594 concinunt
1609 1568 1698 1593 cum

137 1615 308 1665 Graecis,
333 1618 380 1654 ut
405 1618 596 1666 appareat
621 1617 726 1654 idem
745 1616 955 1665 utrobique
974 1629 1105 1653 rerum
1124 1617 1325 1666 gestarum
1344 1617 1422 1653 iter
1439 1615 1570 1653 fuisse.
1597 1614 1698 1652 Sunt

137 1678 270 1714 tamen
296 1688 398 1725 quae
424 1688 502 1714 non
527 1675 675 1714 habent
700 1675 829 1714 simile
854 1676 896 1712 in
923 1674 1081 1713 Graecis
1108 1675 1218 1713 velut
1242 1687 1284 1714 v1
1309 1676 1349 1712 et
1368 1687 1436 1722 ΧΠ,
1463 1676 1533 1712 aut
1550 1673 1698 1711 habent

137 1735 205 1774 sed
228 1747 307 1773 non
333 1735 561 1786 agnoscitur
586 1749 609 1773 a
636 1735 772 1783 doctis,
798 1735 909 1773 velut
934 1734 1171 1773 Ribbeckius
1199 1747 1287 1772 cum
1313 1735 1394 1772 alia
1421 1747 1542 1783 prave
1575 1734 1697 1782 expli-

137 1796 219 1833 cuit
246 1797 333 1832 tum
358 1807 426 1834 xrv
451 1795 552 1833 falso
580 1795 628 1833 ad
656 1795 739 1832 803
772 1794 939 1832 rettulit.
972 1793 1104 1832 Pauca
1134 1807 1214 1832 non
1246 1793 1428 1831 dubitavi
1458 1793 1531 1831 hac
1562 1792 1697 1830 fabula

136 1855 309 1904 recipere
346 1866 426 1892 non
463 1854 543 1892 alia
575 1854 622 1892 de
654 1866 773 1892 causa
806 1866 925 1903 quam
958 1854 1053 1903 quia
1085 1854 1286 1903 comparia
1319 1854 1432 1891 erant
1462 1853 1505 1890 in
1537 1851 1695 1890 Graecis

138 1908 199 1966 (XI
224 1916 263 1951 et
288 1908 391 1966 xm).

254 1973 346 2011 Non
371 1985 479 2011 secus
506 1975 565 2011 est
590 1973 631 2010 in
657 1972 930 2023 Iphigenia,
955 1973 997 2010 in
1025 1984 1102 2021 qua
1128 1972 1316 2022 pleraque
1335 1971 1440 2008 ultro
1459 1970 1638 2008 indicant
1657 1982 1697 2007 se

137 2045 219 2071 esse
245 2045 291 2070 ex
316 2031 519 2082 Euripidis
545 2032 755 2082 Iphigenia
779 2031 988 2070 Aulidensi
1013 2031 1143 2079 ducta,
1173 2032 1215 2068 in
1244 2031 1334 2068 aliis
1366 2030 1559 2068 desideres
1593 2028 1697 2077 quod

137 2092 360 2141 comparari
385 2092 510 2141 possit
536 2104 555 2128 e
582 2090 760 2139 Graecis3
795 2103 841 2128 ac
865 2090 1056 2128 nonnulla
1084 2091 1176 2128 sunt
1202 2102 1304 2138 quae
1330 2102 1418 2127 cum
1447 2090 1581 2137 aperte
1613 2100 1696 2126 sen-

136 2151 305 2188 tentiam
330 2152 370 2188 et
395 2151 588 2200 originem
613 2162 725 2188 suam
751 2149 951 2187 declarent
976 2144 1106 2202 (velut
1124 2161 1177 2186 IX.
1198 2161 1234 2185 x.
1255 2143 1328 2201 XI),
1354 2150 1487 2186 tamen
1507 2160 1530 2185 a
1550 2148 1696 2185 criticis

137 2222 260 2259 prave
286 2209 534 2259 accipiuntur
558 2208 895 2257 Ribbeckiumque
921 2207 1061 2246 mirere
1087 2208 1283 2246 obstinate
1309 2220 1470 2258 pergere
1502 2219 1591 2244 suas
1624 2206 1697 2243 fal-

138 2282 199 2307 sas
226 2269 430 2318 opiniones
455 2269 605 2306 fovere:
638 2267 705 2306 sed
731 2281 776 2305 ea
802 2267 1038 2318 singillatim
1063 2279 1165 2304 nunc
1197 2268 1380 2317 persequi
1411 2267 1513 2304 nolo.
1545 2265 1697 2315 Hygini

137 2328 273 2366 fabula
301 2328 353 2365 98
381 2328 589 2376 Iphiyenta
614 2340 693 2365 non
717 2326 837 2365 habet
863 2326 968 2375 quod
993 2339 1062 2365 nos
1090 2326 1261 2364 adiuvet.

256 2386 363 2431 Quae
383 2387 502 2425 tertia
523 2388 592 2435 est,
612 2386 788 2434 Medea,
809 2399 896 2424 eam
911 2384 1045 2424 Cicero
1065 2386 1115 2424 iis
1135 2385 1280 2424 fabulis
1294 2384 1448 2423 Latinis
1464 2384 1698 2422 adnumerat

140 2459 236 2495 quas
263 2446 314 2484 ad
339 2446 502 2484 verbum
527 2459 547 2484 e
575 2445 732 2484 Graecis
760 2457 960 2494 expressas
987 2444 1093 2483 dicit.
1121 2444 1233 2489 Quod
1258 2446 1317 2482 ita
1335 2457 1471 2482 verum
1497 2446 1566 2491 est,
1592 2444 1697 2480 utin

138 2506 335 2555 plerisque
368 2518 468 2554 quae
501 2507 657 2543 exstant
689 2505 909 2553 exemplum
943 2504 1202 2553 Euripideum
1236 2505 1491 2554 agnoscatur,
1531 2516 1697 2552 quorum

137 2564 212 2602 fide
238 2565 429 2602 nonnulla
454 2567 616 2614 propter
645 2565 770 2602 solam
801 2563 1103 2602 similitudinem
1135 2575 1223 2601 cum
1250 2562 1408 2601 Graecis
1440 2564 1482 2600 in
1512 2563 1586 2600 hac
1617 2564 1695 2599 tra-

139 2623 279 2673 goedia
304 2636 448 2673 ponere
474 2636 552 2661 non
578 2623 758 2661 dubitavi
783 2617 853 2675 (VI.
874 2635 926 2659 1x.
948 2616 1004 2674 x).
1035 2621 1111 2661 Sed
1137 2624 1176 2660 et
1200 2622 1241 2660 id
1265 2622 1505 2672 intelligitur
1525 2621 1695 2658 Ennium

138 2684 353 2721 sententias
385 2683 511 2732 magis
545 2695 663 2732 quam
694 2682 815 2720 verba
841 2681 981 2719 Graeci
1011 2683 1150 2731 poetae
1181 2682 1446 2731 interpretari.
1481 2680 1584 2717 Huic
1615 2681 1694 2716 tra-

139 2741 302 2790 goediae
333 2741 537 2791 probabile
569 2744 628 2780 est
653 2742 826 2779 Ennium
853 2741 1032 2779 Medeam
1059 2741 1205 2779 ewulem
1229 2740 1485 2789 inscripsisse,
1518 2750 1594 2786 quo
1626 2749 1693 2774 no-

138 2801 243 2838 mine
262 2800 322 2839 bis
341 2802 451 2838 terve
472 2814 494 2839 a
507 2801 637 2839 Nonio
659 2802 815 2847 citatur,
836 2800 955 2838 semel
975 2813 998 2837 a
1011 2800 1150 2838 Probo.
1170 2799 1228 2837 Ac
1241 2799 1379 2837 Medea
1393 2798 1576 2835 Enniana
1596 2808 1694 2844 quae

141 2857 373 2897 Colchorum
398 2861 531 2909 patria
555 2861 696 2898 relicta
722 2872 810 2897 cum
835 2859 974 2897 Iasone
1000 2857 1182 2897 Corinthi
1212 2860 1390 2896 moratur
1422 2858 1459 2893 et
1491 2857 1575 2893 erat
1607 2855 1695 2892 exul

140 2919 180 2956 et
204 2931 243 2957 se
270 2931 351 2957 esse
372 2917 587 2957 Corinthiis
613 2919 804 2957 matronis
831 2919 970 2956 veniae
994 2917 1266 2968 impetrandae
1293 2928 1412 2954 causa
1437 2914 1612 2964 professa
1637 2915 1696 2951 est
