2054 3282
808 168 1056 204 THYESTES
1630 169 1714 212 183

898 287 965 322 VH

155 347 239 389 337
274 347 332 389 Te
364 347 505 402 ipsum
536 348 619 390 hoc
651 351 822 403 oportet
853 349 1048 404 profiteri
1080 351 1122 391 et
1154 349 1355 404 proloqui

270 417 513 461 Advorsum
546 419 665 461 illam
698 420 804 461 mihi

893 524 977 559 VHI

834 591 905 616 TEL
909 591 1035 616 EPHUS

152 644 237 686 339
270 644 467 701 Regnum
501 644 655 699 reliqui
688 646 860 699 saeptus
892 644 1074 687 mendici
1107 645 1228 687 stola.

783 821 1085 864 THYESTES

926 927 942 960 I

150 988 238 1030 340
268 987 335 1030 Ibi
363 988 466 1044 quid
491 991 591 1045 agat
617 1002 760 1031 secum
787 988 949 1044 cogitat
974 991 1099 1043 parat
1122 991 1247 1043 putat

915 1093 949 1127 H

150 1154 233 1197 341
270 1154 353 1197 Sed
379 1155 544 1197 sonitus
572 1154 685 1197 auris
712 1170 827 1197 meas
853 1155 1009 1210 pedum
1035 1154 1162 1210 pulsu
1189 1155 1380 1210 increpat

906 1260 956 1294 ΙΙΙ

801 1326 1061 1353 THESPROTUS

147 1381 232 1423 342
265 1381 360 1423 Eho
376 1384 435 1436 tu,
450 1381 493 1423 di
513 1381 667 1436 quibus
688 1383 753 1423 est
772 1383 961 1437 potestas
982 1383 1123 1422 motus
1145 1395 1345 1435 superum
1366 1383 1493 1436 atque
1514 1381 1713 1437 inferum,

264 1452 418 1495 Pacem
444 1453 556 1494 inter
581 1467 671 1494 sese
697 1453 938 1507 conciliant,
965 1452 1190 1494 conferunt
1215 1452 1486 1495 concordiam

266 1604 332 1639 VII
346 1606 441 1651 (337)
479 1605 622 1639 Nonius
636 1617 671 1650 p.
689 1608 766 1648 232,
783 1608 828 1640 24
844 1605 1062 1640 ‘advorsum
1081 1616 1227 1639 rursum
1247 1604 1347 1650 apud
1368 1604 1555 1651 significat
1570 1633 1576 1639 .
1594 1633 1600 1639 .
1618 1633 1623 1639 .
1640 1604 1712 1639 En-

146 1659 229 1694 nius
249 1658 362 1694 telefo
383 1660 444 1695 «te
460 1687 465 1693 .
484 1687 489 1693 .
507 1687 512 1692 .
527 1658 671 1695 mihi».'

264 1712 349 1746 VHI
362 1713 457 1758 (339)
488 1711 631 1748 Nonius
644 1724 679 1757 p.
696 1715 774 1754 537,
792 1715 835 1746 27
853 1712 1007 1748 ‘stolam
1026 1713 1168 1747 veteres
1188 1723 1262 1747 non
1281 1711 1478 1747 honestam
1497 1713 1637 1747 vestem
1652 1722 1709 1746 so—

144 1765 223 1800 lum
243 1766 307 1801 sed
327 1766 442 1801 etiam
462 1776 607 1800 omnem
622 1777 718 1810 quae
732 1777 864 1811 corpus
878 1767 1031 1811 tegeret.
1047 1765 1189 1800 Ennius
1203 1765 1316 1801 telefo
1331 1766 1386 1813 [1].
1401 1765 1502 1801 idem
1521 1766 1560 1800 in
1581 1766 1712 1801 eadem

146 1830 324 1865 «regnum
343 1832 370 1854 r.
387 1821 513 1865 septus
533 1820 664 1855 medici
683 1819 830 1855 stola».'

263 1897 512 1932 THYESTES
555 1897 571 1931 Ι
592 1899 688 1943 (340)
720 1897 864 1932 Nonius
890 1909 925 1942 p.
948 1900 1027 1940 369,
1043 1899 1086 1931 25
1110 1897 1263 1941 ‘putare
1290 1896 1414 1930 animo
1440 1895 1634 1941 disputare
1655 1924 1661 1931 .
1679 1924 1709 1930 ..

144 1950 286 1986 Ennius
309 1950 471 1996 Thyeste
495 1951 663 1996 (thieste)
685 1950 762 1987 «ibi
783 1979 788 1984 .
807 1978 812 1984 .
831 1978 836 1984 .
857 1951 985 1997 coyitet
1010 1949 1208 1996 (cogitat
1233 1949 1335 1985 Harl.
1356 1962 1403 1984 m.
1424 1961 1478 1995 pr.
1499 1949 1581 1984 Par.
1603 1949 1709 1984 Bern.

144 2003 257 2049 prior)
271 2016 306 2049 p.
321 2005 481 2049 putat».'
597 2047 599 2049 q

262 2057 296 2091 II
315 2058 411 2102 (341)
449 2056 593 2091 Nonius
612 2069 647 2102 p.
664 2060 742 2100 255,
759 2060 803 2091 24
821 2057 993 2102 ‘crepare
1013 2056 1134 2092 ferire.
1149 2056 1291 2091 Ennius
1311 2056 1351 2091 in
1365 2056 1527 2101 Thyeste
1549 2056 1660 2093 «sed.
1677 2084 1684 2091 .
1702 2084 1708 2092 .

145 2110 363 2155 increpat».'

262 2163 313 2197 HI
333 2165 428 2209 (342)
468 2162 593 2198 Cicero
615 2163 661 2198 de
680 2162 751 2198 inv.
767 2176 780 2197 1
800 2166 856 2206 49,
872 2166 914 2197 91
933 2163 1230 2198 ‘controversum
1250 2163 1306 2198 est
1325 2162 1365 2197 in
1386 2174 1458 2208 quo
1480 2163 1527 2198 ad
1555 2163 1710 2198 dubium

145 2217 475 2252 demonstrandum
496 2216 610 2251 dubia
631 2227 744 2251 causa
765 2215 932 2251 adfertur
950 2216 1020 2251 hoc
1038 2217 1149 2251 modo
1168 2216 1260 2252 «eho
1280 2217 1322 2250 tu
1342 2216 1381 2250 di
1394 2216 1475 2262 (dii)
1493 2245 1498 2251 .
1516 2245 1521 2251 .
1539 2245 1545 2251 .
1561 2227 1710 2252 concor-

145 2270 296 2306 diam».'
413 2269 521 2305 Rhet.
538 2270 586 2304 ad
605 2269 807 2304 Herenn.11
827 2273 882 2312 25,
898 2273 941 2304 39
959 2269 1070 2304 ‘item
1090 2269 1264 2304 vitiosum
1284 2270 1341 2304 est
1360 2281 1443 2305 cum
1462 2269 1502 2305 id
1521 2282 1587 2315 pro
1609 2272 1708 2306 certo

145 2323 302 2358 sumitur
322 2324 421 2368 quod
441 2323 538 2358 inter
559 2334 683 2358 omnes
705 2324 852 2358 constat
872 2323 971 2368 quod
992 2323 1106 2358 etiam
1125 2334 1223 2358 nunc
1242 2323 1281 2358 in
1296 2324 1545 2359 controversia
1558 2325 1624 2367 est,
1639 2324 1710 2360 hoc

144 2498 185 2534 in
207 2508 283 2545 quo
303 2496 460 2534 nostrae
481 2507 568 2546 spes
589 2507 757 2545 opesque
785 2506 918 2533 omnes
944 2496 1043 2533 sitae
1061 2489 1064 2548 Ι
1081 2494 1218 2533 Erant.
1243 2493 1462 2534 Conradtus
1481 2496 1527 2534 de
1547 2507 1707 2544 compos.

146 2556 231 2594 Ter.
245 2568 287 2603 p.
305 2552 357 2602 65
371 2566 447 2602 sqq.
466 2552 488 2590 8
500 2565 513 2590 1
529 2569 542 2601 ,·
559 2556 605 2593 de
621 2554 860 2593 Graecorum
877 2565 982 2592 more
1001 2555 1036 2591 I.
1052 2554 1251 2593 Bekkerus
1269 2556 1392 2594 schecl.
1406 2555 1522 2593 Hom.
1536 2568 1551 2592 1
1563 2568 1606 2604 p.
1624 2563 1707 2602 274

265 2615 347 2652 337
376 2613 553 2664 profiteri
571 2615 746 2662 primam
765 2615 998 2661 productam
1015 2614 1154 2652 habere
1172 2615 1253 2652 iam
1274 2614 1321 2654 G.
1338 2615 1374 2652 Ι.
1398 2615 1556 2654 Vossius
1576 2616 1706 2662 castiy.

137 2671 243 2722 10.89
260 2675 460 2712 adnotavit
473 2676 506 2711 et
517 2676 608 2721 post
621 2685 706 2711 eum
718 2673 829 2711 multi
915 2674 998 2712 338
1013 2672 1256 2712 Advorsum:
1270 2675 1317 2722 cf.
1329 2683 1382 2720 30
1393 2684 1406 2709 1
1501 2675 1583 2712 339
1599 2686 1707 2711 men-

144 2733 221 2772 dici
240 2733 401 2771 Ium'us:
427 2733 569 2771 medici
690 2733 775 2771 340
800 2733 951 2783 paritat
975 2733 1033 2771 vel
1060 2735 1171 2771 curat
1189 2735 1416 2782 proponunt
1438 2734 1549 2771 metri
1568 2744 1707 2770 causa:

145 2804 208 2840 ⁶90
229 2804 298 2831 cur
316 2792 413 2830 nihil
432 2780 662 2830 mutandum
681 2803 870 2830 censerem
883 2793 964 2830 dim·
978 2804 1145 2840 prooem.
1161 2802 1174 2828 1
1186 2790 1268 2840 878
1283 2805 1326 2841 p.
1342 2802 1391 2828 10
1408 2786 1461 2844 (ct
1479 2802 1492 2827 1
1504 2789 1589 2828 880
1601 2804 1644 2840 p.
1662 2786 1706 2845 5)

145 2852 224 2889 coll.
249 2851 324 2890 Cic.
346 2853 398 2890 ad
416 2853 510 2899 fam.
532 2865 562 2889 11
584 2860 620 2899 5,
639 2861 659 2887 2
684 2864 730 2889 ea
754 2864 851 2902 para
876 2852 1066 2890 meditare
1093 2853 1235 2903 cogita,
1263 2864 1362 2901 quae
1388 2863 1470 2889 esse
1496 2853 1537 2889 in
1565 2863 1608 2889 eo
1630 2852 1707 2890 civi

145 2910 297 2948 debent.
322 2910 380 2958 Cf.
399 2909 479 2947 228
