2004 3278
684 185 942 220 ANNALIUM
968 185 1054 220 LIB.
1076 186 1092 219 1
1616 186 1665 226 11

802 303 974 339 XXXVII

111 367 166 409 62
199 364 319 420 Iuno,
338 364 483 419 Vesta,
514 363 719 420 Minerva,
751 363 888 421 Ceres,
918 364 1070 420 Diana,
1089 364 1247 419 Venus,
1278 365 1405 419 Mars,

199 436 448 489 Mercurius,
479 434 606 490 Iovis,
637 435 877 491 Neptunus,
897 435 1127 490 Vulcanus,
1159 435 1317 491 Apollo

796 516 986 551 XXXVIII

111 578 168 620 64
198 578 438 633 Respondit
467 577 575 620 Iuno
608 577 809 620 Saturnia
841 580 985 619 sancta
1016 576 1189 619 dearum

815 657 969 692 XXXIX

111 719 167 762 65
202 718 347 762 «Unus
379 719 460 762 erit
491 734 617 775 quem
647 722 695 761 tu
727 718 852 761 tolles
885 719 930 761 in
961 718 1129 761 caerula
1159 718 1264 761 caeli

202 784 380 840 Templa
859 829 922 864 XL

112 891 166 933 67
199 891 433 946 Postquam
465 892 700 934 consis....se
731 891 898 946 fluvius,
931 891 1006 946 qui
1038 894 1103 933 est
1134 890 1332 933 omnibus
1363 891 1561 946 princeps

111 996 185 1031 sice
206 995 309 1031 dixit.
337 1007 424 1031 nam
443 996 588 1031 caelum
606 997 714 1042 patet
733 996 780 1031 ab
800 997 883 1031 ortu
903 997 941 1031 et
960 1006 1103 1031 occasu.
1131 997 1187 1031 est
1200 997 1326 1031 autem
1341 1006 1458 1032 sermo
1472 995 1674 1039 Ennianus,

110 1050 251 1084 tractus
271 1049 318 1084 ab
339 1049 453 1092 ostiis,
475 1060 571 1094 qnae
591 1060 635 1084 ex
654 1051 812 1094 utraque
825 1050 933 1095 parte
947 1049 1189 1094 aperiuntur?
1213 1049 1265 1084 Cf.
1282 1049 1317 1084 O.
1334 1049 1389 1084 Gl.
1405 1050 1443 1084 L.
1458 1063 1495 1085 vx
1511 1053 1527 1083 1
1544 1062 1579 1094 p.
1596 1053 1674 1084 142.

228 1102 399 1137 XXXVII
413 1105 484 1149 (62)
522 1103 702 1148 Apuleius
717 1103 764 1138 de
778 1103 847 1138 deo
862 1103 959 1138 Socr.
976 1106 995 1137 2
1009 1115 1045 1147 p.
1062 1106 1092 1145 6,
1107 1106 1150 1137 23
1166 1102 1297 1138 Goldb.
1315 1103 1326 1119 ‘
1336 1104 1393 1138 est
1406 1103 1510 1138 aliud
1524 1103 1676 1137 deorum

111 1167 226 1201 genus
242 1184 249 1190 .
266 1184 295 1190 ..
318 1167 474 1201 quorum
499 1156 539 1191 in
563 1167 716 1191 numero
743 1157 829 1191 sunt
853 1156 911 1191 illi
931 1155 1128 1191 duodecim
1157 1166 1352 1191 numeroso
1382 1156 1455 1191 situ
1484 1155 1676 1191 nominum

111 1209 150 1243 in
182 1209 255 1244 duo
280 1220 404 1244 versus
432 1209 479 1244 ab
505 1209 625 1245 Ennio
651 1210 810 1245 coartati
836 1209 950 1246 «Iuno
1061 1209 1163 1245 Ceres
1270 1209 1475 1244 Mercurius
1501 1210 1600 1245 Iovis
1621 1237 1626 1243 .
1644 1237 1674 1243 ..

111 1262 268 1307 Apollo»
289 1263 476 1308 ceterique
492 1262 532 1297 id
552 1273 678 1309 genus.
753 1263 960 1298 Martianus
982 1262 1136 1308 Capella
1156 1276 1168 1296 1
1188 1266 1232 1296 42
1257 1263 1366 1297 ‘tunc
1386 1262 1500 1297 etiam
1519 1263 1561 1297 ut
1579 1262 1677 1297 inter

112 1315 204 1350 alios
228 1316 413 1361 potissimi
441 1318 661 1362 rogarentur
685 1316 803 1362 ipsius
830 1316 996 1362 collegae
1020 1316 1127 1358 101110,
1154 1316 1219 1360 qui
1244 1316 1302 1350 bis
1329 1315 1408 1351 seni
1434 1326 1517 1350 011111
1546 1315 1676 1350 eodem

112 1369 279 1404 Tonante
299 1371 541 1404 numerantur
561 1380 727 1415 quosque
748 1369 950 1404 distichum
975 1369 1235 1414 complectitur
1263 1369 1475 1403 Ennianum
1502 1368 1615 1404 «Iuno
1638 1397 1643 1403 .
1668 1396 1673 1402 .

114 1423 282 1467 Ceresque
307 1451 312 1456 .
337 1451 342 1457 .
366 1451 372 1457 .
396 1422 601 1458 Mercurius
624 1423 794 1467 Iuppiter
815 1451 820 1457 .
845 1451 850 1457 .
874 1451 880 1457 .
902 1422 1059 1467 Apollo»
1089 1422 1179 1457 item
1202 1423 1240 1457 et
1262 1423 1404 1467 septem
1426 1421 1591 1456 residui.’
1621 1421 1673 1456 Cf.

113 1475 253 1510 scholia
278 1476 318 1510 in
337 1475 520 1511 Theoduli
541 1476 714 1522 eglogam
732 1488 763 1510 v.
786 1479 983 1511 285-288.
1012 1475 1186 1521 Capellae
1207 1475 1238 1510 si
1258 1486 1333 1520 qua
1352 1475 1443 1510 fides
1463 1476 1520 1509 est
1538 1474 1676 1509 Ennia-

112 1540 201 1563 num
220 1528 407 1563 distichon
426 1529 517 1564 item
535 1529 574 1563 in
595 1529 830 1565 convocando
845 1529 997 1564 deorum
1011 1529 1169 1564 concilio
1182 1529 1306 1564 locum
1318 1528 1494 1563 habuisse
1508 1527 1674 1573 colligas.

113 1581 214 1616 Conf.
236 1581 426 1617 Bentleius
447 1583 495 1616 ad
515 1582 662 1617 Horatii
682 1593 791 1617 carm.
814 1594 907 1618 saec.
932 1587 974 1617 16
994 1595 1029 1627 p.
1052 1585 1119 1617 328
1141 1583 1176 1617 Z.

229 1635 416 1670 XXXVIII
443 1637 514 1681 (64)
572 1635 718 1670 Servius
745 1636 784 1671 in
809 1636 899 1671 Aen.
922 1649 958 1671 1v
985 1639 1053 1671 576
1080 1635 1283 1681 (sequimur
1307 1636 1345 1670 te
1372 1636 1498 1670 sancte
1525 1635 1676 1670 deorum

112 1687 279 1733 quisquis
305 1690 356 1734 es)
386 1689 466 1723 ‘aut
491 1689 797 1734 distinguendum
818 1691 990 1725 «sancte»
1011 1690 1078 1724 aut
1100 1690 1250 1725 «sancte
1276 1688 1452 1724 deorum»
1476 1687 1677 1723 secundum

112 1741 273 1775 Ennium
299 1741 395 1776 dixit
420 1742 635 1787 «respondit
656 1770 661 1777 .
685 1771 691 1777 .
715 1771 720 1777 .
742 1746 870 1779 sancta
895 1743 1049 1777 dearum
1069 1743 1271 1787 (deorum
1296 1742 1504 1787 Monac.)».'
1605 1741 1677 1775 Do-

112 1796 222 1829 natus
248 1796 314 1829 art.
337 1807 389 1841 gr.
406 1795 446 1830 G.
462 1795 500 1829 L.
515 1795 558 1830 K.
580 1809 616 1830 rv
634 1808 670 1840 p.
693 1799 771 1839 394,
789 1800 806 1830 1
835 1796 1099 1841 (soloecismus)
1128 1797 1214 1841 ‘per
1239 1795 1556 1840 comparationem
1583 1794 1678 1829 sicut

113 1848 328 1892 «respondit
355 1877 360 1882 .
384 1877 390 1882 .
414 1877 420 1882 .
447 1852 575 1884 saneta
601 1849 776 1885 dearum»
802 1860 869 1894 pro
896 1849 1155 1884 sanctissima?
1255 1848 1410 1894 Explan.
1438 1848 1477 1882 in
1504 1848 1636 1883 Donat.
1658 1858 1677 1882 0

113 1901 192 1936 cod.
220 1901 372 1936 Lavant.
398 1901 438 1936 G.
460 1902 497 1936 L.
520 1902 562 1936 K.
590 1915 627 1937 1v
651 1914 686 1947 p.
710 1906 788 1946 563,
804 1906 849 1938 20
876 1903 1140 1948 (soloecismus)
1169 1903 1255 1947 ‘per
1284 1901 1601 1947 comparationem
1626 1901 1677 1935 010

113 1954 327 1999 «respondit
345 1955 433 1990 iuno
446 1966 507 1991 sca
521 1956 689 1990 saturnia
702 1957 820 2001 (verus
841 1956 930 1991 ordo
950 1956 1139 1991 indicatur
1157 1955 1280 2000 lineis)
1301 1955 1477 1990 dearum»
1491 1965 1558 1999 pro
1573 1964 1677 1988 sanc-

112 2007 282 2042 tissima?
309 2007 507 2053 Pompeius
533 2010 726 2044 comment.
748 2009 788 2045 G.
804 2009 842 2043 L.
858 2009 900 2043 K.
915 2022 938 2044 v
958 2021 992 2054 p.
1015 2012 1154 2051 291,17
1182 2008 1445 2054 (soloecismus)
1474 2008 1560 2052 ‘per
1580 2018 1677 2042 com-

111 2060 345 2105 parationem
370 2062 586 2106 «respondit
611 2063 877 2107 (respondet
902 2073 991 2096 corr.
1006 2062 1122 2096 Paris.
1138 2061 1177 2106 C)
1194 2090 1199 2095 .
1217 2090 1247 2095 ..
1269 2065 1397 2096 saneta
1423 2061 1598 2095 dearum»
1621 2088 1650 2094 ..
1669 2088 1674 2093 .

112 2125 179 2158 pro
200 2124 242 2148 eo
263 2114 362 2158 quod
382 2115 438 2149 est
457 2114 716 2149 sanctissima’
804 2115 944 2149 Marius
963 2114 1107 2149 Plotius
1128 2114 1306 2149 Sacerdos
1320 2114 1361 2149 G.
1376 2114 1414 2148 L.
1430 2113 1473 2147 K.
1489 2126 1525 2148 v1
1543 2125 1579 2158 p.
1595 2116 1675 2155 450,

114 2169 159 2200 20
180 2166 443 2212 (soloecismus)
466 2168 552 2211 ‘per
571 2167 708 2213 gradus
730 2167 961 2210 conlationis,
982 2167 1052 2202 hoc
1072 2168 1128 2201 est
1148 2166 1447 2212 comparationis,
1462 2167 1506 2201 ut
1519 2167 1575 2201 est
1589 2165 1677 2202 «Sa-

115 2219 241 2254 turnia
255 2220 414 2264 pulchra
434 2220 609 2256 dearum»
629 2231 696 2265 pro
715 2220 992 2265 pulcherrima.'
1022 2219 1074 2255 Cf.
1092 2223 1145 2254 18.

231 2272 384 2306 XXXIX
405 2274 477 2319 (65)
521 2273 637 2309 Varro
658 2273 704 2308 de
723 2273 746 2308 l.
762 2273 799 2308 L.
815 2286 866 2308 vn
887 2277 907 2307 5
936 2273 1073 2308 ‘dicam
1099 2273 1138 2307 in
1164 2274 1234 2308 hoc
1258 2273 1353 2308 libro
1374 2273 1420 2308 de
1440 2273 1561 2307 verbis
1581 2282 1677 2318 quae

113 2336 136 2359 a
160 2325 281 2371 poetis
308 2327 393 2360 sunt
417 2326 541 2371 posita
563 2355 568 2360 .
586 2355 592 2361 .
610 2355 615 2360 .
634 2326 648 2347 ⁶
666 2326 845 2372 incipiam
865 2326 962 2361 hinc.
984 2337 1101 2362 «unus
1123 2355 1129 2360 .
1147 2355 1153 2361 .
1171 2355 1176 2361 .
1199 2326 1324 2362 cerula
1344 2338 1372 2361 c.
1388 2326 1580 2372 templa».'

114 2378 166 2414 Cf.
194 2378 347 2414 Ovidius
372 2381 458 2414 met.
485 2393 546 2415 xw
571 2383 640 2414 812
666 2380 812 2415 Mavors
838 2380 977 2414 talibus
1004 2380 1154 2414 adfatur
1180 2380 1380 2424 divumque
1411 2379 1677 2424 hominumque

113 2434 306 2477 parentem
327 2461 333 2467 .
351 2461 356 2467 .
375 2461 380 2466 .
402 2434 443 2467 tu
469 2433 561 2468 mihi
591 2433 747 2468 concilio
777 2433 965 2478 quondam
993 2434 1189 2478 praesente
1218 2433 1371 2468 deorum
1397 2435 1497 2478 (nam
1515 2443 1677 2468 memoro

113 2485 340 2531 memorique
367 2486 490 2521 animo
515 2486 580 2531 pia
602 2487 715 2522 verba
733 2486 873 2532 notavi)
895 2498 1011 2522 «unus
1038 2486 1109 2521 erit
1133 2497 1243 2532 quem
1268 2488 1310 2522 tu
1335 2486 1444 2522 tolles
1470 2487 1510 2521 in
1529 2486 1678 2521 caerula

115 2538 232 2574 caeli»
253 2539 396 2574 dixisti:
423 2541 507 2574 rata
527 2540 576 2574 sit
593 2540 788 2574 verborum
808 2550 951 2574 summa
969 2540 1142 2575 tuorum.’
1177 2540 1280 2575 Idem
1299 2540 1383 2575 fast.
1405 2553 1433 2574 11
1453 2543 1520 2574 485
1544 2539 1677 2574 ‘redde

114 2592 214 2636 patri
240 2592 385 2636 (Martis
405 2593 517 2627 verba
543 2594 640 2638 sunt)
661 2595 806 2627 natum:
838 2592 1005 2637 quamvis
1031 2592 1224 2628 intercidit
1249 2593 1353 2636 alter,
1379 2604 1447 2638 pro
1474 2604 1512 2628 se
1536 2603 1677 2638 proque

113 2645 240 2687 Remo,
261 2645 326 2689 qui
345 2645 437 2679 mihi
456 2647 583 2689 restat,
605 2646 683 2680 erit.
712 2658 830 2682 «unus
850 2646 921 2680 erit
939 2656 1050 2691 quem
1068 2647 1110 2681 tu
1129 2645 1238 2681 tolles
1265 2647 1303 2681 in
1324 2646 1473 2681 caerula
1498 2645 1615 2681 caeli»
1635 2646 1676 2680 tu

114 2697 207 2732 mihi
227 2698 373 2733 dixisti:
396 2698 471 2733 sint
490 2700 573 2734 rata
592 2699 694 2734 dicta
712 2699 833 2734 Iovis’

233 2750 295 2785 XL
316 2752 387 2796 (67)
438 2752 574 2788 Fronto
595 2752 640 2787 de
661 2754 751 2787 orat.
766 2764 801 2797 p.
820 2755 887 2787 160
900 2752 995 2787 Nab.
1025 2751 1188 2788 ‘factum
1207 2753 1278 2788 est:
1306 2751 1436 2788 eodem
1455 2751 1525 2785 hoc
1538 2751 1675 2795 v(er)bo

236 2864 288 2900 67
321 2863 376 2901 In
406 2864 622 2902 consis..„se
654 2864 747 2912 quid
778 2864 896 2902 lateat
926 2865 1070 2909 nescit),
1103 2864 1285 2903 consistit
1309 2863 1504 2900 Beckerus
1536 2862 1674 2910 ephem.

116 2921 248 2959 Marb.
276 2919 383 2969 1849
403 2934 446 2971 p.
468 2932 545 2970 331
