2020 3334
317 167 449 202 Lxxn
873 166 899 201 1.
926 142 1153 201 fflsroRIA
1171 165 1308 201 ENNH

321 275 527 327 ‘quaerwnt
551 280 595 316 in
612 280 739 326 scirpo
757 278 861 316 soliti
880 278 981 325 quod
999 277 1124 316 dicere
1140 273 1305 315 nodwm’
1325 275 1417 326 [sat.
1435 278 1510 316 inc.
1523 275 1579 328 x].
1606 277 1718 324 Quod
1737 280 1772 317 si
1790 291 1882 328 pro-

322 338 509 375 babiliter
533 338 701 385 institui,
727 337 980 385 consequitur
997 337 1045 373 ut
1062 335 1226 375 Verrius
1246 336 1429 374 credatur
1447 336 1568 375 etiam
1586 337 1707 375 Ennii
1726 339 1880 376 satura-

318 409 407 434 rum
439 396 561 444 libris,
588 407 830 444 quamquam
860 407 1055 443 nusquam
1087 396 1223 444 aperte
1254 395 1503 446 significavit,
1529 408 1688 446 operam
1717 396 1878 435 dedisse.

318 455 499 503 Denique
519 467 619 504 quae
638 454 789 492 Paulus
807 467 845 503 p.
867 454 963 503 563,
980 454 1003 492 3
1032 454 1147 492 affert
1165 454 1324 493 Ennius
1344 450 1418 493 evel
1442 457 1484 492 tu
1508 455 1671 502 dictator
1693 456 1753 494 vel
1771 467 1880 504 equo-

317 526 406 552 rwm
432 515 672 561 equitumque
695 514 879 562 magister
904 516 979 552 esto
1003 514 1062 552 vel
1087 509 1247 558 consut',
1273 526 1374 562 quae
1398 513 1515 551 certis
1533 514 1770 560 testimoniis
1790 527 1880 553 con-

317 574 398 611 stat
429 572 479 610 ad
512 571 735 622 Scipionem
766 571 999 610 Africanum
1029 573 1242 622 pertinere,
1282 585 1370 611 cum
1407 572 1603 612 similibus
1640 585 1665 611 a
1696 572 1881 612 Cicerone

318 631 491 670 laudatis
515 632 558 669 in
584 632 755 669 carmine
781 632 972 670 collocavi
997 632 1060 669 cui
1084 631 1214 679 Scipio
1238 631 1473 681 inscriptum
1499 634 1558 670 est
1578 628 1667 683 [Ν]

366 736 368 738 v
435 691 495 728 Ne
525 690 597 728 illa
630 690 788 739 quidem
818 690 1042 740 praeteribo
1075 703 1176 740 quae
1206 691 1346 729 Festus
1377 691 1502 729 tradit
1531 704 1568 740 p.
1597 691 1694 735 450,
1713 691 1766 729 18
1799 687 1881 733 ‘sus

318 751 372 788 Μ
371 746 562 788 incrvam'
582 751 626 788 in
637 750 844 797 proverbio
864 753 928 794 est,
948 750 1015 788 ubi
1034 751 1120 796 quis
1139 750 1181 788 id
1199 750 1304 788 docet
1322 750 1486 788 alterum
1505 752 1616 788 cuius
1635 751 1716 798 ipse
1735 751 1881 798 inscius

319 812 383 847 cst.
417 809 543 857 Quam
567 821 649 847 rem
673 810 718 847 in
741 809 866 847 medio
891 809 992 857 quod
1017 810 1130 847 aiwnt
1147 811 1319 857 positam
1346 809 1472 847 Varro
1498 812 1532 847 et
1556 810 1798 848 Euhemerus
1823 811 1882 847 im-

317 869 412 916 eptis
436 868 576 916 mythis
607 868 799 907 involvere
824 868 1047 906 maluerunt
1070 880 1188 916 quam
1212 868 1437 916 simpliciter
1461 870 1615 916 referre.
1648 867 1756 913 Quae
1785 869 1883 907 dicit

323 927 449 965 Varro
482 929 516 965 et
546 927 789 965 Fashemerus
820 928 986 976 possunt
1016 927 1058 964 in
1089 939 1178 965 eum
1209 927 1369 965 modum
1399 927 1584 978 intelligi,
1616 940 1693 976 quo
1725 929 1881 977 saepius

318 986 486 1024 duorum
504 987 667 1024 testium
686 987 847 1024 nomina
867 986 1112 1035 copulantur,
1140 999 1306 1035 quorum
1327 987 1428 1024 alter
1447 987 1616 1024 alterum
1635 986 1880 1036 laudaverat,

320 1046 360 1091 et
374 1045 494 1082 Ennii
500 1045 766 1083 Euhemerum
772 1045 944 1083 Varroni
957 1046 1160 1096 cognitum
1173 1046 1294 1084 fuisse
1309 1057 1428 1094 supra
1441 1058 1477 1094 p.
1492 1057 1606 1082 xxxn
1619 1047 1880 1084 memoratum

318 1105 379 1143 est
399 1099 517 1155 (Euh.
539 1097 642 1156 xm).
670 1103 746 1142 Sed
770 1105 904 1142 tamen
929 1105 1123 1142 incertum
1148 1105 1208 1143 est
1226 1105 1296 1142 illa
1317 1104 1365 1142 ad
1385 1104 1648 1142 Euhemerum
1666 1106 1812 1143 rectius
1833 1117 1882 1142 an

318 1163 369 1201 ad
393 1163 514 1201 Ennii
540 1163 803 1201 Euhemerum
828 1163 1062 1201 referantur.

434 1221 638 1260 Postremo
665 1234 766 1271 quae
792 1222 897 1272 apud
915 1222 1076 1261 Festum
1101 1224 1143 1260 in
1168 1223 1299 1273 glossa
1324 1222 1562 1260 solitaurilia
1580 1235 1617 1271 p.
1641 1224 1738 1270 412,
1754 1223 1806 1259 27
1828 1223 1882 1260 le-

316 1282 465 1332 guntur
501 1281 602 1329 quod
631 1283 667 1319 si
698 1293 723 1319 a
753 1282 847 1319 sollo
880 1276 935 1332 (h.
963 1294 992 1318 e.
1025 1283 1071 1319 ut
1102 1293 1221 1330 supra
1252 1281 1353 1319 dixit
1383 1281 1522 1319 sollum
1558 1280 1650 1319 Osce
1681 1276 1817 1334 totum)
1851 1285 1884 1320 et

317 1341 443 1378 tauris
469 1352 604 1378 earum
627 1341 842 1378 hostiarum
868 1340 1024 1378 ductum
1050 1343 1103 1378 est
1126 1352 1263 1378 nomen
1290 1341 1472 1388 antiquae
1492 1341 1790 1385 consuetudinis,
1809 1352 1884 1388 per

315 1411 439 1437 unwm
463 1399 502 1436 L
522 1400 719 1437 enuntiari
744 1410 823 1437 non
848 1402 901 1437 est
925 1400 1081 1444 mirum,
1106 1401 1200 1447 quia
1224 1399 1336 1437 nulla
1361 1402 1452 1437 twnc
1467 1400 1739 1447 ,qeminabatur
1759 1400 1884 1438 littera

317 1460 360 1496 in
394 1458 606 1496 scribendo.
650 1470 768 1506 quam
807 1458 1118 1496 consuetudinem
1150 1458 1310 1496 Ennius
1340 1459 1549 1496 mutavisse
1579 1459 1721 1506 fertur,
1758 1461 1885 1507 utpote

321 1517 496 1557 Graccus
517 1516 667 1555 Graeco
691 1528 796 1556 more
820 1528 927 1562 usus,
953 1517 1054 1565 quod
1078 1518 1138 1555 illi
1157 1529 1275 1565 aeque
1292 1517 1496 1555 scribentes
1516 1529 1561 1555 ac
1580 1518 1740 1566 leyentes
1758 1518 1885 1566 dupli-

317 1577 459 1615 cabant
482 1579 611 1614 mutas
638 1570 756 1628 (conf.
778 1589 814 1625 p.
838 1577 935 1625 534,
951 1571 1096 1630 1—5),
1124 1588 1181 1625 ea,
1207 1576 1348 1625 quibus
1375 1589 1495 1625 supra
1519 1588 1614 1615 usus
1633 1589 1719 1615 sum
1739 1577 1780 1614 in
1800 1578 1885 1615 vita

318 1635 439 1673 Ennii
464 1648 500 1684 p.
521 1647 575 1683 1x,
601 1647 679 1672 non
705 1634 891 1673 videntur
917 1634 967 1672 ad
991 1634 1138 1673 librum
1164 1636 1237 1673 aut
1261 1635 1573 1684 disputationem
1599 1635 1720 1673 Ennii
1744 1636 1883 1680 redire,

318 1695 386 1733 sed
412 1707 530 1743 quem
557 1694 606 1731 ab
625 1693 755 1732 Ennio
780 1695 980 1732 mutatum
1006 1694 1144 1739 dicunt
1168 1707 1315 1732 morem
1342 1693 1536 1732 scribendi
1562 1695 1752 1743 exipsius
1772 1694 1884 1733 libris

317 1754 388 1802 qui
419 1755 507 1791 tum
541 1753 761 1801 exstabant,
793 1754 838 1790 ut
864 1751 1090 1791 Ciceronem
1121 1753 1293 1791 vidimus
1325 1752 1375 1791 ad
1406 1754 1530 1800 ipsius
1564 1754 1742 1801 antiquos
1767 1754 1885 1792 libros

320 1807 376 1864 (p.
398 1809 517 1862 xmn)
545 1824 774 1861 provocare,
798 1811 1003 1860 probabile
1030 1813 1089 1850 est
1114 1811 1317 1862 cognitum
1342 1825 1434 1850 esse.

438 1870 515 1915 Qui
540 1871 711 1920 proximi
735 1870 912 1920 Augusti
936 1872 1205 1920 principatum
1233 1872 1463 1921 attigerunt,
1494 1870 1681 1920 Hyginus
1707 1873 1747 1909 et
1771 1871 1884 1909 Ruti-

318 1931 398 1968 lius
429 1929 579 1979 Lupus,
609 1931 658 1968 iis
692 1942 794 1978 quae
825 1929 1073 1968 necessitudo
1105 1943 1195 1968 cum
1226 1930 1354 1968 Ennio
1386 1930 1509 1967 fuerit
1541 1929 1619 1967 dici
1649 1931 1716 1968 vix
1743 1932 1884 1979 potest.

318 1989 470 2039 Hygini
504 1988 662 2037 quidem
695 2001 796 2038 quae
822 1988 1007 2027 dicuntur
1031 1989 1190 2027 fabulae
1214 1988 1362 2027 habent
1388 2001 1423 2036 0.·-
1438 2000 1511 2027 vm
1535 1988 1636 2027 hanc
1660 1989 1885 2038 inscriptio-

319 2061 408 2086 nem
434 2048 586 2087 Eadem
619 2042 851 2100 (praecessit
875 2060 932 2086 vn
957 2042 1150 2100 Antiopa)
1177 2048 1386 2096 Euripidis
1416 2060 1533 2096 quam
1557 2049 1690 2086 scribit
1714 2048 1885 2093 Ermius,

319 2119 449 2145 errore
481 2107 642 2156 quidem
674 2102 786 2159 (nam
810 2106 989 2157 Antiopa
1013 2106 1179 2145 Pacuvii
1211 2108 1307 2155 erat,
1338 2119 1417 2145 non
1442 2101 1593 2158 Ennii),
1627 2107 1694 2145 sed
1718 2108 1752 2144 is
1778 2119 1885 2146 error

318 2168 451 2204 tamen
476 2167 595 2205 natus
628 2167 687 2204 est
712 2179 757 2204 ex
782 2166 1053 2204 recordatione
1078 2165 1211 2215 Ennii,
1236 2167 1276 2204 et
1300 2167 1457 2215 praeter
1482 2167 1631 2204 ceteras
1656 2165 1885 2204 fabularum

319 2225 606 2274 inscriptiones,
625 2224 898 2263 Alexandrum
918 2225 1017 2273 dico,
1031 2226 1298 2270 Erechtheum,
1311 2224 1614 2269 Andromedam,
1629 2225 1887 2273 Iphigeniam,

324 2285 540 2332 Telephum,
573 2297 671 2333 quas
702 2284 929 2334 tragoedias
954 2284 1106 2322 Ennius
1139 2285 1209 2322 aut
1241 2284 1347 2323 solus
1374 2285 1444 2321 aut
1474 2284 1624 2333 primus
1656 2285 1887 2333 composuit,

319 2343 500 2394 mprimis
530 2343 605 2380 hae
630 2344 808 2381 Hectoris
834 2343 935 2391 lytra
965 2345 1005 2381 et
1029 2343 1173 2382 Medea
1198 2344 1285 2382 eoeul
1315 2355 1393 2380 non
1424 2342 1610 2380 videntur
1633 2342 1711 2381 nisi
1736 2356 1782 2381 ex
1808 2343 1886 2380 En-

319 2402 385 2440 nio
418 2403 567 2451 petitae
599 2414 691 2440 esse.
731 2401 808 2439 Sed
835 2404 919 2440 tam
945 2402 992 2440 de
1017 2402 1244 2440 condicione
1269 2401 1409 2439 harum
1433 2401 1658 2439 fabularum
1690 2414 1808 2450 quam
1840 2402 1887 2440 de

321 2462 483 2511 origine,
509 2462 643 2499 utrum
667 2460 832 2499 redeant
859 2461 909 2498 ad
928 2460 1079 2499 IuJium
1098 2461 1303 2511 Hyginum
1322 2459 1495 2511 Augusti
1514 2459 1715 2509 libertum,
1741 2459 1788 2498 de
1809 2472 1886 2509 quo

321 2520 531 2558 Suetonius
550 2521 593 2558 in
612 2519 882 2570 grammaticis
903 2514 953 2572 (c.
971 2514 1046 2573 20)
1067 2520 1164 2570 agit,
1183 2532 1235 2557 an
1257 2519 1306 2557 ad
1319 2519 1442 2557 alium
1456 2519 1538 2557 eius
1552 2518 1732 2567 nominis,
1753 2519 1887 2556 omnia

321 2578 487 2617 obscura
521 2580 615 2617 sunt
639 2580 679 2616 et
703 2579 864 2617 incerta.
903 2579 951 2616 In
976 2578 1123 2616 Rutilii
1151 2580 1282 2617 autem
1306 2578 1411 2627 Lupi
1434 2578 1585 2626 figuras
1609 2579 1887 2615 sententiarum

322 2632 357 2690 (1
379 2632 465 2690 12),
498 2650 614 2687 quem
645 2638 874 2676 coniectura
904 2637 1126 2676 intulerunt
1157 2638 1268 2676 Enni
1299 2648 1454 2676 versum
1479 2630 1598 2688 (scen.
1619 2630 1739 2688 408),
1769 2637 1903 2685 plane*

322 2697 522 2747 singulare
554 2698 613 2734 est
644 2698 684 2734 et
714 2698 873 2735 unicum
900 2697 1122 2746 exemplum
1146 2697 1188 2734 in
1215 2697 1288 2735 hoc
1314 2708 1454 2747 genere
1480 2696 1717 2744 scriptorum
1743 2694 1884 2743 quibus

321 2755 390 2793 ille
415 2757 554 2793 utitur.

438 2814 501 2851 Ad
527 2814 757 2852 Vitruvium
790 2814 897 2852 fama
924 2814 1081 2863 quidem
1107 2814 1349 2852 celeberrimi
1373 2815 1513 2863 poetae
1539 2813 1732 2861 pervenit,
1765 2825 1884 2861 quam

323 2873 391 2915 ille
423 2873 754 2912 existimationem
785 2872 845 2916 his
877 2873 1007 2912 verbis
1033 2874 1226 2924 expressit
1251 2873 1298 2912 de
1325 2871 1588 2912 architectura
1612 2884 1653 2909 1x
1678 2871 1801 2920 praef.
1832 2872 1884 2908 16
