2054 3282
337 174 423 216 202
1009 166 1207 202 SCENICA

1013 283 1199 318 XXXVIII

334 351 421 393 424
452 349 522 391 An
547 348 708 403 aliquid
735 347 847 401 quod
874 347 927 388 do
953 346 1016 388 nil
1040 346 1255 387 morares‘?
1287 345 1437 399 accipe.

1031 448 1183 483 XXXIX

333 515 418 557 425
450 513 518 555 Ad
543 528 639 555 eum
665 513 876 554 aditavere

723 579 725 581 ’
1079 602 1141 636 XL

331 680 416 721 426
983 675 1182 717 festivum
1212 675 1418 717 festinant
1450 676 1562 718 diem

1067 779 1148 814 XLI

330 844 415 885 427
984 841 1278 896 imprimitque
1299 856 1431 898 genae
1457 857 1610 897 genam

1061 946 1158 980 XLII

329 1009 414 1050 428
447 1007 615 1063 Topper
641 1023 767 1063 quam
792 1022 917 1049 nemo
943 1007 1096 1049 melius
1122 1007 1202 1049 scit

448 1154 635 1189 XXXVIII
650 1155 745 1200 (424)
778 1154 977 1189 Diomedes
991 1167 1004 1188 1
1016 1166 1052 1199 p.
1067 1157 1149 1197 400,
1164 1157 1207 1188 27
1218 1154 1261 1188 Κ.
1279 1154 1409 1200 ‘plura
1427 1154 1540 1189 verba
1559 1165 1655 1200 quae
1674 1154 1784 1200 vulgo
1803 1166 1888 1200 pas-

328 1209 404 1243 sivo
424 1219 524 1243 more
545 1208 775 1243 declinamus
796 1207 896 1252 apud
917 1209 1059 1242 veteres
1080 1207 1226 1242 diversa
1250 1208 1486 1253 reperiuntur
1510 1208 1707 1243 enuntiata
1725 1208 1887 1243 declina-

327 1262 428 1296 tione
449 1290 455 1295 .
473 1290 478 1295 .
500 1273 602 1296 moro
622 1261 722 1306 quod
743 1261 871 1296 crebro
890 1272 1013 1296 moror
1033 1261 1190 1295 dicimus
1212 1290 1219 1296 .
1236 1290 1242 1295 .
1260 1290 1266 1296 .
1284 1291 1290 1296 .
1311 1272 1414 1296 moro
1433 1262 1524 1296 item
1542 1262 1706 1297 Naevius
1726 1290 1733 1296 .
1750 1290 1756 1296 .
1779 1262 1885 1308 [com.

328 1318 371 1349 68
391 1316 460 1361 R.].
476 1315 566 1349 item
586 1315 767 1350 Pacuvius
783 1343 789 1348 .
806 1343 812 1349 .
827 1315 909 1361 [181
925 1315 995 1361 R.].
1017 1314 1158 1349 Ennius
1179 1326 1250 1351 «an
1270 1315 1414 1360 aliquid
1433 1316 1534 1360 quod
1553 1316 1648 1351 dono
1666 1316 1724 1351 illi
1748 1327 1888 1351 morare

325 1369 387 1403 sed
399 1369 558 1413 accipite.
574 1368 735 1403 demolio
750 1368 899 1414 (accip
908 1379 927 1403 e
937 1379 967 1403 ».
982 1368 1090 1403 item
1111 1368 1207 1403 dem
1216 1368 1307 1404 olio
1321 1368 1632 1414 Keilius)Va1-ro.'
1730 1368 1886 1404 Versum

327 1421 511 1456 scenicum
532 1423 570 1456 et
585 1421 674 1456 olim
693 1421 810 1456 habui
835 1422 1123 1466 comoediaeque
1143 1422 1324 1467 adscripsi
1344 1424 1382 1457 et
1400 1434 1499 1458 nunc
1511 1422 1642 1465 habeo,
1657 1433 1778 1467 neque
1793 1422 1887 1457 mihi

326 1486 502 1519 umquam
521 1475 664 1520 imponi
683 1486 814 1520 passus
834 1487 915 1510 sum
935 1475 982 1510 ab
1006 1475 1052 1510 iis
1075 1475 1140 1520 qui
1162 1475 1249 1510 hinc
1268 1475 1439 1510 Ennius
1465 1475 1590 1511 afiali
1610 1486 1694 1510 cum
1715 1475 1887 1510 hexame-

325 1529 382 1563 tro
397 1528 632 1564 efficiendum
647 1528 791 1574 opinati
805 1530 892 1564 sunt
906 1528 1131 1564 Stowassero
1144 1529 1323 1574 principe.
1339 1528 1391 1564 Cf.
1403 1540 1502 1564 nunc
1514 1529 1619 1564 relat.
1633 1529 1736 1564 acad.
1749 1540 1780 1564 a.
1796 1532 1886 1563 1899

325 1594 359 1626 p.
376 1586 444 1616 270
456 1594 534 1627 sqq.

443 1636 594 1670 XXXIX
607 1638 705 1682 (425)
737 1636 936 1672 Diomedes
955 1650 968 1671 1
986 1649 1022 1681 p.
1039 1639 1119 1679 345,
1132 1640 1149 1670 1
1165 1636 1208 1671 K.
1226 1636 1422 1672 ‘iterativa
1441 1636 1518 1670 sive
1537 1635 1834 1680 frequentativa.
1852 1664 1858 1670 .
1876 1664 1882 1669 .

325 1690 415 1723 item
441 1689 533 1725 adeo
556 1690 654 1725 adis:
681 1690 752 1725 hoc
771 1690 949 1725 iteramus
969 1690 1073 1725 adito
1093 1690 1216 1725 aditas
1236 1690 1463 1731 dictitantes,
1484 1690 1527 1724 ut
1546 1689 1688 1724 Ennius
1709 1690 1780 1726 «ad
1801 1700 1884 1737 eum

326 1742 563 1779 aditavere».'
585 1743 640 1778 De
658 1743 809 1778 turbato
829 1743 960 1779 ordine
978 1754 1149 1778 versuum
1168 1744 1202 1778 h.
1218 1743 1242 1777 l.
1257 1743 1341 1778 vide
1360 1743 1534 1778 Keilium.

443 1796 504 1830 XL
531 1798 627 1842 (426)
673 1796 819 1832 Servius
844 1796 1030 1832 Danielin.
1051 1797 1091 1831 in
1110 1797 1201 1831 Aen.
1222 1810 1259 1831 1x
1280 1800 1347 1831 399
1367 1808 1403 1841 p.
1422 1799 1501 1839 346,
1518 1800 1535 1830 1
1555 1796 1651 1830 Thil.
1672 1796 1886 1841 ‘pulchram

324 1852 498 1894 properet
510 1861 576 1895 per
589 1850 743 1885 vulnera
754 1852 929 1885 mortem:
951 1851 1018 1885 aut
1030 1850 1136 1885 deest
1149 1850 1253 1885 adire
1273 1851 1339 1885 aut
1359 1850 1464 1884 deest
1483 1850 1532 1884 ad
1548 1877 1554 1883 .
1571 1877 1577 1883 .
1595 1877 1601 1883 .
1617 1850 1684 1884 aut
1702 1851 1801 1884 certe
1821 1861 1885 1884 an-

324 1902 427 1947 tique
440 1905 613 1948 properet
627 1905 785 1939 mortem
797 1905 840 1938 ut
852 1903 1008 1939 Plautus
1021 1903 1078 1950 (fr.
1093 1916 1177 1938 xmv
1190 1901 1244 1949 L.)
1259 1905 1480 1949 «properate
1492 1903 1727 1948 prandium»,
1742 1902 1885 1938 Ennius

325 1957 519 1999 «festinum
536 1958 716 2001 festinant
741 1958 873 1993 dies».'
971 1957 1075 1992 Idem
1088 1957 1208 1992 Vatic.
1226 1957 1265 1991 in
1285 1967 1410 2002 georg.
1429 1970 1466 1992 1v
1487 1960 1556 1991 170
1574 1968 1610 2002 p.
1627 1959 1706 1999 333,
1724 1960 1766 1991 19
1787 1956 1882 1992 Thil.

326 2009 503 2044 ‘fulmina
515 2012 719 2056 properant
730 2012 875 2046 vetuste
894 2010 959 2054 ait,
973 2012 1016 2045 ut
1028 2010 1184 2045 Plautus
1199 2011 1425 2055 «properant
1442 2009 1666 2055 prandium»
1686 2010 1725 2045 et
1742 2009 1884 2045 Ennius

325 2063 497 2105 «festinat
516 2065 659 2099 diem».’

441 2116 520 2151 XLI
540 2119 635 2163 (427)
674 2117 822 2152 Servius
840 2117 880 2152 in
900 2117 989 2152 Aen.
1008 2130 1045 2152 vl
1065 2121 1133 2152 686
1153 2117 1278 2162 ‘genis
1298 2116 1499 2162 palpebris.
1521 2116 1662 2151 Ennius
1683 2117 1729 2152 de
1749 2117 1884 2152 dormi-

324 2170 409 2203 ente
429 2169 694 2215 «inprimitque
712 2181 831 2217 genae
851 2173 975 2216 (rene
994 2170 1126 2206 Hamb.
1148 2170 1359 2215 inprimit
1383 2180 1618 2216 genaeque
1642 2170 1800 2216 Monac.)
1820 2181 1884 2216 ge-

323 2223 460 2258 nam».'
582 2223 634 2258 Cf.
649 2235 733 2259 ann.
749 2227 827 2259 532.

435 2275 531 2310 XLII
550 2278 645 2322 (428)
683 2278 814 2313 Festus
833 2290 869 2323 p.
890 2281 970 2321 532,
986 2281 1029 2312 17
1050 2277 1116 2312 Th.
1135 2278 1289 2322 ‘topper
1309 2277 1520 2323 significare
1541 2276 1596 2312 ait
1617 2277 1787 2313 Artorius
1808 2277 1882 2313 cito

443 2424 528 2460 424
550 2424 673 2462 Teneo
697 2427 924 2465 sententiam
948 2437 1066 2474 quam
1089 2426 1180 2464 ovim
1197 2427 1387 2474 proposui
1406 2437 1492 2464 cum
1516 2425 1574 2463 nil
1592 2437 1746 2464 morare
1767 2427 1801 2463 et
1819 2437 1882 2463 ac·

323 2482 408 2531 cipe
421 2483 663 2521 scribendum
683 2485 824 2524 conieci
831 2499 845 2531 ,·
865 2488 899 2524 et
916 2487 958 2524 in
976 2496 1129 2524 summa
1146 2496 1190 2524 re
1206 2496 1354 2523 mecum
1371 2485 1540 2533 faciebat
1550 2484 1801 2531 Ribbeckias;
1815 2485 1883 2523 sed

324 2553 409 2580 eam
426 2541 551 2580 lenius
567 2553 672 2581 mmo
690 2555 870 2592 recupero
894 2546 950 2583 sic
967 2544 1031 2582 An
1058 2544 1209 2594 aliquid
1234 2544 1339 2594 quod
1365 2543 1414 2582 do
1439 2544 1496 2582 nil
1521 2542 1723 2582 morares‘?
1750 2544 1882 2594 accipe

321 2601 356 2639 h.
379 2612 406 2639 e.
427 2600 477 2639 do
499 2601 558 2639 nil
577 2595 712 2655 (nihil)
734 2614 778 2641 ex
803 2602 904 2642 dono
927 2604 988 2642 illi
1006 2605 1210 2642 nanciscor
1230 2606 1264 2642 et
1280 2615 1453 2642 morares
1473 2615 1518 2642 ew
1535 2615 1689 2642 morare
1709 2602 1776 2641 sed
1794 2604 1828 2641 h.
1852 2615 1880 2641 e.

322 2660 509 2699 morares?
529 2660 625 2699 abiit
647 2662 689 2699 in
713 2663 894 2710 moi-arel}
921 2659 964 2716 (i.
980 2675 1008 2701 e.
1028 2676 1181 2701 morare
1199 2657 1282 2716 fed)
1294 2677 1309 2709 ,·
1333 2666 1367 2701 et
1384 2674 1556 2701 morai-es
1582 2664 1663 2702 iam
1682 2662 1773 2701 olim
1792 2662 1882 2701 editi

323 2720 412 2758 libri
430 2719 542 2769 vulyo
562 2721 888 2769 circmnferebant.
903 2722 969 2760 sed
984 2722 1102 2761 deleri
1120 2724 1235 2762 iussit
1254 2724 1368 2761 etiam
1380 2722 1542 2760 Keilius.
1557 2723 1719 2769 denique
1738 2733 1789 2759 an
1809 2722 1880 2759 ali-

324 2778 430 2827 quid,
446 2790 519 2827 quo
534 2779 631 2818 nihil
650 2781 780 2828 aptius
799 2783 891 2826 erat,
905 2793 953 2819 ne
969 2784 1133 2830 temptes,
1146 2781 1291 2821 Seneca
1306 2782 1447 2820 Troad.
1464 2789 1547 2829 973
1570 2793 1620 2818 an
1643 2781 1777 2830 aliqua
1789 2793 1880 2830 poe-

322 2850 395 2876 nae
419 2850 511 2887 pars
536 2852 645 2878 meae
670 2840 808 2890 ignota
833 2842 892 2879 est
917 2840 1025 2885 mihi,
1047 2844 1080 2878 et
1100 2841 1292 2890 Vergilius
1311 2853 1410 2879 anne
1431 2841 1586 2889 aliquis,
1607 2853 1706 2878 anne
1727 2840 1880 2889 aliquas

441 2899 524 2936 426
546 2898 734 2938 festivum
751 2898 915 2939 Daniel:
940 2900 1143 2938 festinum.
