2054 3282
338 224 419 266 166
1002 214 1200 251 scnch

1092 332 1126 367 V

954 392 1100 420 ΜΕΒΕΑ
1118 392 1189 426 (250.
1205 393 1268 427 251)

336 449 421 491 262
763 459 863 486 nam
888 445 954 484 ter
980 442 1057 484 sub
1084 441 1214 483 armis
1240 441 1387 483 malim
1412 441 1546 483 vitam
1572 455 1754 497 cernere,

452 518 586 568 Quam
612 515 741 558 semel
766 515 892 556 modo
918 527 1076 569 parere.

1086 617 1137 652 VI

953 679 1076 705 CREON
1091 677 1254 711 (352-354)

334 731 420 773 264
453 730 498 773 Si
524 733 567 772 te
593 729 774 771 secundo
801 727 961 769 lumine
986 727 1057 768 hic
1083 727 1309 782 offendero,

451 801 644 843 Moriere.

333 933 490 965 tremum
510 940 652 963 versum
679 928 854 972 quoniam
879 927 1093 962 testimonio
1121 928 1267 962 constat
1286 927 1496 963 Ennianum
1522 939 1613 972 esse,
1633 929 1724 973 quid
1745 929 1791 964 de
1809 928 1894 964 reli-

334 984 416 1029 quis
430 983 670 1018 iudicandum
684 982 733 1015 sit
746 981 785 1015 in
798 982 973 1026 promptu
987 982 1059 1015 est:
1076 981 1140 1015 sed
1155 991 1234 1016 esse
1247 991 1372 1016 versus
1383 981 1572 1017 Ennianos
1587 982 1633 1017 de
1640 982 1774 1017 Medea
1786 993 1893 1018 nemo

334 1036 518 1072 intellexit
531 1037 616 1070 ante
627 1036 668 1069 A.
679 1034 907 1069 Politianum
918 1034 1134 1079 (miscellan.
1144 1046 1172 1069 c.
1184 1036 1254 1080 27),
1267 1035 1331 1079 qui
1346 1035 1492 1070 collatis
1506 1035 1718 1080 Euripideis
1734 1039 1802 1071 214
1813 1048 1891 1081 sqq.

334 1102 458 1125 versus
485 1089 646 1134 agnovit,
668 1088 731 1122 sed
758 1098 832 1122 non
854 1088 1028 1122 restituit.
1050 1087 1222 1122 Enniana.
1247 1088 1380 1123 Medea
1406 1088 1497 1133 quid
1526 1090 1632 1135 agat,
1656 1100 1740 1124 cum
1769 1089 1894 1124 Corin-

333 1144 422 1179 thiis
436 1142 614 1177 matronis
629 1141 828 1186 appellatis
842 1141 910 1176 illa
923 1152 1106 1186 exponere
1119 1141 1278 1186 incipiat
1294 1141 1417 1176 ‘multi
1431 1153 1536 1177 suam
1549 1153 1627 1177 rem
1636 1143 1646 1159 '
1663 1144 1730 1177 cet.
1745 1146 1812 1178 260
1828 1155 1892 1188 sq„

335 1197 458 1233 Cicero
491 1196 703 1230 subindicat
728 1194 849 1229 verbis
872 1195 938 1229 ‘ne
963 1195 1035 1230 sibi
1055 1195 1145 1230 vitio
1171 1195 1260 1230 illae
1285 1196 1471 1230 verterent
1495 1196 1596 1241 quod
1622 1196 1769 1231 abesset
1788 1207 1810 1231 a
1828 1208 1893 1242 pa-

333 1251 425 1285 tria'
440 1264 446 1284 :
477 1250 515 1284 in
545 1249 679 1293 quibus
708 1250 835 1283 tamen
863 1259 959 1293 quae
988 1248 1086 1283 inest
1114 1249 1299 1284 sententia
1327 1261 1416 1283 num
1446 1251 1532 1284 ante
1558 1260 1620 1284 eos
1648 1260 1772 1284 versus
1802 1250 1894 1285 duos

332 1305 454 1338 locum
474 1314 521 1338 an
546 1303 631 1347 post
651 1313 712 1337 eos
738 1302 923 1345 habuerit,
944 1302 1122 1347 quoniam
1144 1303 1271 1337 ‘nam’
1294 1302 1480 1337 Ciceronis
1507 1304 1573 1347 est,
1594 1314 1668 1338 non
1687 1303 1810 1346 Ennii,
1831 1304 1895 1338 ad-

334 1357 504 1391 dubitare
523 1356 621 1391 licet.
645 1356 715 1390 Sed
737 1355 932 1390 consilium
952 1356 1075 1401 ipsum
1095 1356 1195 1401 quod
1215 1356 1317 1401 apud
1335 1356 1497 1391 Ennium
1519 1357 1733 1401 exsequitur
1751 1356 1894 1399 Medea,

334 1411 620 1445 consentaneum
639 1409 734 1443 illud
754 1409 905 1454 quidem
926 1409 1112 1444 Ciceronis
1133 1409 1287 1445 consilio
1307 1421 1379 1454 quo
1405 1409 1463 1444 his
1483 1410 1648 1445 versibus
1668 1410 1796 1454 utitur,
1816 1410 1895 1444 lon-

333 1464 415 1509 gius
436 1463 595 1498 discedit
615 1474 637 1497 a
655 1464 780 1497 mente
799 1462 954 1497 Medeae
973 1463 1210 1508 Euripideae,
1232 1474 1328 1508 quae
1348 1464 1403 1498 ita
1421 1463 1587 1508 loquitur
1605 1462 1812 1508 Κορίνθιαι
1832 1478 1895 1509 γυ-

333 1523 467 1559 ναῖκες,
488 1516 645 1562 ἐξῆλθον
666 1515 802 1561 δόμων,
817 1515 865 1561 μή
879 1515 942 1561 μοι’
954 1530 988 1551 τι
1002 1514 1208 1561 μέμφησθ’·
1225 1513 1311 1551 οἶδα
1325 1516 1395 1562 γὰρ
1409 1517 1567 1558 πολλοὺς
1580 1518 1721 1563 βροτῶν
1741 1518 1896 1562 σεμνοὺς

333 1576 503 1615 γεγῶτας,
516 1570 603 1611 τοὺς
617 1569 681 1614 μὲν
697 1569 869 1615 ὀμμάτων
885 1570 971 1613 ἄπο,
990 1570 1077 1611 τοὺς
1097 1568 1133 1605 δ’
1152 1570 1190 1605 ἐν
1211 1568 1402 1614 θυραίοις·
1419 1570 1454 1605 οἳ
1473 1568 1510 1605 δ’
1528 1568 1598 1616 ἀφ’
1620 1570 1761 1618 ἡσύχου
1779 1569 1897 1612 ποδός

334 1624 529 1658 δύσκλειαν
550 1623 749 1667 ἐκτήσαντο
770 1624 835 1658 καὶ
855 1621 1058 1672 ρᾳθυμίαν.
1080 1623 1134 1658 De
1152 1634 1224 1668 quo
1246 1623 1415 1658 dissensu
1427 1625 1514 1669 post
1526 1623 1712 1658 Muretum
1725 1635 1798 1659 var.
1810 1624 1894 1659 lect.

333 1690 398 1711 v111
414 1680 455 1710 17
471 1678 509 1711 et
522 1676 730 1711 Victorium
750 1687 823 1711 var.
845 1676 928 1711 lect.
950 1690 997 1711 xx
1019 1680 1061 1711 13
1082 1676 1278 1711 Elmsleius
1300 1677 1347 1711 ad
1367 1677 1558 1722 Euripidis
1572 1677 1684 1712 verba
1699 1677 1810 1722 dixit,
1829 1690 1896 1712 nu-

331 1741 396 1775 per
416 1730 530 1764 etiam
549 1729 752 1774 Tyrrellius
772 1730 1011 1765 Hermathen.
1023 1743 1047 1765 v
1061 1732 1180 1775 (1885)
1194 1743 1228 1775 p.
1246 1734 1287 1764 21
1305 1742 1382 1775 sqq.

451 1783 484 1817 V
504 1784 600 1828 (262)
627 1783 743 1817 Varro
765 1783 811 1818 de
830 1783 853 1817 1.
869 1783 907 1817 L.
923 1796 959 1818 v1
973 1786 1016 1817 81
1034 1783 1103 1818 ‘ab
1118 1784 1247 1818 eodem
1261 1786 1399 1830 (cerno)
1413 1785 1470 1818 est
1489 1785 1589 1827 quod
1609 1785 1663 1819 ait
1676 1784 1809 1819 Medea
1822 1789 1898 1820 «ter

335 1839 398 1881 (er
416 1837 455 1871 in
474 1847 545 1871 ras.
562 1835 671 1881 Flor.)
694 1865 700 1870 .
718 1865 723 1870 .
743 1865 748 1870 .
771 1837 887 1872 multa
906 1847 1056 1871 cernere
1076 1865 1082 1870 .
1101 1865 1106 1870 .
1124 1865 1129 1870 .
1151 1847 1317 1881 parere»,
1338 1837 1449 1881 quod,
1469 1839 1511 1871 ut
1531 1838 1736 1872 decernunt
1755 1838 1801 1872 de
1819 1837 1897 1872 vita

334 1901 375 1924 eo
402 1891 578 1935 tempore,
598 1889 801 1924 multorum
819 1890 967 1925 videtur
986 1890 1084 1924 vitae
1103 1890 1213 1924 finis.'
1348 1890 1492 1925 Nonius
1511 1903 1545 1935 p.
1566 1894 1646 1934 261,
1662 1894 1705 1926 18
1729 1891 1898 1926 ‘cernere

334 1955 478 1978 rursum
496 1943 674 1978 dimicare
688 1943 746 1978 vel
763 1943 986 1978 contendere
1001 1972 1007 1977 .
1025 1972 1030 1977 .
1049 1972 1054 1977 .
1070 1943 1211 1978 Ennius
1226 1944 1265 1978 in
1279 1943 1412 1978 Medea
1426 1943 1532 1978 exule
1546 1955 1656 1980 «nam
1670 1948 1722 1979 te.
1740 1973 1746 1978 .
1764 1973 1769 1978 .
1785 1946 1897 1980 vitam

335 1998 531 2033 cernere».'
672 1997 775 2031 Idem
799 2009 834 2042 p.
858 2001 937 2039 261,
957 2000 975 2031 7
1000 1997 1169 2032 ‘cernere
1198 1997 1379 2032 amittere.
1404 1997 1521 2031 Varro
1547 1997 1896 2042 gerontodidascalo

336 2052 415 2094 (189
437 2051 491 2096 Β.)
512 2062 608 2086 «non
628 2051 731 2085 vides
752 2051 852 2095 apud
873 2050 1083 2095 (Ennium
1104 2050 1187 2085 add.
1209 2050 1361 2095 Aldina)
1382 2061 1461 2085 esse
1482 2051 1677 2096 scriptum:
1698 2055 1751 2087 ter
1771 2079 1777 2085 .
1795 2079 1800 2085 .
1818 2079 1824 2085 .
1844 2052 1897 2086 vi-

334 2108 408 2138 tam
428 2114 577 2138 cernere
595 2132 600 2138 .
619 2132 624 2137 .
643 2132 648 2137 .
667 2114 798 2148 parere
806 2104 872 2139 ‘?».'
1007 2103 1190 2138 Accurate
1210 2114 1254 2137 ex
1274 2103 1453 2149 Euripide
1473 2115 1646 2149 expressa
1665 2108 1733 2139 250
1754 2105 1803 2146 ὡς
1819 2105 1898 2148 τρὶς

336 2155 382 2191 ἂν
402 2155 490 2200 παρ’
515 2156 656 2192 ἀσπίδα
683 2162 813 2202 στῆναι
838 2154 985 2201 θέλοιμ’
1010 2155 1056 2191 ἂν
1073 2158 1209 2201 μᾶλλον
1223 2155 1245 2201 ἢ
1258 2162 1378 2192 τεκεῖν
1398 2156 1507 2199 ἅπαξ.

429 2210 479 2244 VI
499 2212 594 2256 (264)
634 2210 760 2245 Cicero
773 2221 840 2255 pro
854 2210 1009 2245 Rabirio
1022 2210 1120 2244 Post.
1138 2213 1193 2253 11,
1208 2213 1252 2244 29
1269 2210 1279 2227 ‘
1290 2221 1397 2245 nemo
1417 2212 1583 2245 nostrum
1603 2211 1763 2256 ignorat,
1784 2211 1897 2246 etiam

336 2263 367 2297 si
387 2264 529 2308 experti
548 2275 622 2299 non
645 2275 781 2307 sumus,
802 2263 1108 2298 consuetudinem
1134 2263 1286 2309 regiam.
1308 2274 1438 2309 regum
1463 2265 1588 2299 autem
1614 2265 1700 2299 sunt
1718 2264 1811 2299 haec
1829 2265 1897 2299 im-

336 2316 440 2360 peria
459 2317 742 2353 «animadverte
762 2328 806 2352 ac
826 2317 925 2351 dicto
944 2327 1057 2361 pare»
1073 2318 1180 2362 (trag.
1196 2316 1266 2351 inc.
1284 2320 1350 2351 156
1370 2317 1427 2362 R.)
1448 2318 1486 2352 et
1506 2318 1676 2362 «praeter
1694 2317 1898 2363 rogitatum

337 2370 368 2403 si
387 2370 471 2414 pie»
493 2370 595 2415 (ibid.
613 2372 694 2415 158)
715 2372 753 2405 et
771 2370 861 2405 illae
879 2370 1005 2405 minae
1019 2370 1094 2406 «si,
1113 2398 1118 2404 .
1137 2371 1222 2406 .hoc
1240 2369 1428 2405 offendero
1442 2371 1632 2413 moriere»,
1648 2381 1744 2415 quae
1763 2382 1837 2406 non
1856 2372 1899 2405 ut

338 2422 562 2458 delectemur
581 2423 700 2458 solum
719 2423 843 2469 legere
863 2425 901 2458 et
920 2425 1088 2468 spectare
1102 2423 1289 2467 debemus,
1304 2424 1369 2458 sed
1382 2425 1424 2458 ut
1437 2434 1566 2459 cavere
1579 2424 1693 2459 etiam
1713 2425 1751 2459 et
1769 2423 1898 2469 fugere

338 2475 548 2510 discamus)
670 2477 774 2511 Idem
788 2477 837 2511 ad
850 2477 925 2512 Att.
938 2490 989 2512 v11
1004 2481 1060 2519 26,
1077 2481 1094 2511 1
1113 2477 1123 2494 ‘
1133 2477 1259 2512 omnia
1278 2478 1385 2511 erant
1397 2477 1499 2512 facta
1510 2477 1581 2512 hoc
1594 2477 1708 2512 biduo
1722 2477 1896 2519 laetiora:

336 2529 464 2573 itaque
476 2529 567 2575 fuga
581 2541 677 2574 quae
689 2530 894 2575 parabatur
906 2541 1074 2575 repressa
1087 2532 1160 2573 est3
1181 2529 1347 2565 Caesaris
1361 2530 1562 2565 interdicta
1575 2531 1630 2566 «si
1646 2559 1651 2564 .
1669 2559 1675 2564 .
1693 2559 1698 2564 .
1713 2531 1772 2565 hic
1783 2529 1898 2565 offen-

338 2582 449 2618 dero»
462 2584 711 2627 respuuntur?
816 2583 875 2617 Ad
888 2583 1000 2618 Ennii
1013 2583 1183 2618 Medeam
1197 2594 1341 2618 versum
1354 2583 1500 2618 rettulit
1514 2583 1679 2628 Scaliger
1692 2584 1844 2619 coniect.
1860 2583 1898 2618 in

337 2635 441 2670 Varr,
455 2636 500 2669 de
513 2635 535 2669 1.
549 2637 586 2670 L.
598 2649 632 2681 p.
645 2640 712 2670 110
726 2647 793 2671 nec
806 2638 931 2681 potest
944 2637 1125 2671 dubitari:
1140 2637 1195 2672 ita
1208 2647 1228 2671 e
1242 2636 1391 2672 Graecis
1406 2648 1600 2671 conversus
1613 2638 1670 2671 est
1683 2638 1795 2682 (352):
1811 2636 1850 2671 εἴ
1860 2634 1894 2671 σ’

338 2688 360 2733 ἡ
372 2686 524 2724 ’πιοῦσα
538 2689 684 2733 λαμπὰς
694 2689 827 2734 ὄψεται
840 2692 935 2725 θεοῦ
948 2690 1012 2724 καὶ
1025 2693 1166 2731 παῖδας
1176 2690 1278 2731 ἐντὸς
1290 2691 1400 2735 τῆσδε
1413 2689 1599 2734 τερμόνων
1612 2688 1763 2735 χθονός,
1774 2693 1896 2725 θανεῖ.

339 2742 411 2777 Sed
427 2742 527 2776 idem
541 2742 654 2777 etiam
667 2742 734 2777 illa
747 2742 1030 2778 ‘animadverte'
1044 2744 1082 2778 et
1093 2744 1256 2788 ‘praeter
1268 2743 1486 2788 rogitatum'
1500 2743 1547 2777 ad
1562 2743 1718 2777 eandem
1731 2742 1898 2778 fabulam

338 2805 559 2839 scenamque
579 2795 702 2838 refert,
722 2806 878 2840 quorum
898 2796 958 2831 vix
978 2796 1116 2832 similia
1136 2798 1222 2831 sunt
1241 2807 1260 2831 e
1282 2796 1431 2831 Graecis
1455 2806 1551 2840 quae
1571 2795 1699 2830 attulit
1718 2795 1896 2841 exempla.

459 2944 540 2982 262
562 2944 687 2983 vitam
707 2956 881 2982 cernere:
901 2945 947 2992 cf.
963 2957 1054 2983 ann.
1077 2942 1154 2993 196
1176 2944 1300 2983 vitam
1321 2955 1523 2982 cernamus
1543 2944 1699 2992 utrique

2040 2799 2052 2831 ,ω
2043 2759 2049 2773 m
2039 2742 2049 2749 1«
2039 2642 2052 2694 ius.
2035 2609 2052 2631 .L
2038 2523 2054 2594 gas-av.
2050 2495 2054 2497 ,
2047 2459 2051 2472 ⁴.

2009 3175 2050 3282 ffiss‘lit
2027 3122 2050 3167 πέζις
