2004 3278
773 145 811 181 F.
823 145 1143 183 -RITSOHELIUS
1579 150 1743 195 CXXXV

176 270 265 297 ram
289 258 348 296 ab·
363 268 442 296 uno
466 267 545 295 esse
564 258 754 306 >scriptam
778 259 970 307 comperit,
996 261 1212 299 consociata
1237 262 1405 300 duorwm
1429 274 1547 311 opera
1576 263 1738 303 alteram

178 319 366 367 effectam:
395 316 438 355 id
465 316 567 365 quod
597 317 664 364 qui
688 316 945 356 Lucretianos
974 330 1108 358 versus
1132 322 1482 369 praescripserunt,
1513 324 1618 361 omni
1648 335 1738 361 can-

177 378 267 415 dore
291 378 335 415 in
352 376 552 424 prooemio
576 376 655 424 ipsi
672 377 845 424 professi
868 380 969 415 sunt.
997 377 1106 426 Quod
1130 380 1283 427 quidem
1308 381 1522 426 consilium,
1548 394 1573 420 a
1605 383 1737 431 sinqu-

175 437 254 474 lari
277 437 509 484 scriptorum
530 435 750 473 condicione
768 437 864 474 satis
883 436 1013 475 ordini
1032 441 1264 484 excusatum,
1289 440 1358 477 etsi
1376 441 1473 488 ipsis
1492 451 1736 489 nequaquam

175 495 474 542 inhonorificum
500 497 564 539 est,
595 497 723 533 tamen
746 505 826 532 non
843 497 970 543 potest
992 507 1071 534 non
1094 497 1189 544 plus
1212 499 1453 545 praestitisse
1484 502 1639 545 censeri,
1671 502 1738 549 qui

175 566 279 592 unus
304 554 471 592 duorum
495 554 738 592 coniunctam
764 555 1037 593 contentionem
1062 558 1292 603 aequaverit.
1318 557 1399 596 Nec
1423 559 1624 597 mediocris
1649 560 1737 598 laus

175 616 218 652 in
249 614 317 651 hoc
346 615 431 661 ipso
462 614 648 658 cernitur,
686 613 788 661 quod
821 614 882 651 hic
914 615 1045 652 statim
1076 626 1101 652 a
1124 616 1324 664 principio
1355 628 1484 655 omnes
1521 621 1738 666 aryumenti

170 676 306 722 partes
332 675 412 711 tam
437 674 535 711 certo
560 672 719 711 consilio
745 672 942 711 dimensus
967 675 1021 711 est
1045 676 1196 722 tamque
1222 676 1415 723 aequabili
1446 678 1736 724 temperamento

175 733 362 771 latissime
391 734 587 780 patentem
624 732 853 780 disputandi
888 733 1093 771 materiam
1122 734 1314 781 partitus,
1357 737 1398 772 ut
1437 738 1470 773 et
1506 736 1742 775 considerati

175 792 313 830 iudicii
337 791 626 839 studiorumque
651 792 888 829 maturitatis
913 792 1065 840 insiqne
1089 792 1356 831 documentum
1387 794 1518 839 ederet,
1549 806 1617 833 nec
1648 798 1736 833 tem-

168 852 281 900 poris
306 851 509 900 anqustiis,
533 852 577 888 ut
600 852 900 889 concertatorum
925 853 1092 899 uterque,
1118 853 1322 899 quominus
1343 854 1562 891 incohatam
1580 865 1736 902 operam

176 911 228 949 ad
251 911 369 957 finem
392 910 554 958 feliciter
565 909 804 959 perduceret,
829 910 1154 949 intercluderetur.
1182 911 1289 950 Hinc
1307 912 1427 960 iqitur
1446 915 1509 957 est,
1535 914 1635 961 quod
1654 914 1735 952 Ho-

173 971 329 1008 ratiano
354 969 525 1008 swmbolo
550 970 778 1018 insiqnitam
808 971 1159 1008 commentationem
1183 972 1362 1018 praemio
1393 972 1613 1010 ornandam
1643 973 1735 1011 ordo

174 1030 349 1074 decrevit,
374 1029 537 1067 alteram
555 1030 734 1077 prox-ime
762 1030 964 1067 accessisse
989 1029 1042 1067 ad
1066 1030 1268 1067 victoriam
1291 1030 1489 1068 iudicavit.
1515 1030 1736 1080 Resiqnatis

173 1089 364 1128 schedulis
382 1089 568 1137 princeps
588 1089 777 1137 apparuit
795 1088 966 1126 Ioannes
993 1089 1140 1127 Vahlen
1159 1088 1392 1138 Bonnensis,
1417 1091 1619 1128 seminarii
1641 1092 1737 1139 reqii

167 1148 391 1197 philoloyici
414 1148 555 1192 senior,
573 1149 748 1196 proximi
773 1148 825 1186 ad
842 1149 1113 1196 principatum
1132 1148 1360 1187 Fridericus
1383 1149 1600 1187 Theodorus
1620 1150 1736 1198 Huqo

174 1208 306 1256 Ilberq
334 1207 579 1255 Thurinqus‚
609 1207 834 1245 Theodorus
859 1207 955 1256 Huq
983 1208 1221 1252 Turicensis,
1250 1208 1418 1246 eiusdem
1447 1209 1650 1247 seminarii
1679 1220 1736 1247 so-

175 1267 281 1306 dales
318 1266 524 1305 ordinarii.
562 1265 696 1315 Atque
734 1267 1012 1316 competitores
1050 1268 1129 1304 mei
1167 1267 1362 1317 extemplo
1401 1279 1441 1305 se
1480 1267 1530 1305 ad
1567 1267 1735 1306 edendas

174 1325 368 1377 Ilbergius
394 1325 514 1376 primi
539 1325 630 1363 libri
657 1326 872 1374 annalium,
904 1325 1060 1376 Hugius
1087 1325 1246 1376 septimi
1273 1326 1403 1364 octavi
1428 1327 1524 1365 noni
1547 1326 1734 1376 reliquias

174 1385 377 1434 dederunt,
401 1385 438 1422 h.
460 1397 490 1422 e.
518 1385 568 1422 ad
600 1397 664 1424 eas
690 1385 822 1435 partes
851 1385 1064 1435 annalium,
1096 1398 1197 1435 quae
1228 1398 1322 1436 prae
1349 1387 1487 1424 ceteris
1514 1388 1736 1437 argumenti

173 1457 292 1484 causa
317 1446 357 1482 et
382 1444 429 1483 ob
457 1445 612 1493 copiam
637 1445 896 1494 superstitum
919 1457 1105 1483 versuum
1130 1445 1288 1483 allicere
1307 1446 1518 1495 potuerant
1537 1446 1674 1494 utpote
1693 1447 1734 1483 in

175 1504 316 1554 quibus
343 1504 491 1542 maiore
517 1515 605 1541 cum
629 1503 763 1542 fructu
788 1503 990 1543 elaborare
1015 1505 1161 1543 liceret.
1192 1504 1367 1550 Quorum
1396 1504 1522 1543 libelli
1547 1504 1608 1543 dd.
1629 1517 1671 1544 v1
1696 1506 1736 1543 et

172 1576 230 1603 v11
255 1577 304 1601 m.
331 1562 505 1614 Augusti
536 1575 570 1600 a.
600 1564 711 1601 1852
744 1563 895 1613 publici
925 1563 1022 1602 iuris
1056 1564 1152 1602 facti
1186 1565 1288 1602 sunt.
1327 1563 1412 1614 Ego
1450 1565 1734 1612 quaestionibus

173 1624 375 1662 Ennianis
394 1623 537 1661 criticis
556 1622 692 1661 eodem
712 1635 843 1662 mense
863 1624 903 1661 et
923 1635 1026 1662 anno
1046 1624 1198 1663 emissis
1220 1623 1432 1662 editionem
1452 1624 1655 1661 annalium
1669 1618 1734 1676 (de

174 1695 252 1732 qua
278 1684 364 1720 tum
389 1682 475 1721 sola
500 1677 771 1736 cogitabatur)
798 1683 995 1734 integram
1021 1683 1125 1721 sicut
1154 1684 1269 1732 potui
1300 1695 1536 1733 praeparare
1566 1682 1733 1721 institui.

172 1742 219 1780 In
252 1755 329 1792 quo
363 1754 478 1792 opere
511 1741 757 1780 difficultatis
789 1743 830 1780 et
860 1741 1120 1780 dubitationis
1148 1742 1265 1792 pleno
1292 1742 1385 1780 dum
1410 1742 1554 1780 sudans
1580 1742 1734 1790 haereo,

173 1802 333 1840 interim
358 1801 407 1838 ab
428 1799 472 1839 O.
494 1800 708 1839 Ribbeckio
735 1802 894 1853 egregia
919 1803 1004 1840 arte
1031 1803 1070 1840 et
1094 1814 1239 1852 magna
1262 1801 1471 1853 diligentia
1489 1801 1676 1840 collectae
1696 1803 1736 1840 et

172 1862 397 1912 recognitae
430 1861 673 1911 tragicorum
698 1860 967 1899 Romanorum
997 1862 1191 1910 reliquiae
1224 1860 1393 1899 eduntur
1425 1855 1477 1914 (a.
1500 1854 1645 1913 1852).
1676 1861 1734 1898 Ex

173 1933 250 1970 quo
276 1921 321 1958 ut
352 1919 450 1958 mihi
481 1920 703 1970 exemplum
734 1920 966 1959 sumendum
999 1932 1081 1959 esse
1113 1920 1342 1968 sentiebam,
1373 1919 1431 1958 ita
1461 1921 1548 1957 tum
1579 1919 1734 1958 demum

172 1981 311 2018 natum
343 1980 403 2018 est
435 1981 594 2018 auctore
625 1979 794 2018 maxime
825 1979 1041 2018 Ritschelio
1073 1979 1282 2018 consilium
1313 1991 1391 2017 non
1423 1978 1660 2017 subsistendi
1691 1980 1732 2016 in

174 2038 383 2077 annalibus
423 2037 593 2086 edendis,
631 2038 699 2077 sed
735 2051 815 2076 una
848 2050 937 2076 cum
967 2038 1265 2089 tragoediarum
1295 2037 1472 2076 versibus
1504 2050 1607 2075 nunc
1638 2049 1733 2075 cura

172 2097 379 2136 Ribbeckii
403 2099 445 2135 in
471 2098 683 2146 propatulo
711 2097 851 2146 positis
883 2098 1037 2147 reliqua
1062 2097 1244 2135 Enniana
1276 2097 1408 2134 omnia
1440 2097 1664 2145 conquisita
1694 2098 1734 2134 et

173 2157 381 2195 emendata
406 2169 484 2194 uno
509 2156 710 2194 volumine
736 2156 1037 2206 complectendi:
1063 2155 1119 2194 sic
1141 2156 1246 2194 enim
1271 2155 1355 2194 fieri
1379 2167 1506 2205 posse,
1531 2155 1636 2204 quod
1654 2168 1734 2194 non

172 2229 250 2254 uno
282 2215 439 2254 nomine
471 2215 696 2253 litterarum
729 2226 848 2253 causa
873 2214 1047 2264 optabile
1074 2216 1170 2263 erat,
1201 2227 1279 2253 non
1305 2214 1433 2253 solum
1457 2215 1505 2252 ut
1534 2215 1733 2266 integrum

172 2275 346 2314 Ennium
371 2286 471 2312 unus
497 2274 598 2312 liber
622 2275 774 2312 teneret
799 2274 867 2312 sed
893 2273 1013 2312 etiam
1038 2273 1154 2312 index
1174 2286 1274 2312 unus
1294 2274 1411 2313 huius
1431 2275 1570 2323 poetae
1592 2274 1731 2312 ceteris

172 2335 298 2374 multo
324 2333 516 2372 uberioris
544 2346 763 2373 sermonem
787 2334 918 2371 totum
944 2335 1163 2383 exponeret.
1190 2333 1331 2383 Itaque
1353 2333 1427 2371 hoc
1447 2332 1656 2372 consilium
1675 2334 1731 2371 la-

171 2394 264 2432 bore
290 2407 368 2432 non
399 2393 541 2434 leviter
571 2393 739 2431 adaucto
772 2394 928 2431 strenue
959 2394 1185 2442 persecutus
1217 2392 1377 2431 tandem
1410 2405 1442 2430 a.
1466 2392 1578 2430 1854
1606 2392 1732 2430 Enni-

173 2465 272 2492 anae
290 2454 420 2502 poesis
445 2453 632 2501 reliquias
659 2465 681 2489 a
707 2465 768 2489 me
796 2453 1008 2490 recensitas
1040 2451 1196 2501 prodire
1228 2451 1336 2490 iussi.
1370 2450 1477 2496 Quae
1509 2451 1630 2489 editio
1663 2451 1733 2489 diu

173 2513 398 2563 exspectata
423 2513 595 2562 primum
621 2524 700 2549 non
719 2513 803 2549 sine
828 2511 963 2550 favore
988 2511 1159 2561 quodam
1191 2513 1352 2561 excepta
1384 2512 1443 2549 est
1474 2507 1731 2561 (quamquam

173 2572 221 2610 ob
246 2571 494 2623 tragoediam
518 2572 719 2621 receptam
743 2571 784 2608 in
809 2570 1016 2608 Ribbeckii
1041 2570 1296 2609 offensionem
1320 2570 1535 2609 incideram
1560 2564 1728 2622 invitus)

172 2643 243 2669 nec
268 2630 471 2681 displicuit
496 2630 731 2681 quibusdam
756 2629 953 2680 perdoctis
981 2629 1205 2668 hominibus
1238 2642 1406 2679 quorum
1436 2629 1626 2667 iudicium
1657 2641 1728 2678 ego

173 2703 261 2728 cum
287 2690 466 2729 omnibus
492 2691 635 2740 magni·
652 2689 855 2737 faciebam,
880 2690 1096 2739 posteriore
1122 2689 1279 2728 demum
1303 2690 1479 2738 tempore
1498 2686 1729 2735 rationibus,

174 2762 270 2798 quas
298 2750 385 2788 aliis
413 2749 683 2800 expendendas
709 2749 901 2797 relinquo,
927 2749 968 2785 in
994 2748 1205 2787 deteriores
1232 2750 1364 2798 partes
1389 2747 1476 2796 rapi
1500 2747 1638 2795 coepta
1658 2746 1728 2784 est.

174 2807 250 2846 Sed
281 2821 352 2860 ego
384 2822 462 2847 non
493 2809 630 2847 destiti
661 2808 781 2846 semel
813 2807 909 2845 editi
935 2807 1054 2846 Ennii
1084 2820 1167 2846 rem
1196 2809 1235 2845 et
1259 2808 1452 2845 rationem
1478 2805 1598 2843 variis
1625 2816 1727 2842 com-

173 2867 483 2907 mentationibus
516 2867 693 2907 stabilire
724 2868 771 2904 ut
802 2867 915 2917 potui
946 2869 986 2906 et
1017 2867 1215 2916 adiuvare,
1247 2867 1287 2904 in
1319 2865 1460 2915 quibus
1491 2876 1569 2903 non
1601 2863 1727 2901 solum
