2004 3278
730 158 991 194 ANNALIUM
1016 159 1103 195 LIB.
1124 159 1191 194 VH
1534 160 1746 196 CLXXXIII

301 271 374 310 His
406 270 558 310 duobus
589 271 765 310 versibus
798 273 960 310 tertium
991 273 1033 310 in
1065 271 1238 311 eiusdem
1271 274 1495 324 argumenti
1530 275 1745 312 communi—

184 345 298 370 onem
318 331 443 369 adieci
462 324 547 384 (111)
567 330 713 369 Poenos
731 330 858 369 Sarra
877 332 1075 377 oriundos,
1101 333 1146 370 ut
1165 332 1312 370 indicio
1333 333 1396 380 sit,
1423 334 1610 381 quoniam
1627 332 1746 371 Sarra

184 394 243 430 est
262 391 397 440 Tyros,
424 390 597 428 Ennium
623 402 646 427 a
666 390 771 439 Tyro
797 391 837 428 et
856 390 1067 440 Tyriorum
1085 391 1200 429 rebus
1221 404 1400 430 exorsum
1420 404 1514 440 6886,
1540 392 1602 430 0111
1622 393 1744 443 gemi-

182 462 255 488 nus
281 452 341 488 est
366 462 411 488 ex
435 462 509 489 v111
541 449 686 487 allatus
718 450 934 488 versiculus
966 450 1113 488 Poenos
1138 451 1293 489 Didone
1318 452 1516 496 oriundos,
1547 452 1650 490 unde
1677 465 1743 502 ap-

184 511 298 561 paret
330 509 503 547 Ennium
539 511 746 558 poetarum
784 521 892 546 more
930 521 1008 546 non
1046 509 1165 547 semel
1198 509 1265 547 sed
1297 511 1453 560 saepius
1485 511 1631 549 Poenos
1663 512 1745 550 sive

181 569 309 608 Sarra
335 569 417 607 sive
442 569 598 607 Didone
623 568 808 606 oriundos
834 568 1107 617 appellavisse.

304 627 438 666 Crevit
462 628 586 678 igitur
612 626 832 676 amplitudo
859 639 991 664 rerum
1016 628 1058 664 in
1083 627 1156 665 hoc
1187 627 1288 665 libro
1321 628 1442 665 etiam
1474 630 1564 666 ante
1596 629 1744 667 bellurn

182 689 313 738 ipsum
338 688 615 737 expositarum.
649 686 725 724 Res
753 687 885 724 autem
913 687 1019 735 ipsas
1046 686 1119 724 hoc
1150 686 1252 724 bello
1284 687 1414 737 gestas
1446 687 1540 725 dum
1570 688 1745 727 breviter

184 747 419 797 perstringit
445 745 550 795 quod
577 743 774 783 Ciceronis
807 757 925 783 061186
957 744 1189 794 obtinemus,
1221 747 1442 784 occasiones
1476 747 1666 795 quasdam
1697 748 1744 785 il-

185 805 389 844 lustriores
417 804 559 854 quibus
584 804 706 842 latius
732 805 859 842 oratio
886 806 1099 854 vagaretur
1125 805 1311 855 captavit.
1344 805 1408 843 Ita
1438 806 1615 844 versibus
1648 820 1744 856 quos

183 865 303 904 Gellii
326 864 522 903 industria
560 877 596 901 n.
618 863 664 901 A.
686 876 743 901 ΧΠ
765 864 790 900 4
823 865 996 902 servavit
1023 858 1130 917 (xiv)
1163 865 1333 915 speciem
1363 866 1442 903 viri
1471 867 1603 904 nescio
1635 866 1744 905 cuius

183 925 252 974 qui
278 923 437 962 Servilii
463 924 640 962 amicitia
671 923 877 960 fruebatur
903 935 991 961 cum
1023 923 1154 962 studio
1181 923 1443 962 adumbravit.
1475 924 1632 975 Hugius
1659 927 1743 974 qui-

182 984 270 1022 dem
295 983 556 1034 improbabile
583 982 706 1031 duxit,
731 982 905 1020 Ennium
930 983 971 1019 in
997 983 1081 1020 tam
1107 983 1383 1032 compendiosa
1407 983 1523 1022 huius
1542 984 1636 1022 belli
1656 997 1744 1023 nar-

181 1044 334 1082 ratione
359 1042 511 1081 mediae
538 1042 705 1080 alicuius
731 1053 887 1092 pugnae
916 1041 1170 1092 descriptioni
1202 1055 1288 1081 eam
1321 1044 1475 1092 copiose
1509 1044 1745 1093 explicatam

181 1116 334 1141 morum
361 1102 664 1140 delineationem
689 1102 958 1140 immiscuisse.
985 1101 1041 1139 At
1065 1101 1128 1139 hic
1154 1104 1273 1152 poeta
1299 1115 1387 1140 cum
1411 1102 1566 1152 longius
1594 1102 1746 1141 abesset

182 1163 230 1200 ab
264 1175 309 1200 ea
341 1163 438 1200 artis
470 1161 705 1209 subtilitate,
738 1173 837 1209 quae
869 1162 1038 1198 maxime
1069 1162 1111 1199 in
1140 1161 1424 1210 aequabilitate
1451 1163 1625 1212 partium
1656 1174 1745 1200 con-

185 1223 361 1272 spicitur,
387 1223 472 1259 tum
497 1221 571 1258 hoc
597 1220 775 1258 consulto
800 1219 989 1268 instituit,
1014 1222 1062 1258 ut
1087 1222 1225 1259 ceteris
1253 1233 1352 1269 quae
1379 1221 1553 1259 Naevius
1581 1234 1745 1271 occupa-

183 1283 294 1319 verat
320 1280 548 1319 summatim
573 1280 756 1317 tractatis
782 1280 823 1316 in
851 1279 1101 1318 deverticulis
1129 1279 1363 1328 quibusdam
1390 1279 1538 1318 diutius
1571 1293 1744 1318 versare-

181 1343 256 1378 tur.
284 1339 411 1385 Quare
437 1353 485 1377 ne
511 1338 611 1376 illud
638 1338 797 1387 quidem
823 1341 906 1376 tam
932 1338 1112 1377 mirabile
1140 1341 1200 1377 est
1226 1352 1344 1388 quam
1363 1339 1497 1390 Hugio
1523 1339 1743 1388 videbatur,

183 1399 286 1449 quod
313 1398 557 1449 splendidius
584 1410 607 1435 a
634 1397 800 1436 Servilio
827 1400 980 1448 gestum
1005 1398 1106 1436 nihil
1133 1398 1182 1436 ad
1207 1400 1383 1436 nostram
1407 1399 1638 1436 memoriam
1657 1412 1743 1449 per-

181 1460 301 1497 venit.
341 1459 501 1496 Etenim
536 1458 632 1495 duos
665 1457 785 1495 fuisse
819 1456 1005 1495 Servilios
1037 1459 1213 1508 geminos
1247 1456 1381 1496 Cicero
1412 1458 1538 1496 tradit
1569 1452 1743 1510 (Lucull.

185 1519 250 1566 18,
273 1518 337 1555 56.
367 1519 434 1565 26,
455 1518 508 1555 84
526 1511 616 1569 sq),
647 1516 835 1554 Publium
869 1516 1048 1565 alterum,
1082 1517 1150 1566 qui
1177 1530 1265 1555 cum
1293 1515 1330 1555 C.
1351 1516 1514 1555 Aurelio
1543 1516 1659 1555 Cotta
1683 1517 1743 1555 bis

181 1577 316 1616 consul
337 1577 414 1615 fuit
434 1590 466 1614 a.
488 1590 524 1614 u.
546 1589 575 1614 0.
599 1576 681 1614 502
703 1578 743 1614 et
764 1576 861 1624 506,
882 1576 1050 1614 alterum
1070 1575 1270 1621 Quintum.
1292 1575 1465 1621 Quorum
1486 1575 1532 1614 de
1551 1577 1624 1614 hoc
1643 1576 1744 1614 nihil

182 1637 355 1687 comperi
373 1638 532 1686 praeter
550 1648 704 1683 nomen,
723 1635 790 1672 ille
811 1637 978 1684 utroque
999 1636 1205 1674 consulatu
1225 1636 1266 1673 in
1287 1635 1425 1674 Sicilia
1444 1648 1504 1674 res
1525 1636 1647 1686 gessit
1663 1647 1743 1674 non

180 1697 427 1746 insigniores,
458 1695 524 1733 sed
551 1707 651 1743 quae
676 1694 804 1732 Ennio
832 1707 969 1733 ansam
994 1695 1232 1733 narrationis
1253 1707 1346 1733 suae
1366 1695 1552 1744 praebere
1572 1697 1742 1745 possent.

183 1755 239 1793 Cf.
261 1756 432 1793 Zonaras
452 1767 524 1794 vm
548 1755 600 1792 14
622 1768 658 1804 p.
682 1754 764 1792 152
793 1755 831 1791 et
860 1755 910 1792 16
934 1767 971 1803 p.
995 1755 1089 1792 159.
1123 1753 1199 1792 Sed
1222 1767 1307 1793 eam
1334 1754 1382 1792 ob
1409 1755 1645 1792 tenuitatem
1664 1767 1744 1792 me-

180 1815 329 1853 moriae
354 1814 510 1865 Hugius
536 1813 806 1851 arbitrabatur
831 1813 1004 1851 Ennium
1030 1826 1108 1851 non
1140 1814 1186 1851 de
1217 1814 1287 1852 illo
1315 1813 1482 1852 Servilio
1516 1827 1632 1863 quem
1664 1813 1744 1851 dixi

182 1874 249 1912 sed
274 1873 320 1912 de
345 1875 498 1911 iuniore
518 1873 639 1922 loqui,
666 1886 709 1911 eo
731 1873 800 1922 qui
818 1873 861 1910 in
880 1886 1014 1924 pugna
1034 1871 1230 1911 Cannensi
1248 1873 1407 1911 fortiter
1425 1885 1620 1923 pugnasse
1641 1885 1743 1911 com-

181 1934 368 1983 munique
395 1933 503 1971 clade
529 1932 715 1971 occidisse
741 1932 924 1970 traditur.
952 1931 1009 1970 Cf.
1035 1931 1173 1970 Livius
1193 1945 1279 1970 xxn
1299 1933 1367 1981 45,
1391 1933 1427 1970 8.
1448 1933 1517 1980 49,
1540 1933 1604 1969 16.
1633 1930 1744 1976 Quod

182 1993 255 2031 etsi
278 1992 364 2030 fieri
389 1993 564 2043 potuisse
590 2004 669 2029 non
693 1991 898 2042 negabam,
925 1992 1151 2041 perstabam
1181 1993 1324 2040 tamen,
1353 1992 1539 2040 quoniam
1563 1990 1741 2029 recedere

181 2052 282 2090 nihil
307 2052 483 2102 cogebat,
509 2052 551 2089 in
576 2051 766 2088 memoria
787 2049 905 2088 Gellii
927 2051 995 2099 qui
1014 2063 1072 2088 xn
1092 2051 1117 2087 4
1142 2063 1161 2088 e
1182 2051 1361 2099 septimo,
1387 2062 1466 2087 non
1486 2050 1546 2087 cui
1568 2050 1636 2087 1116
1655 2050 1742 2087 vin-

182 2111 341 2149 dicabat
373 2112 511 2149 octavo
544 2110 678 2148 annali
709 2110 976 2159 fragmentum
1008 2110 1165 2158 citavit,
1199 2121 1440 2158 quamquam
1471 2121 1605 2147 eorum
1634 2121 1742 2147 occa-

183 2171 333 2209 sionem
359 2182 544 2208 versuum
571 2169 716 2207 certius
743 2167 902 2206 definire
928 2181 998 2218 per
1023 2181 1069 2206 ea
1095 2180 1195 2217 quae
1221 2167 1267 2206 de
1290 2167 1467 2206 Serviliis
1487 2167 1744 2217 perhibentur

181 2242 259 2268 non
279 2229 433 2267 licebat.
460 2228 550 2266 Non
570 2239 679 2266 secus
699 2239 802 2265 nunc
822 2228 960 2276 sentio,
986 2229 1026 2265 et
1044 2228 1116 2265 hoc
1136 2227 1279 2266 addam
1300 2227 1483 2275 breviter,
1505 2239 1581 2276 quo
1601 2226 1742 2265 fortius

180 2289 360 2327 refellam
384 2288 563 2338 Hugium
594 2289 634 2325 et
666 2288 735 2336 qui
767 2299 855 2324 eum
886 2300 1011 2336 nuper
1043 2287 1168 2325 secuti
1193 2287 1294 2325 sunt.
1328 2286 1387 2323 Ex
1413 2286 1534 2324 Ennii
1565 2286 1742 2325 versibus

182 2348 228 2386 de
256 2347 422 2386 Servilio
455 2347 556 2384 nihil
582 2346 791 2396 dispicitur
816 2346 894 2383 nisi
919 2358 1007 2383 eum
1034 2340 1097 2398 (ut
1123 2347 1183 2384 est
1206 2346 1248 2383 in
1267 2359 1302 2385 v.
1326 2340 1429 2391 251)
1462 2347 1563 2384 inter
1582 2357 1742 2394 pugnas

181 2408 218 2444 h.
240 2420 270 2445 6.
296 2409 400 2445 inter
425 2405 682 2457 pugnandum
707 2417 865 2444 vocasse
892 2406 930 2443 et
956 2405 1211 2455 compellasse
1236 2405 1364 2444 verbis
1386 2404 1555 2443 amicum
1576 2417 1743 2454 quocum

182 2467 332 2515 vivere,
364 2468 409 2504 ut
433 2466 584 2504 Ennius
611 2465 813 2513 describit,
847 2466 886 2502 et
910 2476 971 2502 res
998 2476 1087 2502 suas
1113 2466 1252 2514 utpote
1276 2465 1434 2502 homine
1465 2465 1592 2514 perito
1624 2464 1742 2502 simul

182 2526 221 2563 et
246 2525 323 2563 fido
350 2525 636 2563 communicare
662 2524 815 2563 soleret.
849 2522 1000 2562 Gellius
1026 2525 1158 2562 autem
1183 2537 1262 2562 non
1288 2524 1414 2562 solum
1439 2525 1569 2562 totum
1601 2535 1741 2561 nomen

182 2585 297 2622 affert
328 2584 395 2622 sed
426 2585 484 2622 ita
516 2584 654 2622 scribit
684 2585 730 2620 ut
760 2583 854 2620 haec
885 2582 933 2620 ab
959 2583 1087 2620 Ennio
1113 2584 1184 2621 sub
1215 2584 1378 2621 historia
1406 2582 1562 2621 Gemini
1585 2581 1742 2620 Servilii

181 2645 259 2682 viri
282 2644 422 2682 nobilis
449 2644 626 2694 exposita
653 2655 734 2681 esse
761 2641 940 2680 affirmet.
968 2641 1078 2687 Quae
1104 2655 1150 2680 ex
1170 2642 1290 2680 Ennii
1314 2642 1490 2681 versibus
1512 2653 1607 2690 quos
1629 2640 1742 2678 affert

183 2703 367 2753 colligere
399 2716 476 2741 non
508 2704 677 2752 poterat,
709 2701 866 2751 poterat
891 2714 937 2739 ex
962 2703 1096 2739 tenore
1121 2714 1264 2750 rerum,
1298 2702 1366 2750 qui
1392 2702 1476 2738 erat
1501 2701 1543 2737 in
1569 2711 1613 2737 eo
1638 2699 1740 2736 libro

183 2762 387 2800 annalium
413 2775 529 2810 quem
554 2762 665 2799 dixit.
693 2761 745 2798 Et
769 2761 865 2797 haec
889 2772 959 2798 nos
985 2762 1170 2810 putamus
1198 2759 1370 2798 Gellium
1394 2760 1435 2797 in
1458 2758 1587 2796 media
1606 2770 1740 2807 pugna

183 2820 379 2858 Cannensi
404 2820 452 2858 ab
477 2821 604 2858 Ennio
631 2821 792 2857 narrata
818 2818 1051 2857 offendisse?
1078 2819 1154 2865 Qui
1174 2819 1278 2869 quod
1297 2819 1354 2856 ita
1374 2817 1471 2855 dicit
1488 2817 1559 2854 sub
1578 2817 1741 2854 historia

185 2879 339 2919 Gemini
362 2879 521 2919 Servilii
545 2880 600 2918 sic
626 2878 966 2929 interpretandum
991 2891 1127 2918 censeo
1153 2880 1199 2917 ut
1223 2878 1396 2916 Ennium
1422 2876 1596 2914 dicamus
1628 2887 1739 2925 prae-

1753 2982 1757 3008 1
