2020 3334
750 224 971 259 NAEVIUS.
1015 223 1233 259 PLAUTUS
1682 225 1766 260 XXI

203 338 321 377 huius
346 338 606 387 praefationis
627 337 676 375 ad
694 350 709 375 1
728 337 774 382 fr.
796 349 874 376 xv1.
895 350 980 376 xvn
1000 331 1207 391 adnotavi)
1228 336 1344 375 fidem
1363 337 1517 376 faciunt
1535 338 1631 375 olim
1650 338 1766 388 plura

205 398 325 435 fuisse
357 409 458 446 quae
489 397 684 446 posterior
714 398 833 446 poeta
864 409 953 435 cum
982 398 1113 447 priore
1145 397 1369 436 communia
1399 396 1592 435 habuerit.

300 450 422 494 'Cum
459 455 601 494 Plauto
640 456 786 499 multos
824 468 947 495 annos
985 457 1136 495 Ennius
1173 469 1253 494 una
1289 456 1390 493 vixit
1427 456 1585 494 Romae.
1630 454 1764 495 Cicero

205 516 307 553 enim
340 510 400 568 (in
431 515 555 553 Bruto
591 516 656 563 15,
679 509 752 568 60)
785 528 874 553 cum
903 516 1089 554 Plautum
1120 515 1257 554 scribit
1287 515 1331 552 P.
1360 514 1524 553 Claudio
1552 515 1602 553 L.
1627 516 1764 554 Porcio

203 575 341 623 viqinti
366 576 482 612 annis
506 578 597 623 post
626 575 713 612 illos
744 585 837 622 quos
869 577 956 612 ante
987 575 1070 613 dixi
1101 575 1320 613 consulibus
1350 577 1545 612 mortuum
1576 586 1653 612 esse
1691 574 1765 614 Oa-

204 636 289 672 tone
325 645 494 678 censore,
533 646 612 682 quo
643 634 797 671 nullum
828 645 910 671 esse
949 635 1092 672 certius
1124 634 1396 672 testimonium
1433 634 1564 682 potest
1597 635 1679 672 sive
1718 647 1763 672 ex

206 693 403 731 veteribus
442 693 733 731 commentariis
772 704 868 740 quos
905 692 962 729 ibi
999 692 1097 731 dicit
1134 693 1216 730 sive
1255 705 1278 730 a
1314 692 1492 730 Varrone
1529 693 1591 730 vel
1630 693 1764 732 Attico

203 753 403 802 sumptum
436 753 511 799 est,
549 752 699 789 indicat
735 751 879 802 viginti
911 753 1023 790 annis
1055 753 1146 801 post
1177 751 1353 789 consules
1386 764 1482 800 quos
1514 764 1632 801 supra
1665 752 1765 790 dixit

204 810 419 862 Cethegum
451 812 490 849 et
521 811 774 859 Tuditanum,
807 810 948 859 quibus
980 810 1204 849 consulibus
1231 811 1403 848 Ennium
1429 811 1595 848 Romam
1624 811 1764 849 deduc-

202 871 287 907 tum
319 871 461 908 scimus
493 870 529 907 h.
562 883 592 907 e.
627 883 659 908 a.
695 870 791 918 550,
822 869 1010 907 Plautum
1037 883 1056 907 e
1091 870 1175 908 vita
1206 870 1423 908 excessisse.
1476 869 1551 907 Sed
1582 870 1629 908 de
1661 883 1762 909 com-

201 930 345 968 mercio
384 929 488 978 quod
525 929 645 967 fuerit
682 930 785 967 inter
818 941 880 967 eos
912 929 1013 966 nihil
1044 930 1289 978 compertum
1321 930 1397 977 est,
1431 929 1508 967 nisi
1540 930 1645 978 quod
1676 943 1762 978 pro-

201 989 314 1039 logus
345 988 513 1027 Poenuli
544 989 591 1027 ab
623 989 684 1027 his
717 988 892 1026 versibus
924 1000 1081 1027 exorsus

413 1046 604 1086 Achillem
633 1046 856 1086 Aristarchi
886 1049 983 1086 mihi
1014 1049 1262 1086 commentari
1292 1048 1412 1085 lubet:

413 1107 514 1146 Inde
543 1108 639 1145 mihi
662 1108 906 1155 principium
936 1108 1091 1155 capiam
1122 1119 1166 1145 em
1197 1118 1242 1144 ea
1272 1107 1480 1155 tragoedia.

415 1162 615 1214 eStlethue
647 1170 680 1204 et
711 1169 826 1204 tacete
857 1169 969 1214 atque
1002 1168 1179 1204 animum
1210 1166 1407 1204 advortite.

413 1225 565 1264 Audire
596 1226 697 1263 iubet
728 1237 794 1263 vos
824 1221 1049 1273 ‘imperator'
1081 1226 1261 1264 histricus

201 1288 241 1323 et
271 1287 340 1335 qui
371 1286 593 1334 insequitur
623 1285 829 1322 undecimo

414 1345 604 1393 Eoesurye,
629 1355 785 1392 praeco,
817 1346 882 1392 fac
905 1345 1053 1391 populo
1085 1344 1337 1388 audientiam,

201 1404 429 1454 tragoediae
473 1403 602 1442 verbis
646 1403 788 1440 maluit
832 1415 951 1452 quam
994 1404 1074 1441 suis
1113 1403 1162 1441 ad
1200 1403 1401 1441 silentium
1439 1404 1478 1440 et
1518 1402 1760 1441 audientiam

201 1464 440 1513 spectatores
484 1475 640 1501 vocare:
685 1475 804 1511 quam
847 1462 1095 1512 tragoediam
1139 1462 1363 1500 Ennianam
1408 1474 1489 1500 esse
1533 1475 1610 1499 uno
1654 1462 1761 1500 Festi

200 1523 428 1560 testimonio
454 1522 505 1559 ad
530 1522 575 1558 fr.
597 1534 622 1558 x
649 1521 846 1571 adscripto
874 1522 1038 1560 constat.
1071 1521 1279 1559 Probabile
1307 1522 1365 1559 est
1384 1521 1570 1559 Plautum
1591 1515 1761 1572 (Plauti-

201 1595 295 1618 num
327 1582 431 1619 enim
463 1582 565 1619 hunc
597 1581 806 1631 prologum
839 1593 921 1619 esse
952 1593 1031 1618 non
1063 1581 1123 1619 est
1157 1580 1261 1629 quod
1299 1575 1517 1632 dubitetur)
1557 1593 1645 1618 cum
1682 1582 1762 1618 tra-

199 1640 380 1691 goediam
409 1653 454 1678 ex
480 1653 558 1689 qua
583 1652 717 1678 versus
742 1641 860 1689 petiit
884 1641 1042 1678 nomine
1068 1641 1227 1677 vocaret
1252 1640 1495 1689 exspectasse
1521 1640 1760 1689 spectatores

200 1700 408 1738 clarissimi
427 1700 566 1749 poetae
587 1699 763 1737 fabulam
785 1700 985 1749 cognitam
1004 1699 1147 1737 habere
1168 1700 1288 1736 etiam
1308 1712 1386 1736 non
1406 1700 1609 1737 nominato
1632 1700 1760 1748 poeta,

200 1761 239 1797 et
270 1760 436 1798 fortasse
466 1759 591 1808 ipsius
623 1771 779 1806 scenae,
817 1771 917 1808 quae
949 1758 1125 1796 versibus
1157 1759 1290 1796 citatis
1321 1757 1534 1806 indicetur,
1572 1770 1760 1796 memores

199 1831 298 1857 esse:
325 1831 440 1868 quem
466 1818 625 1867 quidem
651 1819 788 1856 notum
814 1819 873 1856 est
898 1819 1018 1855 etiam
1045 1817 1141 1856 alibi
1161 1830 1206 1855 ex
1225 1817 1429 1868 tragoedia
1449 1818 1627 1855 Romana
1648 1830 1760 1866 quos-

200 1878 290 1915 dam
321 1878 470 1916 rivulos
501 1878 543 1915 in
576 1890 687 1916 suam
718 1877 960 1915 comoediam
992 1877 1156 1915 duxisse.
1200 1876 1313 1921 Quod
1344 1890 1435 1915 vero
1468 1877 1509 1914 F.
1543 1876 1760 1915 Schoellius

200 1932 260 1988 (in
285 1950 382 1976 mus.
409 1937 530 1975 Rhen.
551 1949 647 1974 xmv
670 1937 780 1974 1889
807 1950 844 1986 p.
869 1930 971 1988 160)
999 1936 1167 1974 coniecit
1193 1949 1237 1974 ex
1263 1936 1391 1975 verbis
1417 1936 1560 1985 Pyrrhi
1593 1936 1638 1973 de
1672 1948 1759 1984 cap—

198 1997 293 2035 tivis
324 1996 531 2034 reddendis
565 1991 672 2048 (ann.
699 2008 740 2034 VI
765 1996 812 2033 fr.
833 1991 908 2047 xn)

410 2056 491 2093 Nec
522 2057 577 2093 ml
608 2056 751 2093 aururn
776 2066 892 2103 posco
923 2067 991 2093 nec
1021 2056 1076 2092 oni
1099 2056 1272 2102 pretium
1303 2054 1494 2098 dederitis,

413 2115 505 2152 Non
536 2117 796 2162 cauponantes
829 2115 968 2152 bellurn
998 2114 1065 2152 sed
1097 2114 1359 2161 belliqerantes

412 2175 536 2212 Ferro
566 2185 646 2211 non
677 2185 775 2211 auro
806 2174 926 2211 vitam
957 2184 1161 2211 cernamus
1191 2174 1343 2219 utrique

198 2233 293 2271 haec
330 2234 531 2282 postrema
561 2232 749 2269 Plautum
780 2233 938 2271 inversa
972 2231 1021 2270 ad
1052 2232 1182 2270 iocum
1214 2231 1479 2269 meretricium
1510 2231 1759 2270 transtulisse

198 2293 239 2329 in
271 2292 509 2330 Truculento
544 2291 625 2330 925
639 2303 723 2340 sqq.

199 2350 306 2388 STR.
339 2352 499 2389 flIeosne
530 2353 617 2389 ante
648 2351 775 2388 oculos
807 2361 871 2399 eqo
902 2350 1013 2388 illam
1036 2351 1175 2398 patiar
1209 2350 1306 2388 alios
1339 2350 1624 2397 ampleoearier?

339 2411 544 2448 Mortuum
574 2410 696 2448 hercle
720 2422 779 2447 rne
803 2409 913 2447 hodie
937 2410 1096 2447 satiust:
1127 2410 1276 2456 apstine
1302 2410 1380 2453 hoc,
1405 2410 1555 2453 multer,
1586 2421 1758 2452 manum,

339 2470 431 2507 Niso·
461 2471 497 2507 st
528 2472 561 2507 te
591 2481 676 2507 mea
707 2470 914 2507 machaera
945 2470 1004 2506 vis
1035 2471 1069 2506 et
1098 2469 1199 2506 hunc
1230 2480 1311 2506 una
1336 2469 1445 2506 mori.

198 2528 315 2565 PHR.
344 2529 416 2566 Nu
447 2530 606 2576 alapari
636 2530 787 2572 satiust,
818 2528 938 2572 miles,
968 2529 1004 2566 si
1035 2530 1068 2565 te
1100 2529 1229 2565 amari
1252 2528 1442 2574 postulas.

338 2586 462 2632 Auro,
493 2589 573 2626 hau
603 2589 706 2635 ferro
739 2588 924 2626 deterrere
948 2590 1075 2635 potes,
1106 2587 1207 2625 hunc
1234 2598 1281 2624 ne
1313 2598 1453 2630 arnern,
1483 2585 1757 2633 Stratophanes

197 2646 238 2684 id
269 2647 367 2684 mihi
399 2659 477 2684 non
507 2647 710 2696 probatur,
742 2659 831 2684 cum
864 2659 908 2683 ex
939 2659 980 2683 re
1008 2647 1096 2695 ipsa
1121 2646 1319 2683 meretrici
1343 2645 1439 2683 haec
1464 2646 1648 2683 nascatur
1674 2656 1756 2682 sen-

197 2706 335 2753 tentia,
368 2719 486 2754 quam
519 2706 689 2744 alienam
721 2718 802 2744 esse
834 2718 947 2743 nemo
980 2705 1170 2754 suspicari
1202 2705 1343 2754 possit:
1376 2703 1526 2742 accedit
1557 2703 1661 2751 quod
1692 2703 1756 2739 vix

199 2765 488 2802 concedendum
519 2766 579 2804 est
608 2766 704 2803 haec
736 2765 923 2802 Plautum
954 2764 996 2802 in
1021 2764 1142 2801 Ennii
1174 2763 1380 2802 annalibus
1412 2764 1539 2812 legere
1570 2762 1753 2811 potuisse,

317 2823 418 2861 Sunt
455 2824 650 2872 quaedam
687 2824 729 2861 in
767 2823 944 2861 oratione
976 2823 1176 2871 Enniana,
1215 2835 1314 2872 quae
1353 2835 1440 2860 cum
1471 2820 1605 2858 Plauti
1636 2820 1755 2857 versi—

196 2882 268 2921 bus
312 2883 479 2921 conferri
516 2883 685 2932 possint,
730 2895 897 2932 quorum
940 2883 1131 2920 nonnulla
1169 2882 1218 2920 ad
1255 2893 1388 2919 versus
1426 2880 1530 2929 ipsos
1568 2878 1755 2916 adnotavi

198 2935 306 2993 (ann.
336 2942 418 2980 125
446 2955 546 2980 scen.
569 2943 664 2980 295.
693 2936 810 2994 349),
835 2954 906 2980 nec
931 2941 1068 2979 dubito
1095 2942 1197 2991 quin'
1217 2939 1384 2979 aliorum
1410 2937 1616 2988 diligentia
1639 2938 1755 2986 plura

1724 3070 1728 3096 l
