2054 3282
615 283 853 319 ADDENDA
877 282 939 318 ΕΤ
966 281 1278 319 CORRIGENDA
1644 282 1727 324 301

170 403 226 439 bei
249 403 410 448 Ennius,
437 403 504 438 aut
528 402 574 438 de
598 413 706 438 versu
726 405 793 438 409
815 404 912 448 (ann.
934 415 980 437 xv
1000 401 1043 437 fr.
1064 403 1128 447 vn)
1148 413 1256 438 arcus
1274 401 1503 447 subspiciunt
1520 413 1565 437 m.
1585 412 1617 446 q.
1632 412 1671 446 p.
1692 401 1731 435 in

169 450 264 485 actis
291 450 395 485 acad.
415 461 446 485 a.
470 453 561 485 1886
586 451 674 486 uber
698 451 756 486 die
781 451 956 486 Annalen
980 450 1041 485 des
1066 451 1218 485 Ennius
1242 461 1278 494 p.
1299 453 1418 494 24sq.‚
1448 449 1514 484 aut
1539 448 1585 483 de
1611 460 1640 483 v.
1663 451 1731 483 559

169 498 233 534 hos
251 500 366 543 pestis
383 499 516 541 necuit,
536 509 628 542 pars
647 509 677 533 o.
698 499 722 533 i.
743 498 778 533 el.
799 497 837 532 in
862 496 1051 542 prooemio
1076 497 1153 532 ind.
1179 496 1329 531 lection.
1352 496 1502 543 1892s93
1523 508 1557 541 p.
1579 499 1611 532 5.
1639 496 1733 531 Sunt

169 545 285 580 etiam
309 545 348 580 in
374 545 509 590 quibus
534 545 678 580 homini
703 545 813 580 docto
838 544 956 580 inscio
980 555 1064 579 cum
1081 543 1128 578 iis
1148 543 1386 589 opinionibus
1407 543 1621 578 convenerit
1640 554 1732 588 quas

168 603 267 627 nunc
292 592 331 627 in
356 603 451 627 nova
477 592 641 628 editione
667 594 816 627 secutus
842 604 933 635 611111,
963 592 1065 627 velut
1089 591 1128 626 in
1153 603 1184 626 v.
1208 594 1273 628 131
1301 592 1343 637 (11
1361 590 1404 625 fr.
1426 593 1462 636 x)
1488 595 1528 627 at
1545 602 1628 634 sese,
1653 602 1733 626 sum

171 651 263 686 quae
282 640 316 675 d.
338 640 362 675 i.
384 641 406 675 l.
426 651 456 675 o.
477 639 602 674 Minus
628 640 789 675 feliciter
808 639 902 674 mihi
920 639 1020 674 visus
1040 640 1098 674 est
1116 638 1327 674 elaborasse
1346 638 1386 672 in
1406 638 1648 673 emendandis
1669 640 1735 673 aut

170 687 401 733 explicandis
426 687 595 722 versibus
617 691 659 722 18
686 689 713 733 (1
732 687 775 722 fr.
795 688 870 732 xxv)
896 687 1088 731 doctusque
1113 687 1356 731 Anchisesque
1382 687 1502 722 Venus
1521 696 1585 730 eqs
1608 687 1646 720 et
1666 689 1734 720 260

170 736 235 780 (vn
254 734 296 769 fr.
317 735 408 780 xxn)
428 735 644 779 sulphureas
657 736 785 779 posuit
804 735 1011 779 spiramina
1025 734 1144 769 Naris
1161 745 1195 769 a.
1216 744 1251 768 u.
1273 735 1312 768 et
1333 736 1398 767 183
1420 735 1470 777 (v1
1489 732 1532 767 fr.
1553 734 1633 778 vm)
1649 744 1734 777 pro-

170 783 321 818 letarius
342 782 543 827 publicitus
566 783 747 827 scutisque
770 783 915 826 feroque
935 792 1010 825 eqs,
1037 782 1074 815 et
1100 791 1211 825 quem
1237 791 1281 815 ex
1308 780 1429 815 Orosii
1453 780 1574 815 verbis
1597 780 1646 815 ad
1668 784 1735 815 170

170 832 206 876 (v
225 829 268 864 fr.
288 831 324 875 v)
346 829 544 874 adscriptis
566 829 823 865 hexametrum
849 828 1003 872 effinxit,
1030 839 1115 863 eum
1141 839 1205 863 cur
1229 827 1464 872 probabilem
1482 839 1557 863 non
1575 828 1736 862 habeam

168 876 358 922 intelliget
383 887 428 911 ex
452 877 499 911 iis
525 887 620 921 quae
639 876 679 911 in
699 876 932 922 praefatione
951 888 986 920 p.
1007 888 1067 909 nx1
1076 886 1153 920 sqq.
1176 875 1222 909 de
1241 874 1345 909 Livio
1366 875 1564 920 disputavi.
1594 875 1666 910 Sed
1687 875 1737 910 sit

170 924 261 959 satis
287 923 484 959 festinanti
508 924 566 958 his
591 924 721 969 paucis
746 924 879 958 harum
905 922 1166 968 quaestionum
1186 924 1223 957 et
1242 922 1448 958 utilitatem
1468 924 1506 958 et
1524 923 1736 958 ubertatem

171 971 369 1007 indicasse.

288 1018 331 1053 In
355 1018 413 1053 his
440 1017 622 1053 addendis
649 1019 687 1053 et
712 1017 940 1063 corrigendis
965 1029 1039 1052 non
1064 1017 1263 1052 recensebo
1290 1028 1546 1062 quaecumque
1566 1018 1632 1052 aut
1651 1028 1735 1052 mea

171 1068 237 1101 aut
254 1066 476 1111 typothetae
502 1065 613 1111 culpa
637 1066 795 1110 peccata
820 1067 918 1109 sunt,
944 1065 1010 1100 sed
1035 1075 1131 1110 quae
1156 1064 1344 1110 legentem
1369 1076 1443 1100 non
1469 1065 1676 1110 impedient
1698 1067 1736 1100 et

169 1113 384 1149 retinebunt
409 1113 709 1158 praetermittam
733 1112 789 1148 ita
814 1114 917 1147 ratus
942 1112 1037 1147 talia
1057 1114 1122 1147 aut
1141 1123 1215 1147 non
1236 1112 1382 1147 attendi
1402 1114 1468 1147 aut
1488 1111 1518 1147 si
1538 1112 1734 1147 attendan-

170 1162 232 1196 tur
257 1172 341 1196 cum
366 1160 474 1195 venia
499 1160 654 1206 ignosci.
681 1159 847 1195 Afferam
871 1170 956 1194 vero
982 1170 1078 1204 quae
1097 1159 1193 1194 falso
1214 1159 1352 1204 scripta
1372 1159 1496 1194 sensui
1517 1159 1664 1195 officere
1682 1160 1735 1194 vi-

172 1208 307 1243 dentur
331 1209 369 1242 et
394 1208 531 1242 addam
557 1207 588 1243 si
608 1219 764 1253 quorum
782 1207 928 1242 utilitas
950 1209 1006 1242 est
1026 1208 1105 1242 sive
1123 1207 1163 1241 in
1183 1207 1436 1242 confirmanda
1456 1207 1640 1252 scriptura
1660 1207 1735 1242 sive

171 1254 407 1301 explananda
433 1255 619 1290 sententia
644 1256 682 1290 et
712 1254 914 1300 praecipue
945 1255 1131 1299 quaedam
1158 1254 1489 1300 grammaticorum
1520 1254 1737 1289 testimonia

172 1302 348 1338 adiiciam
373 1313 469 1347 quae
493 1302 656 1338 Enniani
681 1302 778 1337 nihil
802 1302 943 1337 habent
969 1302 1033 1337 sed
1054 1313 1138 1337 cum
1157 1302 1203 1337 iis
1223 1313 1319 1347 quae
1339 1301 1480 1337 habent
1498 1301 1631 1338 intime
1650 1313 1736 1337 con-

170 1350 298 1386 iuncta
323 1352 418 1385 sunt.

290 1397 391 1440 Quae
412 1397 460 1432 ad
478 1397 751 1442 praefationem
769 1397 939 1441 redeunt,
962 1397 1059 1432 nihil
1079 1396 1339 1442 ambiguitatis
1358 1397 1509 1439 habent,
1534 1407 1630 1442 quae
1650 1408 1734 1432 vero

172 1445 221 1480 ad
247 1444 435 1491 duplicem
461 1445 743 1480 adnotationem
767 1446 891 1480 textus
914 1444 969 1479 ita
989 1444 1158 1488 discrevi,
1184 1446 1226 1479 ut
1245 1444 1408 1479 numeris
1427 1444 1605 1479 Romanis
1626 1455 1735 1490 supe—

171 1493 305 1528 riorem
331 1492 622 1535 adnotationem,
648 1492 818 1527 Arabicis
838 1491 1053 1527 inferiorem
1073 1491 1322 1538 significarem
1341 1491 1543 1527 accedente
1561 1494 1736 1537 typorum

171 1539 387 1575 diversitate
413 1550 509 1584 quae
535 1541 592 1575 est
615 1540 655 1574 in
680 1539 772 1584 ipsis
799 1539 1115 1574 adnotationibus.

288 1586 408 1622 Praef.
428 1599 463 1632 p.
484 1600 579 1622 xxxv
598 1599 629 1621 v.
652 1590 696 1621 33
722 1598 788 1632 pro
814 1587 1029 1631 Plautin(a)
1056 1586 1175 1622 scribe
1201 1587 1423 1632 Plautin(e).

313 1655 357 1660 —
383 1646 419 1679 p.
440 1647 475 1669 61
493 1646 525 1669 v.
548 1638 591 1669 37
617 1634 731 1670 adde:
759 1635 796 1669 et
821 1633 916 1669 conf.
943 1646 978 1679 p.
1000 1646 1130 1669 cnxxxv
1154 1634 1312 1669 fortasse
1343 1633 1465 1680 magis
1497 1634 1547 1668 ad
1571 1634 1735 1670 Lucretii

174 1693 287 1727 quam
312 1682 361 1716 ad
385 1681 498 1716 Ennii
523 1681 734 1726 exemplum
758 1681 959 1716 formatum
984 1692 1129 1717 versum
1154 1681 1321 1717 Ausonii.

315 1750 358 1755 —
384 1741 419 1774 p.
437 1741 547 1764 cxv111
561 1741 593 1763 v.
608 1733 631 1763 4
645 1729 692 1764 ab
713 1729 777 1763 inf.
800 1729 912 1764 adde:
933 1729 1136 1764 memoravi
1150 1728 1399 1764 Claudianum
1419 1729 1534 1764 etiam
1553 1740 1651 1765 scen.
1667 1733 1736 1765 380

173 1778 216 1812 ut
242 1776 456 1812 adiuvarem
482 1776 593 1811 Ennii
618 1776 826 1811 orationem
850 1776 988 1811 iniuria
1013 1776 1285 1811 addubitatam.

314 1845 358 1850 —
384 1836 420 1869 p.
441 1836 539 1858 cxxn
557 1836 589 1859 v.
612 1827 656 1859 34
683 1824 731 1859 ad
755 1822 945 1858 Ammiani
970 1823 1180 1858 Marcellini
1204 1824 1318 1859 verba
1343 1824 1456 1860 adde:
1484 1824 1529 1859 cf.
1550 1836 1586 1870 p.
1602 1837 1660 1859 011.

314 1892 360 1897 —-
385 1883 420 1916 p.
443 1884 555 1905 cxxm
574 1883 605 1906 v.
628 1875 671 1906 10
697 1871 805 1905 illum
831 1871 971 1906 ‘nescio
997 1871 1122 1915 quem’
1150 1870 1266 1906 fuisse
1286 1871 1500 1907 Ciceronem
1519 1872 1559 1906 in
1578 1872 1736 1907 Horten-

174 1919 228 1954 sio
261 1918 492 1954 Ohlmannus
524 1918 672 1964 putavit
704 1919 750 1953 de
777 1918 809 1952 S.
836 1918 1039 1964 Augustini
1071 1918 1231 1964 dialogis
1257 1931 1291 1963 p.
1314 1922 1369 1953 60.
1402 1919 1582 1954 Ennianis
1614 1919 1735 1954 verbis

172 1968 283 2011 (scen.
300 1967 382 2011 244)
401 1966 633 2012 Augustinus
653 1965 761 2010 quasi
780 1965 967 2011 proverbii
986 1966 1067 2000 1060
1087 1977 1175 2000 116116
1196 1967 1253 2001 est
1271 1966 1387 2001 etiam
1401 1966 1555 2002 confess.
1571 1979 1594 2001 x
1610 1970 1664 2010 16,
1680 1971 1734 2002 25.

315 2035 359 2039 -—
384 2025 419 2059 p.
441 2025 534 2047 cxxx
554 2013 668 2048 adde:
688 2013 748 2048 Ad
761 2013 945 2048 Theoduli
965 2013 1122 2059 eglogae
1135 2025 1166 2047 v.
1182 2016 1251 2048 288
1270 2013 1422 2048 ridiculi
1437 2024 1550 2048 causa
1564 2014 1736 2049 adscribo

173 2071 217 2095 ex
247 2060 385 2096 vetusti
418 2060 612 2095 cuiusdam
644 2060 843 2095 commenti
874 2059 1039 2095 editione
1065 2071 1097 2095 a.
1126 2064 1216 2094 1492
1249 2071 1345 2104 quae
1376 2060 1470 2095 mihi
1495 2061 1736 2107 Plasbergius

173 2107 368 2153 exscripsit
387 2134 395 2142 .
418 2135 424 2142 .
448 2136 454 2142 .
479 2136 484 2141 .
512 2108 566 2143 Et
584 2108 844 2152 principaliter
868 2111 909 2143 tu
933 2107 1041 2142 Enni
1060 2112 1170 2152 poeta
1201 2108 1299 2143 mitte
1329 2108 1399 2142 huc
1428 2108 1511 2143 illos
1536 2109 1619 2145 deos
1649 2120 1738 2153 quos

173 2155 419 2199 conscripsisti
443 2155 484 2189 in
509 2155 601 2190 libro
625 2158 803 2190 tractante
829 2154 872 2189 de
895 2155 1006 2199 fluvio
1031 2155 1210 2197 infernali
1240 2155 1305 2199 qui
1335 2155 1472 2190 dicitur
1503 2155 1592 2191 liber
1623 2156 1735 2203 disty-

173 2203 274 2247 9ium
295 2229 422 2237 .....
443 2202 535 2237 Item
555 2202 707 2237 Ennius
730 2202 806 2245 fuit
830 2202 980 2247 quidam
1000 2206 1109 2246 poeta
1133 2202 1197 2246 qui
1220 2202 1308 2245 fecit
1331 2202 1511 2247 quendam
1537 2203 1669 2238 librum
1694 2203 1737 2238 de

171 2250 283 2294 fluvio
308 2250 489 2293 infernali
513 2249 555 2284 de
580 2260 650 2294 quo
674 2249 888 2294 conscripsit
910 2250 1062 2285 nomina
1088 2249 1237 2284 deornm
1262 2254 1295 2284 et
1319 2250 1471 2285 dearum
1495 2253 1528 2285 et
1554 2250 1615 2285 ille
1647 2251 1738 2286 liber

173 2296 310 2332 dieitur
334 2297 532 2343 dystiyium
557 2308 580 2331 a
607 2297 672 2332 dia
698 2297 794 2341 quod
818 2300 868 2332 est
893 2296 936 2332 de
960 2300 994 2331 et
1017 2301 1092 2342 stys
1120 2298 1234 2342 styyis
1255 2326 1261 2331 .
1285 2326 1290 2332 .
1314 2324 1321 2331 .
1355 2297 1418 2332 Vel
1449 2297 1586 2332 dieitur
1617 2309 1641 2332 a
1672 2298 1737 2332 dia

174 2343 270 2389 quod
294 2348 346 2380 est
370 2343 441 2379 duo
467 2348 499 2379 et
517 2344 628 2390 stiyos
645 2355 768 2379 versus
787 2344 894 2389 quasi
913 2345 1035 2379 eadem
1053 2345 1208 2379 materia
1227 2344 1269 2378 in
1287 2344 1465 2379 sententia
1484 2345 1737 2389 comprehensa

174 2392 216 2426 in
241 2391 382 2427 duobus
399 2391 568 2427 versibus.
597 2390 823 2426 Distichium
841 2391 964 2436 Ennii,
991 2392 1092 2436 quod
1110 2390 1293 2436 intelligit
1312 2391 1377 2426 sed
1396 2403 1470 2426 non
1489 2391 1599 2426 affert
1617 2391 1737 2427 Theo-

176 2437 296 2483 dulus,
323 2449 346 2472 a
370 2438 557 2473 Martiano
583 2437 737 2484 Capella
762 2449 847 2473 eum
871 2440 1083 2473 mutuatum
1109 2449 1188 2473 esse
1214 2438 1356 2483 scripsi,
1382 2449 1541 2484 eumque
1565 2439 1646 2484 ipse
1673 2450 1738 2484 ap-

174 2484 294 2530 pellat
312 2497 343 2520 v.
365 2489 444 2520 334.
472 2485 642 2520 Ceterum
672 2485 743 2521 hoc
768 2485 955 2521 distichon
981 2485 1092 2520 Ennii
1122 2486 1168 2520 de
1199 2486 1396 2521 duodecim
1428 2485 1500 2520 diis
1532 2486 1630 2521 inter
1660 2486 1738 2521 alia

175 2533 350 2577 poemata
369 2532 408 2567 in
428 2533 507 2567 cod.
522 2533 733 2568 Burneiano
748 2536 816 2567 224
838 2543 931 2568 saec.
952 2533 1110 2568 fortasse
1123 2546 1190 2567 xm
1210 2534 1355 2568 exstare
1368 2534 1528 2568 testatur
1542 2534 1736 2580 catalogus

176 2579 345 2614 codicum
369 2579 409 2614 in
433 2590 560 2615 museo
586 2580 802 2616 Britannico
829 2581 1100 2616 asser-vatorum
1121 2592 1202 2615 nov.
1224 2591 1291 2616 ser.
1312 2580 1381 2616 vol.
1402 2593 1415 2615 1
1435 2582 1554 2626 (1840)
1575 2594 1610 2626 p.
1632 2585 1687 2616 60.

294 2626 345 2661 Ut
371 2626 546 2672 colligam
571 2628 754 2671 quantum
779 2639 931 2672 possum
957 2628 1082 2663 omnia
1107 2627 1395 2673 qualiacumque
1415 2639 1511 2672 quae
1530 2628 1642 2663 Ennii
1661 2639 1737 2664 me-

174 2673 331 2709 moriam
355 2673 496 2709 habent
520 2674 635 2709 medii
660 2674 741 2710 aevi
765 2675 991 2718 testimonia,
1018 2686 1152 2710 nomen
1174 2675 1286 2710 Ennii
1312 2675 1422 2710 affert
1447 2675 1561 2710 etiam
1579 2675 1736 2711 Ioannes

177 2720 465 2756 Saresberiensis
491 2722 599 2766 (saec.
620 2723 686 2766 xn)
712 2722 850 2757 enthet.
877 2722 917 2757 in
941 2722 1081 2767 polyer.
1102 2722 1172 2757 vol.
1192 2735 1236 2757 111
1254 2735 1290 2768 p.
1311 2726 1331 2757 9
1354 2722 1453 2758 Giles
1479 2722 1608 2767 (Oxon.
1631 2725 1736 2769 1848)

390 2769 461 2804 Est
484 2770 641 2813 antiqua
664 2770 786 2812 nimis,
810 2770 921 2804 nimis
945 2773 996 2805 est
1018 2771 1196 2806 sententia
1219 2781 1317 2814 vera,

464 2815 582 2861 Quam
607 2816 754 2851 docuere
774 2819 898 2860 patres
923 2817 1105 2852 Ennius
1130 2821 1236 2862 atque
1263 2817 1369 2852 Cato:

393 2863 483 2898 Tam
509 2863 604 2907 quod
627 2863 731 2898 habet
756 2874 864 2907 quam
890 2875 959 2908 quo
984 2868 1081 2899 caret
1105 2866 1206 2899 omni
1230 2865 1316 2909 defit
1333 2865 1448 2899 amieo
1468 2864 1523 2909 (P),

465 2909 619 2954 Occupet
643 2911 837 2953 occumbat,
861 2921 918 2945 res
942 2912 1067 2946 aliena
1091 2915 1221 2946 tamen.

390 2957 536 3002 Semper
561 2957 777 2999 abundabit,
802 2958 867 3001 qui
889 2958 994 2993 rebus
1018 2960 1157 2994 noverit
1180 2959 1238 2993 uti
1243 2971 1256 3001 ;

461 3005 515 3040 Et
538 3015 636 3039 mens
661 3004 788 3039 utendi
812 3005 934 3039 nescia
957 3016 1094 3050 semper
1118 3009 1202 3051 eqet.

178 3050 276 3085 Nam
301 3050 380 3085 eius
406 3051 508 3086 modi
534 3052 757 3087 sententiam
782 3050 894 3086 Ennii
920 3062 1015 3096 quae
1042 3052 1193 3096 quidem
1218 3053 1338 3087 exstet
1364 3051 1498 3087 nescio.
