2020 3334
632 216 915 254 TERENTIUS.
954 217 1302 259 VARGUNTEHJS'
1640 220 1739 256 XXV

184 341 272 366 care
303 327 496 367 videatur.
534 327 714 378 Denique
745 330 787 366 in
819 331 1043 369 saturarum
1074 330 1141 369 lib.
1167 343 1208 370 VI
1237 344 1333 381 quos
1364 332 1574 382 perscripsi
1606 346 1739 372 versus

185 382 399 440 (14-19)
449 387 626 425 dubitari
674 399 754 426 non
802 391 933 437 potest
982 390 1079 438 quin
1123 390 1328 429 Terentius
1377 392 1557 430 imitatus
1604 393 1656 430 sit
1700 393 1741 430 in

183 447 339 485 Phorm.
364 459 395 484 11
427 448 466 495 2,
487 446 554 494 25,
586 446 653 484 sed
684 458 749 485 eos
781 449 913 485 utrum
945 448 992 486 de
1025 449 1154 487 Ennio
1187 462 1237 487 an
1269 450 1347 488 alio
1378 452 1496 500 poeta
1528 452 1740 490 translatos

185 506 329 544 dixerit
358 505 538 544 Donatus
569 506 763 544 incertum
795 508 854 544 est
879 507 927 544 ob
958 508 1150 545 incertam
1180 508 1358 547 codicum
1389 511 1633 559 scripturam.

305 564 481 615 Septimo
513 566 646 603 autem
678 565 727 603 ab
758 564 853 603 urbe
885 578 916 603 c.
949 566 1116 615 saeculo,
1148 579 1236 604 cum
1267 568 1398 605 studia
1429 570 1687 619 grammatica
1719 583 1742 608 a

184 624 370 663 tenuibus
401 624 528 663 initiis
559 625 755 674 paulatim
786 627 1014 673 crescerent,
1044 626 1188 663 mirum
1219 639 1298 664 non
1330 629 1388 664 est
1413 628 1517 676 quod
1549 641 1636 666 cum
1663 629 1741 666 alia

185 684 353 723 aliorum
389 685 597 733 poetarum
640 684 815 721 carmina
851 685 938 721 tum
975 684 1095 722 Ennii
1130 685 1311 734 inprimis
1355 687 1514 724 annales
1559 700 1580 724 a
1618 687 1742 726 doctis

183 742 409 781 hominibus
446 743 612 780 tractari
650 743 779 792 coepti
815 745 919 781 sunt.
959 743 1017 781 De
1055 757 1134 792 qua
1170 757 1212 782 re
1246 744 1488 782 luculentum
1532 747 1590 783 est
1632 747 1742 784 testi-

184 803 360 840 monium
393 801 572 840 Suetonii
604 802 650 839 de
681 814 845 853 gramm.
879 796 929 855 (c.
957 803 980 839 2
1013 816 1050 851 p.
1081 804 1163 841 100
1177 815 1232 852 sq.
1259 797 1337 855 R),
1371 805 1438 852 qui
1469 805 1688 854 exemplum
1721 818 1743 843 a

185 861 344 900 Oratete
365 861 532 900 Mallota
558 861 706 909 datum,
733 874 848 910 quem
874 861 944 900 sub
970 863 1099 911 ipsam
1124 862 1244 899 Ennii
1269 864 1433 900 mortem
1461 857 1514 915 (a.
1537 859 1639 916 585)
1667 864 1743 902 Ro-

185 933 289 958 mam
315 921 467 959 venisse
486 920 619 970 ibique
640 921 789 959 diutius
810 923 1095 959 commoratum
1114 921 1222 970 dicit,
1242 921 1438 960 Romanos
1458 923 1638 961 haetenus
1657 925 1743 961 imi-

184 983 282 1019 tatos
313 992 396 1018 esse
421 979 559 1018 scribit
582 983 626 1018 ut
650 981 828 1019 earmina
845 992 995 1028 parurn
1021 981 1146 1018 adhuc
1170 981 1371 1029 divulgata
1394 982 1454 1020 vel
1478 982 1744 1030 defunctorum

185 1041 398 1078 amicorum
434 1040 492 1078 vel
521 1041 558 1078 si
588 1050 752 1088 quorum
783 1040 950 1079 aliorum
974 1040 1216 1088 probassent,
1248 1041 1469 1088 diligentius
1494 1044 1745 1079 retractarent

185 1111 230 1137 ac
266 1099 420 1148 legendo
457 1099 818 1147 emnmentandoque
855 1103 889 1137 et
922 1101 1053 1138 ceteris
1083 1102 1175 1137 nota
1205 1101 1395 1147 faeerent;
1426 1103 1469 1138 ut
1495 1100 1535 1139 Ο.
1565 1100 1744 1139 Octavius

183 1159 407 1206 Lampadio
437 1159 581 1197 Naevii
610 1159 804 1197 Punicum
834 1159 985 1203 bellum,
1016 1159 1117 1207 quod
1146 1170 1224 1197 uno
1254 1160 1446 1198 volumine
1478 1162 1510 1198 et
1541 1161 1746 1198 continenti

182 1220 379 1266 scriptura
404 1220 616 1266 expositum
642 1218 774 1256 divisit
797 1219 841 1256 in
865 1221 1006 1266 septem
1031 1219 1171 1265 libros,·
1195 1222 1238 1256 ut
1255 1222 1391 1266 postea
1418 1219 1460 1267 Q.
1488 1219 1745 1267 Varyunteius

184 1278 347 1316 annales
378 1277 500 1322 Enni,
531 1289 624 1325 quos
656 1279 767 1316 certis
798 1278 931 1316 diebus
962 1279 1005 1316 in
1035 1290 1179 1326 maqna
1209 1279 1427 1326 frequentia
1450 1279 1745 1326 pronuntiabat.

184 1337 290 1387 Ergo
329 1337 406 1375 duo
444 1349 564 1387 opera
601 1336 766 1387 legendo
805 1338 845 1374 et
888 1337 1114 1385 ediscendo,
1157 1349 1236 1375 non
1280 1337 1491 1386 spectando
1536 1337 1744 1381 destinata,

185 1409 286 1446 quae
310 1398 396 1434 tum
428 1396 512 1434 sola
544 1396 764 1444 exstabant,
795 1396 1062 1435 Romanorum
1093 1397 1252 1446 ingenio
1283 1397 1452 1434 maxime
1479 1397 1744 1435 accommoda-

184 1457 240 1503 ta,
264 1456 442 1493 homines
475 1455 581 1493 docti
613 1457 653 1493 et
678 1455 883 1494 scribendo
910 1457 949 1493 et
973 1455 1138 1506 legendo
1165 1455 1327 1506 vulgare
1353 1457 1392 1493 et
1418 1468 1534 1504 quam
1561 1456 1743 1505 plurimis

184 1516 280 1553 nota
310 1514 439 1552 facere
469 1515 747 1552 instituerunt:
780 1516 820 1552 et
851 1514 1011 1553 annales
1037 1514 1157 1552 Ennii
1187 1516 1410 1564 praecipue,
1443 1527 1538 1563 quos
1565 1514 1744 1565 Vargun-

185 1574 286 1612 teius
338 1575 454 1612 certis
505 1574 640 1611 diebus
683 1574 958 1622 pronuntiasse
996 1574 1033 1611 h.
1070 1587 1099 1611 e.
1143 1574 1329 1612 recitasse
1373 1573 1535 1621 dicitur,
1580 1576 1745 1623 apparet

185 1634 334 1682 quanto
372 1633 502 1671 studio
542 1634 695 1682 excepti
733 1634 824 1670 sint.
862 1632 1044 1671 Eundem
1082 1632 1369 1683 Vargunteium
1409 1634 1529 1671 etiam
1567 1634 1744 1671 criticam

185 1705 344 1742 operam
375 1692 496 1729 Ennii
528 1691 638 1730 libris
672 1691 897 1730 adhibuisse
929 1692 1194 1741 coniecerunt,
1234 1692 1301 1730 sed
1334 1705 1380 1730 ea
1411 1705 1531 1741 quam
1564 1692 1745 1742 probabi-

184 1752 233 1790 lis
269 1753 321 1790 sit
358 1753 584 1789 coniectura
621 1750 785 1789 dubium
829 1753 898 1789 est.
942 1751 1190 1789 Anecdotum
1234 1752 1338 1789 enim
1375 1751 1598 1789 Pal-isinum
1643 1751 1745 1800 quod

185 1811 525 1849 Reifferscheidius
565 1810 606 1848 in
649 1810 827 1860 reliquiis
866 1809 1117 1849 Suetonianis
1156 1805 1211 1860 (p.
1241 1811 1322 1848 137
1338 1805 1441 1862 sqq.)
1475 1810 1614 1858 edidit,
1657 1812 1747 1860 post

185 1872 434 1909 enumeratas
472 1873 583 1908 notas
621 1881 719 1918 quae
755 1871 929 1908 versibus
961 1871 1106 1918 apponi
1137 1873 1385 1914 consuerunt,
1423 1870 1469 1908 de
1508 1883 1642 1908 earum
1674 1882 1746 1907 usu

184 1930 281 1968 haec
313 1929 472 1968 subiicit
502 1930 562 1967 In's
592 1930 685 1968 solis
716 1931 759 1967 in
790 1930 1104 1968 adnotationibus
1136 1930 1262 1967 Ennii
1292 1930 1442 1967 Lucilii
1475 1924 1612 1981 (Lucii
1643 1923 1745 1981 eod.)

185 1992 218 2027 et
254 1990 522 2028 historicorum
558 1991 622 2027 usi
651 1992 743 2027 sunt
771 1978 913 2027 uarrc'is
944 1990 1108 2028 henntus
1139 1989 1289 2027 kaelius
1321 2000 1464 2037 aequae
1496 1991 1529 2026 et
1552 1991 1746 2036 postremo

184 2049 334 2086 Probus
378 2050 444 2096 qui
486 2049 577 2086 illas
620 2050 663 2086 in
707 2048 870 2096 Virgilio
914 2051 948 2086 et
983 2049 1150 2086 Horatio
1195 2051 1228 2086 et
1264 2048 1445 2086 Lucretio
1489 2044 1669 2095 apposuit
1705 2050 1747 2085 ut

185 2108 354 2146 Homero
379 2106 645 2146 Aristarchus.
684 2106 793 2152 Quae
824 2108 960 2146 multis
991 2107 1171 2157 partibus
1196 2119 1338 2157 parum
1363 2106 1566 2145 emendate
1599 2107 1746 2155 scripta

186 2168 294 2215 sunt,
340 2169 378 2205 et
421 2168 466 2204 ut
502 2167 651 2205 Lucilii
690 2166 810 2215 probe
847 2167 1077 2204 restitutum
1115 2167 1190 2214 est,
1233 2166 1292 2204 ita
1327 2166 1369 2203 in
1405 2155 1546 2203 uarrt'is
1582 2166 1746 2203 nennius

186 2226 415 2264 delitescere
445 2238 587 2263 nomen
618 2226 873 2273 uaryunteius
904 2225 1080 2274 speciosa
1111 2225 1338 2274 opinatione
1370 2225 1594 2263 statuerunt
1624 2224 1745 2274 Berg-

185 2285 251 2323 kio
288 2284 483 2334 principe:
522 2283 589 2322 sed
626 2284 766 2333 opinor
803 2284 899 2322 haec
937 2284 1013 2322 duo
1051 2284 1212 2322 nomina
1249 2285 1357 2331 sunt,
1394 2295 1532 2322 varros
1571 2284 1746 2327 nennius,

187 2357 207 2382 e
246 2343 387 2393 quibus
421 2343 515 2392 quid
547 2343 816 2381 suscitandum
851 2343 903 2381 sit
934 2343 1077 2391 nescio,
1109 2343 1177 2381 sed
1207 2343 1279 2380 hoc
1312 2355 1351 2381 se
1383 2342 1519 2381 ordine
1551 2342 1745 2391 excepisse

186 2403 369 2442 videntur
399 2404 463 2441 usi
492 2405 584 2441 sunt
613 2414 766 2447 uarros,
798 2403 961 2441 leenntus
969 2397 1021 2454 ²³⁶),
1059 2401 1197 2441 Aelius
1228 2414 1345 2450 aeque
1377 2405 1409 2440 et
1433 2405 1626 2449 postremo
1651 2402 1745 2438 Pro-

186 2463 267 2501 bus.
300 2461 377 2500 Sed
414 2462 486 2501 hoc
524 2463 617 2500 utut
655 2464 713 2500 est
746 2456 865 2514 (nihil
903 2461 1007 2499 enim
1044 2461 1204 2499 definire
1243 2456 1406 2514 audeo),
1445 2460 1599 2499 etiamsi
1637 2459 1742 2498 criti—

187 2534 272 2560 cam
304 2521 572 2572 Vargunteius
604 2521 733 2560 Ennio
765 2520 939 2559 nondum
970 2520 1206 2568 adhibuerit,
1243 2520 1343 2558 illud
1375 2521 1523 2558 certum
1549 2522 1624 2567 est,
1657 2532 1744 2557 eum

185 2580 323 2630 primis
366 2581 446 2619 fere
485 2580 597 2619 annis
636 2580 782 2619 saeculi
821 2580 869 2618 ab
907 2580 1003 2618 urbe
1040 2580 1198 2618 condita
1236 2579 1394 2629 septimi
1432 2574 1606 2631 (tantum
1642 2578 1744 2615 enim

187 2640 367 2678 Suetonii
402 2639 628 2678 narratione
667 2639 766 2677 effici
805 2634 980 2692 videtur)
1020 2639 1222 2677 recitando
1259 2638 1377 2676 Ennii
1409 2638 1570 2676 annales
1609 2637 1743 2686 vulga-

186 2699 306 2737 tiores
349 2698 574 2737 reddidisse.
625 2698 748 2743 Quem
791 2711 883 2736 vero
928 2697 1138 2736 Suetonius
1182 2697 1323 2736 Naevii
1365 2698 1511 2735 bellum
1554 2696 1744 2733 Punicum

186 2759 420 2796 retractasse
458 2760 498 2796 et
534 2759 576 2796 in
613 2760 763 2807 septem
801 2757 921 2795 libros
965 2757 1144 2796 divisisse
1188 2756 1341 2805 scribit,
1385 2755 1592 2794 Octavium
1629 2753 1744 2791 Lam-

305 2894 334 2939 *)
361 2894 462 2936 Quae
494 2895 635 2929 formae
668 2895 863 2938 corruptae
900 2893 996 2928 nihil
1032 2894 1205 2928 videntur
1242 2892 1429 2927 continere
1466 2890 1538 2924 nisi
1577 2888 1743 2935 vulgaria

188 2942 514 2986 grammaticorum
539 2942 689 2977 nomina
723 2943 850 2985 Varro,
876 2941 1036 2977 Ennius.

1715 3072 1720 3099 ἱ
