2004 3278
291 151 317 192 8
859 144 1118 179 ANNALIUM
1141 143 1230 178 Lm.
1250 143 1268 177 1

996 260 1133 296 XXVII

290 328 347 370 34
379 326 494 377 Quos
525 325 720 367 homines
752 323 968 378 quondam
999 322 1225 365 Laurentis
1254 325 1368 364 terra
1397 322 1559 377 recepit

990 427 1145 462 XXVIII

96 491 184 517 ΠᾸῙΑ
290 491 346 533 35
378 490 438 532 Et
468 490 552 532 cita
582 503 679 531 cum
709 488 902 531 tremulis
934 503 1041 531 anus
1072 488 1218 530 attulit
1249 488 1424 530 artubus
1455 487 1611 530 lumen.

9 538 265 559 xxvm-xmn
378 561 499 603 Talia
528 563 621 602 tum
653 563 861 602 memorat
890 560 1116 602 lacrimans
1148 560 1349 602 exterrita
1380 573 1548 601 somno:

380 632 619 686 «Eurydica
648 634 870 687 prognata,
901 634 1022 686 pater
1054 645 1181 685 quam
1211 633 1357 672 noster
1387 630 1557 684 amavit,

292 703 347 745 38
379 703 505 745 Vires
535 703 709 757 vitaque
741 717 893 757 corpus
925 717 1067 744 meum
1098 716 1211 744 nunc
1242 701 1397 743 deserit
1429 715 1565 743 omne.

379 773 493 816 Nam
524 789 592 815 me
623 774 739 815 visus
770 774 900 815 homo
932 773 1110 828 pulcher
1140 788 1217 828 per
1248 787 1426 814 amoena
1458 771 1606 814 salicta

292 845 350 887 40
381 844 442 886 Et
470 845 585 899 ripas
616 847 784 899 raptare
815 844 1021 898 locosque
1051 858 1203 886 novos:
1234 844 1295 885 ita
1326 843 1417 885 sola

380 915 574 969 Postilla,
607 929 808 971 germana
839 929 970 969 soror,
1002 930 1141 957 errare
1170 915 1345 956 videbar

381 986 602 1040 Tardaque
632 987 844 1042 vestigare
876 989 918 1027 01
950 1000 1150 1040 quaerere
1179 988 1223 1027 te
1253 1000 1391 1040 neque
1421 1000 1546 1039 posse

293 1058 350 1099 43
383 1057 518 1099 Corde
549 1071 781 1111 capessere:
815 1057 965 1098 semita
995 1056 1114 1098 nulla
1144 1056 1295 1111 pedem
1328 1055 1559 1097 stabilibat.

381 1128 510 1170 Exim
543 1127 799 1182 compellare
830 1130 951 1182 pater
982 1142 1050 1169 me
1081 1141 1184 1169 voce
1214 1127 1383 1168 videtur

293 1199 350 1241 45
382 1198 462 1240 His
493 1199 655 1240 verbis:
689 1198 733 1239 ‘o
765 1201 905 1254 gnata,
936 1198 1018 1239 tibi
1050 1201 1149 1240 sunt
1181 1200 1279 1239 ante
1311 1197 1520 1253 gerendae

381 1269 634 1324 Aerumnae,
664 1271 764 1324 post
794 1283 845 1310 ex
876 1269 1008 1310 fluvio
1040 1268 1214 1310 fortuna
1243 1268 1440 1310 resistet.’

294 1341 348 1383 47
383 1340 500 1382 Haec
531 1340 682 1382 effatus
713 1342 846 1394 pater,
878 1353 1090 1394 germana,
1120 1342 1295 1394 repente
1325 1339 1500 1381 recessit

294 1468 390 1503 tivus
412 1469 448 1503 et
468 1467 615 1502 dativus
628 1478 741 1502 unam
755 1467 1045 1502 declinationem
1057 1467 1239 1502 haberent
1255 1496 1260 1501 .
1275 1496 1280 1501 .
1296 1496 1302 1501 .
1324 1468 1428 1502 cuius
1441 1467 1497 1503 rei
1509 1467 1618 1503 testis
1633 1469 1690 1502 est
1703 1467 1859 1502 Plautus

294 1522 351 1556 vel
362 1521 513 1563 Ennius,
529 1521 593 1565 qui
607 1521 662 1555 ait
672 1521 809 1556 «Albai
820 1521 971 1566 longai»
981 1532 1048 1565 pro
1059 1520 1178 1555 Albae
1191 1520 1353 1566 longae’
1410 1521 1513 1555 Idem
1527 1520 1736 1565 exemplum
1746 1520 1861 1565 irrep-

295 1575 344 1610 sit
362 1575 401 1610 in
421 1575 503 1609 edd.
526 1574 613 1619 aliq.
629 1575 769 1609 veteres
788 1574 922 1609 Isidori
942 1574 1033 1619 orig.
1055 1587 1068 1608 1
1088 1577 1143 1617 34,
1158 1578 1190 1608 4.
1220 1573 1271 1609 Cf.
1286 1573 1419 1619 fragm.
1436 1574 1482 1608 de
1502 1574 1696 1619 speciebus
1715 1574 1860 1609 hexam.

294 1629 368 1663 her.
383 1628 422 1663 G.
436 1628 474 1662 L.
487 1628 529 1662 K.
545 1641 582 1662 vr
594 1640 629 1673 p.
645 1631 723 1670 636,
734 1631 778 1662 26
801 1628 895 1662 ‘non
911 1627 1042 1673 ignoro
1056 1628 1182 1662 autem
1196 1627 1296 1672 apud
1310 1627 1512 1662 Homerum
1525 1641 1577 1662 xn
1592 1627 1707 1672 pedes
1721 1627 1862 1672 simpli-

296 1693 355 1717 ces
369 1682 408 1716 in
427 1681 551 1716 herois
570 1680 736 1716 versibus
755 1680 915 1715 inveniri
929 1682 966 1715 et
985 1680 1086 1725 apud
1100 1680 1282 1714 Ennium’
1305 1681 1343 1715 et
1362 1680 1411 1715 ad
1430 1693 1460 1715 v.
1478 1684 1555 1715 623.
1573 1684 1640 1715 624
1661 1680 1860 1726 adscripta,

414 1735 550 1770 XXVII
569 1735 642 1780 (34)
686 1734 899 1768 Priscianus
918 1747 969 1768 vn
987 1746 1022 1779 p.
1039 1737 1117 1776 337,
1134 1737 1178 1768 26
1192 1733 1236 1768 H.
1260 1733 1476 1768 ‘Laurentis
1491 1733 1605 1768 etiam
1617 1745 1684 1778 pro
1698 1733 1862 1769 Laurens

300 1788 486 1824 dicebant.
521 1788 663 1823 Ennius
683 1788 722 1822 in
742 1786 940 1822 annalibus
961 1797 1076 1831 «quos
1092 1816 1098 1821 .
1116 1816 1122 1820 .
1140 1815 1146 1821 .
1161 1786 1352 1832 recepit»)

414 1841 570 1876 XXVIII
583 1842 655 1886 (35)
692 1840 846 1875 Ovidius
860 1840 955 1875 trist.
971 1853 999 1874 11
1014 1843 1081 1874 259
1097 1840 1313 1885 ‘sumpserit
1326 1839 1480 1874 annales
1495 1861 1538 1865 —-
1553 1840 1648 1874 nihil
1669 1841 1726 1874 est
1743 1840 1864 1874 hirsu-

297 1895 371 1929 tius
391 1894 467 1929 11113
482 1909 544 1929 -;
565 1894 668 1929 facta
695 1893 744 1929 sit
762 1893 861 1928 unde
880 1904 1016 1939 parens
1034 1893 1105 1928 Eia
1124 1904 1259 1938 nempe
1277 1893 1404 1939 leget.’
1499 1892 1646 1928 Servius
1665 1893 1704 1928 in
1717 1893 1807 1928 Aen.
1828 1907 1865 1928 v1

300 1952 365 1982 777
396 1948 499 1993 (quin
525 1949 563 1982 01
589 1958 657 1982 avo
685 1947 858 1982 comitem
884 1958 964 1982 sese
984 1946 1189 1981 Mavortius
1216 1947 1331 1981 addet
1349 1946 1540 1989 Romulus,
1560 1946 1735 1981 Assaraci
1755 1957 1865 1991 quem

299 2001 491 2047 sanguinis
518 2001 589 2036 Ilia
613 2002 733 2036 mater
759 2001 905 2046 educet)
935 2001 1046 2046 ‘ergo
1072 2010 1164 2036 «avo
1191 2010 1228 2034 se
1255 1999 1370 2034 addet
1395 2000 1590 2035 comitem»
1618 2001 1683 2034 aut
1708 1999 1806 2035 avito
1827 2010 1865 2034 se

298 2054 429 2100 iunget
449 2054 617 2100 imperio,
648 2055 714 2089 aut
743 2056 852 2097 certe,
883 2054 1086 2088 secundum
1114 2053 1287 2096 Ennium,
1321 2052 1503 2088 referetur
1533 2053 1631 2087 inter
1662 2053 1750 2088 deos
1782 2064 1866 2087 cum

299 2107 440 2142 Aenea:
463 2108 555 2142 dicit
573 2118 734 2152 namque
753 2107 862 2142 Iliam
881 2107 996 2141 fuisse
1016 2106 1133 2141 filiam
1152 2106 1319 2150 Aeneae3
1347 2106 1447 2151 quod
1474 2106 1505 2140 si
1525 2108 1591 2150 est,
1610 2106 1756 2141 Aeneas
1776 2117 1865 2141 avus

300 2162 357 2195 est
374 2161 533 2195 Romuli.
555 2160 654 2196 unde
675 2161 790 2196 etiam
817 2160 966 2195 addidit
985 2159 1181 2196 «Assaraci
1202 2170 1313 2204 quem
1333 2159 1566 2205 sanguinis-»2
1593 2170 1680 2194 nam
1698 2159 1769 2194 hoc
1789 2160 1866 2204 epi·

299 2213 451 2249 theton.
469 2215 571 2248 ..est
594 2214 787 2259 proprium
813 2214 979 2258 Aeneae3
1005 2223 1093 2248 nam
1118 2213 1322 2247 Assaracus
1347 2214 1456 2257 pater
1482 2214 1538 2247 est
1563 2212 1717 2257 Capyos,
1745 2212 1866 2257 Capys

302 2266 499 2309 Anchisae,
519 2266 699 2302 Anchises
719 2267 895 2302 Aeneae.’
1008 2266 1154 2301 Servius
1174 2265 1359 2300 Danielin.
1380 2266 1419 2300 in
1438 2266 1528 2300 Aen.
1550 2279 1563 2300 1
1584 2269 1651 2299 273
1670 2278 1705 2310 p.
1729 2269 1807 2308 102,
1822 2269 1864 2299 21

300 2320 395 2354 Thil.
433 2319 614 2354 ‘Naevius
640 2322 678 2355 01
703 2320 844 2355 Εο111113
870 2320 1018 2355 Aeneae
1045 2330 1090 2354 ex
1115 2319 1194 2354 filia
1220 2320 1395 2364 nepotem
1413 2318 1613 2354 Romulum
1639 2318 1867 2354 conditorem

300 2373 403 2408 urbis
421 2373 601 2408 tradunt!
678 2373 803 2409 Cicero
824 2373 871 2408 de
891 2373 961 2408 div.
983 2386 997 2407 1
1017 2376 1072 2416 20,
1088 2375 1133 2407 40
1147 2384 1199 2417 sq.
1224 2373 1343 2407 ‘nunc
1361 2373 1399 2407 te
1420 2371 1468 2406 ad
1491 2371 1639 2406 fabulas
1658 2382 1789 2407 revoco
1809 2371 1867 2406 vel

424 2521 477 2559 35
511 2522 551 2558 et
576 2520 653 2558 cita
678 2522 769 2559 libri
793 2522 936 2569 optimi,
963 2521 1064 2568 quod
1089 2521 1206 2564 tenui,
1232 2519 1360 2557 excita
1386 2513 1463 2571 (vel
1488 2513 1631 2571 eccita)
1658 2519 1771 2566 vulgo

306 2581 360 2619 38
381 2580 465 2618 vita
478 2593 609 2618 meum
623 2591 762 2629 corpus
774 2582 934 2628 praeter
952 2580 1036 2617 vita
1055 2581 1099 2618 in
1116 2591 1262 2617 rasura
1282 2590 1377 2617 corr.
1388 2578 1493 2616 Voss.
1508 2577 1549 2614 B
1641 2578 1695 2615 43
1725 2575 1867 2626 Corpu'

303 2639 531 2677 Frtderious
550 2639 674 2677 Marx
794 2640 849 2676 44
875 2638 991 2676 Exim
1013 2639 1119 2678 Voss.
1138 2638 1178 2676 B
1198 2638 1323 2675 Exin*
1346 2637 1453 2675 Voss.
1470 2634 1508 2673 A
1530 2636 1642 2674 Vind.
1763 2637 1816 2673 45
1846 2649 1868 2673 o

305 2699 426 2748 gnata
444 2696 690 2736 Ascensiana
720 2706 847 2744 1521:
872 2699 1039 2747 cognata
1140 2697 1323 2735 ferendae
1347 2696 1560 2741 Davisius,-
1586 2695 1683 2742 conf.
1710 2703 1777 2741 55,
1796 2696 1866 2732 sed

306 2758 419 2807 gerit,
442 2758 569 2804 inquit
588 2757 712 2795 Varro
732 2757 778 2794 de
800 2757 822 2793 l.
842 2756 891 2793 L.
912 2769 954 2794 VI
977 2765 1043 2805 77,
1062 2756 1104 2794 id
1129 2758 1189 2794 est
1214 2756 1393 2803 sustinet,
1417 2755 1608 2792 tralatum
1634 2753 1683 2791 ab
1711 2753 1772 2792 his
1799 2755 1868 2802 qui

305 2816 453 2854 honera
472 2818 625 2866 gerunt,
645 2815 749 2865 quod
767 2815 811 2852 hi
829 2816 1023 2853 sustinent
1131 2816 1199 2854 46.
1216 2816 1270 2852 47
1297 2816 1449 2852 inverso
1473 2814 1610 2851 ordine
1632 2814 1676 2850 in
1701 2814 1867 2860 optimis,

307 2876 531 2923 transpositi
548 2877 592 2913 in
610 2874 856 2913 Ascensiana
880 2883 894 2909 1
907 2883 957 2920 52
970 2884 984 2909 1
1100 2875 1154 2911 47
1180 2870 1254 2923 pat
1272 2870 1390 2911 effa²¹¹⁵
1409 2874 1452 2911 m
1475 2884 1555 2910 ras.
1575 2883 1671 2910 corr.
1693 2872 1800 2910 Voss.
1814 2871 1868 2915 B,
