<?xml version="1.0" encoding="UTF-8"?>
<!DOCTYPE html PUBLIC "-//W3C//DTD XHTML 1.0 Transitional//EN"
    "http://www.w3.org/TR/xhtml1/DTD/xhtml1-transitional.dtd">
<html xmlns="http://www.w3.org/1999/xhtml" xml:lang="en" lang="en">
 <head>
  <title>
</title>
<meta http-equiv="Content-Type" content="text/html;charset=utf-8" />
  <meta name='ocr-system' content='tesseract 3.04.00' />
  <meta name='ocr-capabilities' content='ocr_page ocr_carea ocr_par ocr_line ocrx_word'/>
</head>
<body>
  <div class='ocr_page' id='page_1' title='image "./ennianaepoesisre00enniuoft_0405.png"; bbox 0 0 2054 3282; ppageno 0'>
   <div class='ocr_carea' id='block_1_1' title="bbox 835 172 1713 214">
    <p class='ocr_par' dir='ltr' id='par_1_1' title="bbox 835 172 1713 214">
     <span class='ocr_line' id='line_1_1' title="bbox 835 172 1713 214; baseline 0.009 -8"><span class='ocrx_word' id='word_1_1' title='bbox 835 172 1033 208; x_wconf 86' lang='lat' dir='ltr'>TELAMO</span> <span class='ocrx_word' id='word_1_2' title='bbox 1631 172 1652 214; x_wconf 92' lang='lat'>1</span> <span class='ocrx_word' id='word_1_3' title='bbox 1660 173 1683 214; x_wconf 86' lang='lat'><strong>7</strong></span> <span class='ocrx_word' id='word_1_4' title='bbox 1690 173 1713 213; x_wconf 82' lang='lat'><strong>7</strong></span> 
     </span>
    </p>
   </div>
   <div class='ocr_carea' id='block_1_2' title="bbox 815 292 1052 335">
    <p class='ocr_par' dir='ltr' id='par_1_2' title="bbox 815 292 1052 335">
     <span class='ocr_line' id='line_1_2' title="bbox 815 292 1052 335; baseline -0.004 0"><span class='ocrx_word' id='word_1_5' title='bbox 815 292 1052 335; x_wconf 88' lang='lat' dir='ltr'>TELAMO</span> 
     </span>
    </p>
   </div>
   <div class='ocr_carea' id='block_1_3' title="bbox 151 398 1686 514">
    <p class='ocr_par' dir='ltr' id='par_1_3' title="bbox 151 398 1686 514">
     <span class='ocr_line' id='line_1_3' title="bbox 926 398 942 432; baseline 0 0"><span class='ocrx_word' id='word_1_6' title='bbox 926 398 942 432; x_wconf 91' lang='lat' dir='ltr'>I</span> 
     </span>
     <span class='ocr_line' id='line_1_4' title="bbox 151 457 1686 514; baseline 0.001 -14"><span class='ocrx_word' id='word_1_7' title='bbox 151 459 234 500; x_wconf 88' lang='lat'>311</span> <span class='ocrx_word' id='word_1_8' title='bbox 270 457 415 501; x_wconf 80' lang='lat' dir='ltr'>Strata</span> <span class='ocrx_word' id='word_1_9' title='bbox 439 461 577 500; x_wconf 91' lang='lat' dir='ltr'>terrae</span> <span class='ocrx_word' id='word_1_10' title='bbox 603 459 743 500; x_wconf 86' lang='lat' dir='ltr'>lavere</span> <span class='ocrx_word' id='word_1_11' title='bbox 768 458 969 500; x_wconf 81' lang='lat' dir='ltr'><strong>lacrumis</strong></span> <span class='ocrx_word' id='word_1_12' title='bbox 994 462 1155 501; x_wconf 89' lang='lat' dir='ltr'>vestem</span> <span class='ocrx_word' id='word_1_13' title='bbox 1182 458 1375 514; x_wconf 85' lang='lat' dir='ltr'>squalam</span> <span class='ocrx_word' id='word_1_14' title='bbox 1402 462 1443 500; x_wconf 88' lang='lat' dir='ltr'>et</span> <span class='ocrx_word' id='word_1_15' title='bbox 1470 459 1686 502; x_wconf 88' lang='lat' dir='ltr'>sordidam</span> 
     </span>
    </p>
   </div>
   <div class='ocr_carea' id='block_1_4' title="bbox 845 575 1012 667">
    <p class='ocr_par' dir='ltr' id='par_1_4' title="bbox 845 575 1012 667">
     <span class='ocr_line' id='line_1_5' title="bbox 918 575 952 610; baseline 0 0"><span class='ocrx_word' id='word_1_16' title='bbox 918 575 952 610; x_wconf 89' lang='grc' dir='ltr'>Π</span> 
     </span>
     <span class='ocr_line' id='line_1_6' title="bbox 845 641 1012 667; baseline -0.006 0"><span class='ocrx_word' id='word_1_17' title='bbox 845 641 1012 667; x_wconf 79' lang='lat' dir='ltr'>TELAMO</span> 
     </span>
    </p>
   </div>
   <div class='ocr_carea' id='block_1_5' title="bbox 151 689 1690 887">
    <p class='ocr_par' dir='ltr' id='par_1_5' title="bbox 151 689 1690 887">
     <span class='ocr_line' id='line_1_7' title="bbox 151 689 1564 746; baseline 0 -15"><span class='ocrx_word' id='word_1_18' title='bbox 151 690 238 731; x_wconf 81' lang='lat'>312</span> <span class='ocrx_word' id='word_1_19' title='bbox 268 690 364 746; x_wconf 85' lang='lat' dir='ltr'>Ego</span> <span class='ocrx_word' id='word_1_20' title='bbox 390 704 487 733; x_wconf 89' lang='lat' dir='ltr'>cum</span> <span class='ocrx_word' id='word_1_21' title='bbox 513 690 642 746; x_wconf 87' lang='lat' dir='ltr'>genui</span> <span class='ocrx_word' id='word_1_22' title='bbox 668 692 759 731; x_wconf 91' lang='lat' dir='ltr'>tum</span> <span class='ocrx_word' id='word_1_23' title='bbox 786 690 1018 731; x_wconf 87' lang='lat' dir='ltr'>morituros</span> <span class='ocrx_word' id='word_1_24' title='bbox 1045 689 1149 731; x_wconf 87' lang='lat' dir='ltr'>scivi</span> <span class='ocrx_word' id='word_1_25' title='bbox 1176 692 1217 731; x_wconf 92' lang='lat' dir='ltr'>et</span> <span class='ocrx_word' id='word_1_26' title='bbox 1244 690 1282 731; x_wconf 93' lang='lat' dir='ltr'>ei</span> <span class='ocrx_word' id='word_1_27' title='bbox 1307 690 1369 732; x_wconf 92' lang='lat' dir='ltr'>rei</span> <span class='ocrx_word' id='word_1_28' title='bbox 1396 689 1564 745; x_wconf 80' lang='lat' dir='ltr'>sustuli,</span> 
     </span>
     <span class='ocr_line' id='line_1_8' title="bbox 269 760 1690 815; baseline 0 -13"><span class='ocrx_word' id='word_1_29' title='bbox 269 761 494 803; x_wconf 88' lang='lat' dir='ltr'>Praeterea</span> <span class='ocrx_word' id='word_1_30' title='bbox 519 761 572 802; x_wconf 88' lang='lat' dir='ltr'>ad</span> <span class='ocrx_word' id='word_1_31' title='bbox 597 760 769 802; x_wconf 83' lang='lat' dir='ltr'><strong>Troiam</strong></span> <span class='ocrx_word' id='word_1_32' title='bbox 796 775 891 802; x_wconf 91' lang='lat' dir='ltr'>cum</span> <span class='ocrx_word' id='word_1_33' title='bbox 918 761 1016 802; x_wconf 90' lang='lat' dir='ltr'>misi</span> <span class='ocrx_word' id='word_1_34' title='bbox 1043 760 1097 802; x_wconf 91' lang='lat' dir='ltr'>ob</span> <span class='ocrx_word' id='word_1_35' title='bbox 1125 761 1432 803; x_wconf 80' lang='lat' dir='ltr'>defendendam</span> <span class='ocrx_word' id='word_1_36' title='bbox 1460 760 1690 815; x_wconf 80' lang='lat' dir='ltr'>Graeciam,</span> 
     </span>
     <span class='ocr_line' id='line_1_9' title="bbox 270 831 1664 887; baseline 0.001 -14"><span class='ocrx_word' id='word_1_37' title='bbox 270 831 442 874; x_wconf 80' lang='lat' dir='ltr'>Scibam</span> <span class='ocrx_word' id='word_1_38' title='bbox 468 846 535 873; x_wconf 88' lang='lat' dir='ltr'>me</span> <span class='ocrx_word' id='word_1_39' title='bbox 561 832 606 873; x_wconf 93' lang='lat' dir='ltr'>in</span> <span class='ocrx_word' id='word_1_40' title='bbox 631 832 900 874; x_wconf 87' lang='lat' dir='ltr'>mortiferum</span> <span class='ocrx_word' id='word_1_41' title='bbox 926 831 1100 887; x_wconf 83' lang='lat' dir='ltr'>bellum,</span> <span class='ocrx_word' id='word_1_42' title='bbox 1125 846 1213 874; x_wconf 88' lang='lat' dir='ltr'>non</span> <span class='ocrx_word' id='word_1_43' title='bbox 1239 832 1284 874; x_wconf 92' lang='lat' dir='ltr'>in</span> <span class='ocrx_word' id='word_1_44' title='bbox 1309 832 1457 886; x_wconf 83' lang='lat' dir='ltr'>epulas</span> <span class='ocrx_word' id='word_1_45' title='bbox 1483 833 1664 874; x_wconf 89' lang='lat' dir='ltr'>mittere.</span> 
     </span>
    </p>
   </div>
   <div class='ocr_carea' id='block_1_6' title="bbox 149 989 1722 2421">
    <p class='ocr_par' dir='ltr' id='par_1_6' title="bbox 149 989 1721 1571">
     <span class='ocr_line' id='line_1_10' title="bbox 269 989 1720 1036; baseline 0 -11"><span class='ocrx_word' id='word_1_46' title='bbox 269 990 466 1026; x_wconf 85' lang='lat' dir='ltr'>TELAMO</span> <span class='ocrx_word' id='word_1_47' title='bbox 506 991 522 1024; x_wconf 93' lang='lat' dir='ltr'>I</span> <span class='ocrx_word' id='word_1_48' title='bbox 536 992 631 1036; x_wconf 86' lang='lat'><strong>(311)</strong></span> <span class='ocrx_word' id='word_1_49' title='bbox 657 990 801 1025; x_wconf 89' lang='lat' dir='ltr'>Nonius</span> <span class='ocrx_word' id='word_1_50' title='bbox 820 1003 855 1035; x_wconf 88' lang='lat' dir='ltr'>p.</span> <span class='ocrx_word' id='word_1_51' title='bbox 871 993 948 1032; x_wconf 82' lang='grc'><strong>172,</strong></span> <span class='ocrx_word' id='word_1_52' title='bbox 963 994 1004 1024; x_wconf 88' lang='grc'><strong>19</strong></span> <span class='ocrx_word' id='word_1_53' title='bbox 1020 989 1030 1006; x_wconf 85' lang='lat'><em>‘</em></span> <span class='ocrx_word' id='word_1_54' title='bbox 1041 990 1211 1035; x_wconf 87' lang='lat' dir='ltr'>squalam</span> <span class='ocrx_word' id='word_1_55' title='bbox 1226 989 1450 1035; x_wconf 89' lang='lat' dir='ltr'>(squalem</span> <span class='ocrx_word' id='word_1_56' title='bbox 1464 990 1576 1026; x_wconf 87' lang='lat' dir='ltr'>Wolf.</span> <span class='ocrx_word' id='word_1_57' title='bbox 1592 993 1720 1036; x_wconf 81' lang='lat' dir='ltr'>m.pr.)</span> 
     </span>
     <span class='ocr_line' id='line_1_11' title="bbox 150 1043 1718 1089; baseline 0 -11"><span class='ocrx_word' id='word_1_58' title='bbox 150 1056 217 1089; x_wconf 85' lang='lat' dir='ltr'>pro</span> <span class='ocrx_word' id='word_1_59' title='bbox 232 1044 444 1089; x_wconf 82' lang='lat' dir='ltr'>squalidam</span> <span class='ocrx_word' id='word_1_60' title='bbox 457 1044 599 1079; x_wconf 88' lang='lat' dir='ltr'>Ennius</span> <span class='ocrx_word' id='word_1_61' title='bbox 614 1045 795 1080; x_wconf 71' lang='lat' dir='ltr'>talamone</span> <span class='ocrx_word' id='word_1_62' title='bbox 806 1045 948 1080; x_wconf 87' lang='lat' dir='ltr'>«strata</span> <span class='ocrx_word' id='word_1_63' title='bbox 961 1048 1077 1079; x_wconf 74' lang='lat' dir='ltr'>terrae</span> <span class='ocrx_word' id='word_1_64' title='bbox 1090 1045 1206 1079; x_wconf 76' lang='lat' dir='ltr'>lavere</span> <span class='ocrx_word' id='word_1_65' title='bbox 1220 1045 1255 1089; x_wconf 92' lang='lat' dir='ltr'>(t</span> <span class='ocrx_word' id='word_1_66' title='bbox 1266 1055 1285 1078; x_wconf 92' lang='lat' dir='ltr'>e</span> <span class='ocrx_word' id='word_1_67' title='bbox 1296 1056 1314 1078; x_wconf 89' lang='lat' dir='ltr'>r</span> <span class='ocrx_word' id='word_1_68' title='bbox 1324 1056 1341 1078; x_wconf 89' lang='lat' dir='ltr'>r</span> <span class='ocrx_word' id='word_1_69' title='bbox 1352 1054 1374 1078; x_wconf 86' lang='lat' dir='ltr'>a</span> <span class='ocrx_word' id='word_1_70' title='bbox 1394 1043 1437 1078; x_wconf 91' lang='lat' dir='ltr'>el</span> <span class='ocrx_word' id='word_1_71' title='bbox 1449 1054 1470 1077; x_wconf 88' lang='lat' dir='ltr'>a</span> <span class='ocrx_word' id='word_1_72' title='bbox 1482 1057 1502 1078; x_wconf 95' lang='lat' dir='ltr'>v</span> <span class='ocrx_word' id='word_1_73' title='bbox 1513 1055 1532 1079; x_wconf 89' lang='lat' dir='ltr'>e</span> <span class='ocrx_word' id='word_1_74' title='bbox 1543 1055 1591 1079; x_wconf 86' lang='lat' dir='ltr'>re</span> <span class='ocrx_word' id='word_1_75' title='bbox 1606 1044 1718 1079; x_wconf 86' lang='lat' dir='ltr'>Wolf.</span> 
     </span>
     <span class='ocr_line' id='line_1_12' title="bbox 150 1097 1721 1143; baseline 0 -11"><span class='ocrx_word' id='word_1_76' title='bbox 150 1099 274 1132; x_wconf 87' lang='lat' dir='ltr'>terra</span> <span class='ocrx_word' id='word_1_77' title='bbox 292 1097 445 1132; x_wconf 89' lang='lat' dir='ltr'>lavere</span> <span class='ocrx_word' id='word_1_78' title='bbox 464 1097 560 1133; x_wconf 85' lang='lat' dir='ltr'>Flor.</span> <span class='ocrx_word' id='word_1_79' title='bbox 575 1110 622 1132; x_wconf 87' lang='lat' dir='ltr'>m.</span> <span class='ocrx_word' id='word_1_80' title='bbox 637 1098 706 1143; x_wconf 90' lang='lat' dir='ltr'>pr.)</span> <span class='ocrx_word' id='word_1_81' title='bbox 720 1097 885 1132; x_wconf 84' lang='lat' dir='ltr'>lacrimis</span> <span class='ocrx_word' id='word_1_82' title='bbox 906 1109 937 1131; x_wconf 94' lang='lat' dir='ltr'>v.</span> <span class='ocrx_word' id='word_1_83' title='bbox 957 1098 1125 1142; x_wconf 79' lang='lat' dir='ltr'>squalam</span> <span class='ocrx_word' id='word_1_84' title='bbox 1145 1097 1369 1143; x_wconf 87' lang='lat' dir='ltr'>(squalem</span> <span class='ocrx_word' id='word_1_85' title='bbox 1395 1097 1508 1132; x_wconf 87' lang='lat' dir='ltr'><strong>Wolf.</strong></span> <span class='ocrx_word' id='word_1_86' title='bbox 1524 1110 1571 1132; x_wconf 88' lang='lat' dir='ltr'>m.</span> <span class='ocrx_word' id='word_1_87' title='bbox 1586 1099 1656 1143; x_wconf 88' lang='lat' dir='ltr'>pr.)</span> <span class='ocrx_word' id='word_1_88' title='bbox 1683 1099 1721 1132; x_wconf 90' lang='lat' dir='ltr'>et</span> 
     </span>
     <span class='ocr_line' id='line_1_13' title="bbox 151 1150 1718 1196; baseline 0 -11"><span class='ocrx_word' id='word_1_89' title='bbox 151 1151 391 1187; x_wconf 85' lang='lat' dir='ltr'>sordidam».’</span> <span class='ocrx_word' id='word_1_90' title='bbox 489 1151 592 1186; x_wconf 88' lang='lat' dir='ltr'>Idem</span> <span class='ocrx_word' id='word_1_91' title='bbox 611 1163 647 1196; x_wconf 89' lang='lat' dir='ltr'>p.</span> <span class='ocrx_word' id='word_1_92' title='bbox 663 1154 742 1194; x_wconf 84' lang='lat'>504,</span> <span class='ocrx_word' id='word_1_93' title='bbox 758 1154 779 1184; x_wconf 99' lang='lat'>4</span> <span class='ocrx_word' id='word_1_94' title='bbox 797 1150 910 1185; x_wconf 78' lang='lat' dir='ltr'>‘lavit</span> <span class='ocrx_word' id='word_1_95' title='bbox 931 1162 998 1195; x_wconf 88' lang='lat' dir='ltr'>pro</span> <span class='ocrx_word' id='word_1_96' title='bbox 1022 1150 1124 1185; x_wconf 88' lang='lat' dir='ltr'>lavat</span> <span class='ocrx_word' id='word_1_97' title='bbox 1145 1179 1150 1185; x_wconf 95' lang='lat'>.</span> <span class='ocrx_word' id='word_1_98' title='bbox 1169 1179 1174 1184; x_wconf 94' lang='lat'>.</span> <span class='ocrx_word' id='word_1_99' title='bbox 1193 1179 1198 1185; x_wconf 92' lang='lat'>.</span> <span class='ocrx_word' id='word_1_100' title='bbox 1220 1150 1343 1185; x_wconf 91' lang='lat' dir='ltr'>lavere</span> <span class='ocrx_word' id='word_1_101' title='bbox 1363 1151 1451 1185; x_wconf 89' lang='lat' dir='ltr'>inde</span> <span class='ocrx_word' id='word_1_102' title='bbox 1470 1152 1632 1186; x_wconf 89' lang='lat' dir='ltr'>tractum</span> <span class='ocrx_word' id='word_1_103' title='bbox 1652 1152 1718 1185; x_wconf 89' lang='lat' dir='ltr'>est.</span> 
     </span>
     <span class='ocr_line' id='line_1_14' title="bbox 153 1203 1720 1249; baseline 0.001 -11"><span class='ocrx_word' id='word_1_104' title='bbox 153 1233 159 1238; x_wconf 93' lang='lat'>.</span> <span class='ocrx_word' id='word_1_105' title='bbox 183 1233 189 1238; x_wconf 95' lang='lat'>.</span> <span class='ocrx_word' id='word_1_106' title='bbox 210 1204 352 1238; x_wconf 83' lang='lat' dir='ltr'>Ennius</span> <span class='ocrx_word' id='word_1_107' title='bbox 378 1203 579 1240; x_wconf 82' lang='lat' dir='ltr'>Telamone</span> <span class='ocrx_word' id='word_1_108' title='bbox 606 1205 749 1240; x_wconf 70' lang='lat' dir='ltr'>«strata</span> <span class='ocrx_word' id='word_1_109' title='bbox 774 1208 872 1239; x_wconf 79' lang='lat' dir='ltr'>terra</span> <span class='ocrx_word' id='word_1_110' title='bbox 898 1205 1068 1249; x_wconf 88' lang='lat' dir='ltr'>(terrae</span> <span class='ocrx_word' id='word_1_111' title='bbox 1094 1203 1190 1249; x_wconf 89' lang='lat' dir='ltr'>Par.)</span> <span class='ocrx_word' id='word_1_112' title='bbox 1215 1204 1332 1239; x_wconf 76' lang='lat' dir='ltr'>labere</span> <span class='ocrx_word' id='word_1_113' title='bbox 1358 1204 1534 1238; x_wconf 83' lang='lat' dir='ltr'>lacrumis</span> <span class='ocrx_word' id='word_1_114' title='bbox 1561 1216 1591 1239; x_wconf 90' lang='lat' dir='ltr'>v.</span> <span class='ocrx_word' id='word_1_115' title='bbox 1612 1215 1720 1249; x_wconf 82' lang='lat' dir='ltr'>squa-</span> 
     </span>
     <span class='ocr_line' id='line_1_15' title="bbox 151 1257 1720 1303; baseline 0 -11"><span class='ocrx_word' id='word_1_116' title='bbox 151 1258 265 1292; x_wconf 80' lang='lat' dir='ltr'>lidam</span> <span class='ocrx_word' id='word_1_117' title='bbox 285 1257 507 1303; x_wconf 87' lang='lat' dir='ltr'>(squalem</span> <span class='ocrx_word' id='word_1_118' title='bbox 526 1258 608 1292; x_wconf 87' lang='lat' dir='ltr'>Par.</span> <span class='ocrx_word' id='word_1_119' title='bbox 623 1270 670 1292; x_wconf 91' lang='lat' dir='ltr'>m.</span> <span class='ocrx_word' id='word_1_120' title='bbox 686 1259 754 1303; x_wconf 90' lang='lat' dir='ltr'>pr.)</span> <span class='ocrx_word' id='word_1_121' title='bbox 776 1258 814 1291; x_wconf 90' lang='lat' dir='ltr'>et</span> <span class='ocrx_word' id='word_1_122' title='bbox 833 1257 1073 1293; x_wconf 56' lang='lat' dir='ltr'>sordidam»)</span> <span class='ocrx_word' id='word_1_123' title='bbox 1199 1257 1325 1292; x_wconf 81' lang='lat' dir='ltr'>Aiacis</span> <span class='ocrx_word' id='word_1_124' title='bbox 1345 1258 1503 1292; x_wconf 90' lang='lat' dir='ltr'>matrem</span> <span class='ocrx_word' id='word_1_125' title='bbox 1522 1257 1720 1293; x_wconf 88' lang='lat' dir='ltr'>Eriboeam</span> 
     </span>
     <span class='ocr_line' id='line_1_16' title="bbox 149 1310 1720 1356; baseline 0 -11"><span class='ocrx_word' id='word_1_126' title='bbox 149 1311 240 1356; x_wconf 88' lang='lat' dir='ltr'>puto</span> <span class='ocrx_word' id='word_1_127' title='bbox 256 1311 342 1355; x_wconf 84' lang='lat' dir='ltr'>dici,</span> <span class='ocrx_word' id='word_1_128' title='bbox 357 1322 453 1355; x_wconf 90' lang='lat' dir='ltr'>quae</span> <span class='ocrx_word' id='word_1_129' title='bbox 473 1313 628 1356; x_wconf 84' lang='lat' dir='ltr'>accepta</span> <span class='ocrx_word' id='word_1_130' title='bbox 647 1312 765 1346; x_wconf 88' lang='lat' dir='ltr'>morte</span> <span class='ocrx_word' id='word_1_131' title='bbox 785 1310 854 1345; x_wconf 91' lang='lat' dir='ltr'>filii</span> <span class='ocrx_word' id='word_1_132' title='bbox 873 1322 948 1345; x_wconf 90' lang='lat' dir='ltr'>non</span> <span class='ocrx_word' id='word_1_133' title='bbox 968 1310 1118 1354; x_wconf 88' lang='lat' dir='ltr'>desinit,</span> <span class='ocrx_word' id='word_1_134' title='bbox 1137 1312 1312 1345; x_wconf 75' lang='lat' dir='ltr'>narrante</span> <span class='ocrx_word' id='word_1_135' title='bbox 1332 1310 1456 1346; x_wconf 91' lang='lat' dir='ltr'>nescio</span> <span class='ocrx_word' id='word_1_136' title='bbox 1478 1322 1562 1355; x_wconf 76' lang='lat' dir='ltr'>quo,</span> <span class='ocrx_word' id='word_1_137' title='bbox 1580 1311 1720 1346; x_wconf 77' lang='lat' dir='ltr'>‘strata</span> 
     </span>
     <span class='ocr_line' id='line_1_17' title="bbox 150 1363 1720 1409; baseline 0 -11"><span class='ocrx_word' id='word_1_138' title='bbox 150 1366 270 1399; x_wconf 88' lang='lat' dir='ltr'>terrae</span> <span class='ocrx_word' id='word_1_139' title='bbox 283 1364 406 1399; x_wconf 90' lang='lat' dir='ltr'>lavere</span> <span class='ocrx_word' id='word_1_140' title='bbox 420 1364 595 1399; x_wconf 82' lang='lat' dir='ltr'>lacrumis</span> <span class='ocrx_word' id='word_1_141' title='bbox 616 1365 781 1399; x_wconf 82' lang='lat' dir='ltr'>vestem.&#39;</span> <span class='ocrx_word' id='word_1_142' title='bbox 798 1364 878 1399; x_wconf 92' lang='lat' dir='ltr'>Hoc</span> <span class='ocrx_word' id='word_1_143' title='bbox 897 1363 976 1399; x_wconf 88' lang='lat' dir='ltr'>fore</span> <span class='ocrx_word' id='word_1_144' title='bbox 989 1363 1085 1398; x_wconf 83' lang='lat' dir='ltr'>Aiax</span> <span class='ocrx_word' id='word_1_145' title='bbox 1106 1363 1332 1409; x_wconf 88' lang='lat' dir='ltr'>Sophocleus</span> <span class='ocrx_word' id='word_1_146' title='bbox 1347 1367 1415 1398; x_wconf 84' lang='lat'>848</span> <span class='ocrx_word' id='word_1_147' title='bbox 1433 1376 1512 1408; x_wconf 87' lang='lat' dir='ltr'>sqq.</span> <span class='ocrx_word' id='word_1_148' title='bbox 1530 1364 1720 1409; x_wconf 75' lang='lat' dir='ltr'>praedixit</span> 
     </span>
     <span class='ocr_line' id='line_1_18' title="bbox 150 1415 1721 1463; baseline 0.001 -12"><span class='ocrx_word' id='word_1_149' title='bbox 150 1417 247 1463; x_wconf 87' lang='lat' dir='ltr'>ipse:</span> <span class='ocrx_word' id='word_1_150' title='bbox 270 1417 439 1463; x_wconf 78' lang='grc' dir='ltr'><em>ἄγγειλον</em></span> <span class='ocrx_word' id='word_1_151' title='bbox 460 1417 597 1463; x_wconf 85' lang='lat' dir='ltr'>(Solem</span> <span class='ocrx_word' id='word_1_152' title='bbox 617 1417 800 1463; x_wconf 87' lang='lat' dir='ltr'>appellat)</span> <span class='ocrx_word' id='word_1_153' title='bbox 821 1417 912 1458; x_wconf 77' lang='grc' dir='ltr'><strong><em>ἄτας</em></strong></span> <span class='ocrx_word' id='word_1_154' title='bbox 936 1416 1003 1458; x_wconf 81' lang='grc' dir='ltr'>τὰς</span> <span class='ocrx_word' id='word_1_155' title='bbox 1028 1416 1118 1462; x_wconf 80' lang='grc' dir='ltr'><em>ἐμὰς</em></span> <span class='ocrx_word' id='word_1_156' title='bbox 1137 1416 1252 1462; x_wconf 85' lang='grc' dir='ltr'><strong><em>μόρον</em></strong></span> <span class='ocrx_word' id='word_1_157' title='bbox 1271 1415 1304 1451; x_wconf 83' lang='grc' dir='ltr'>τ’</span> <span class='ocrx_word' id='word_1_158' title='bbox 1330 1417 1418 1461; x_wconf 78' lang='grc' dir='ltr'><em>ἐμὸν</em></span> <span class='ocrx_word' id='word_1_159' title='bbox 1438 1416 1583 1462; x_wconf 77' lang='grc' dir='ltr'><em>γέροντι</em></span> <span class='ocrx_word' id='word_1_160' title='bbox 1608 1418 1721 1462; x_wconf 78' lang='grc' dir='ltr'><em>πατρὶ</em></span> 
     </span>
     <span class='ocr_line' id='line_1_19' title="bbox 150 1467 1721 1518; baseline 0.001 -13"><span class='ocrx_word' id='word_1_161' title='bbox 150 1476 194 1517; x_wconf 82' lang='grc' dir='ltr'>τῇ</span> <span class='ocrx_word' id='word_1_162' title='bbox 219 1484 258 1506; x_wconf 83' lang='grc' dir='ltr'>τε</span> <span class='ocrx_word' id='word_1_163' title='bbox 284 1470 451 1518; x_wconf 75' lang='grc' dir='ltr'><strong><em>δυστήνῳ</em></strong></span> <span class='ocrx_word' id='word_1_164' title='bbox 477 1474 615 1518; x_wconf 80' lang='grc' dir='ltr'><strong>τροφῷ.</strong></span> <span class='ocrx_word' id='word_1_165' title='bbox 643 1467 665 1516; x_wconf 82' lang='grc' dir='ltr'><em>ἦ</em></span> <span class='ocrx_word' id='word_1_166' title='bbox 691 1483 765 1506; x_wconf 82' lang='grc' dir='ltr'>που</span> <span class='ocrx_word' id='word_1_167' title='bbox 790 1470 959 1513; x_wconf 80' lang='grc' dir='ltr'>τάλαινα,</span> <span class='ocrx_word' id='word_1_168' title='bbox 983 1468 1088 1514; x_wconf 77' lang='grc' dir='ltr'><em>τήνδ’</em></span> <span class='ocrx_word' id='word_1_169' title='bbox 1114 1468 1202 1506; x_wconf 75' lang='grc' dir='ltr'><em>ὅταν</em></span> <span class='ocrx_word' id='word_1_170' title='bbox 1228 1470 1319 1517; x_wconf 79' lang='grc' dir='ltr'><em>κλύῃ</em></span> <span class='ocrx_word' id='word_1_171' title='bbox 1347 1470 1473 1515; x_wconf 80' lang='grc' dir='ltr'><em>φάτιν,</em></span> <span class='ocrx_word' id='word_1_172' title='bbox 1499 1469 1578 1515; x_wconf 74' lang='grc' dir='ltr'><em>ἥσει</em></span> <span class='ocrx_word' id='word_1_173' title='bbox 1605 1469 1721 1516; x_wconf 77' lang='grc' dir='ltr'><em>μέγαν</em></span> 
     </span>
     <span class='ocr_line' id='line_1_20' title="bbox 151 1523 981 1571; baseline -0.001 -12"><span class='ocrx_word' id='word_1_174' title='bbox 151 1524 318 1559; x_wconf 79' lang='grc' dir='ltr'><em>κωκυτὸν</em></span> <span class='ocrx_word' id='word_1_175' title='bbox 339 1524 378 1559; x_wconf 80' lang='grc' dir='ltr'>ἐν</span> <span class='ocrx_word' id='word_1_176' title='bbox 397 1523 498 1571; x_wconf 80' lang='grc' dir='ltr'><em>πάσῃ</em></span> <span class='ocrx_word' id='word_1_177' title='bbox 518 1523 632 1559; x_wconf 84' lang='grc' dir='ltr'><em>πόλει.</em></span> <span class='ocrx_word' id='word_1_178' title='bbox 655 1523 707 1559; x_wconf 84' lang='lat' dir='ltr'>Cf.</span> <span class='ocrx_word' id='word_1_179' title='bbox 723 1527 803 1559; x_wconf 83' lang='lat'>507.</span> <span class='ocrx_word' id='word_1_180' title='bbox 819 1527 887 1559; x_wconf 82' lang='lat'>625</span> <span class='ocrx_word' id='word_1_181' title='bbox 902 1536 981 1568; x_wconf 87' lang='lat' dir='ltr'>sqq.</span> 
     </span>
    </p>

    <p class='ocr_par' dir='ltr' id='par_1_7' title="bbox 150 1576 1722 2155">
     <span class='ocr_line' id='line_1_21' title="bbox 270 1576 1721 1622; baseline -0.001 -10"><span class='ocrx_word' id='word_1_182' title='bbox 270 1577 304 1611; x_wconf 90' lang='lat' dir='ltr'>H</span> <span class='ocrx_word' id='word_1_183' title='bbox 323 1578 420 1622; x_wconf 86' lang='lat'>(312)</span> <span class='ocrx_word' id='word_1_184' title='bbox 459 1577 585 1612; x_wconf 85' lang='lat' dir='ltr'>Cicero</span> <span class='ocrx_word' id='word_1_185' title='bbox 606 1577 712 1612; x_wconf 90' lang='lat' dir='ltr'>Tusc.</span> <span class='ocrx_word' id='word_1_186' title='bbox 728 1577 823 1622; x_wconf 86' lang='lat' dir='ltr'>disp.</span> <span class='ocrx_word' id='word_1_187' title='bbox 838 1591 880 1611; x_wconf 93' lang='lat'>111</span> <span class='ocrx_word' id='word_1_188' title='bbox 902 1581 957 1620; x_wconf 88' lang='grc'>13,</span> <span class='ocrx_word' id='word_1_189' title='bbox 972 1580 1016 1611; x_wconf 87' lang='grc'>28</span> <span class='ocrx_word' id='word_1_190' title='bbox 1034 1577 1228 1611; x_wconf 87' lang='lat' dir='ltr'>‘videntur</span> <span class='ocrx_word' id='word_1_191' title='bbox 1247 1577 1346 1611; x_wconf 88' lang='lat' dir='ltr'>enim</span> <span class='ocrx_word' id='word_1_192' title='bbox 1372 1576 1498 1612; x_wconf 88' lang='lat' dir='ltr'>omnia</span> <span class='ocrx_word' id='word_1_193' title='bbox 1524 1576 1721 1621; x_wconf 90' lang='lat' dir='ltr'>repentina</span> 
     </span>
     <span class='ocr_line' id='line_1_22' title="bbox 152 1630 1721 1677; baseline 0.001 -13"><span class='ocrx_word' id='word_1_194' title='bbox 152 1630 335 1677; x_wconf 86' lang='lat' dir='ltr'>graviora.</span> <span class='ocrx_word' id='word_1_195' title='bbox 355 1641 399 1665; x_wconf 90' lang='lat' dir='ltr'>ex</span> <span class='ocrx_word' id='word_1_196' title='bbox 412 1631 483 1665; x_wconf 92' lang='lat' dir='ltr'>hoc</span> <span class='ocrx_word' id='word_1_197' title='bbox 496 1632 534 1665; x_wconf 88' lang='lat' dir='ltr'>ct</span> <span class='ocrx_word' id='word_1_198' title='bbox 547 1631 615 1665; x_wconf 90' lang='lat' dir='ltr'>illa</span> <span class='ocrx_word' id='word_1_199' title='bbox 628 1631 708 1665; x_wconf 87' lang='lat' dir='ltr'>iure</span> <span class='ocrx_word' id='word_1_200' title='bbox 721 1630 925 1665; x_wconf 77' lang='lat' dir='ltr'>laudantur</span> <span class='ocrx_word' id='word_1_201' title='bbox 936 1641 1028 1676; x_wconf 86' lang='lat' dir='ltr'>«ego</span> <span class='ocrx_word' id='word_1_202' title='bbox 1042 1659 1047 1664; x_wconf 96' lang='lat'>.</span> <span class='ocrx_word' id='word_1_203' title='bbox 1063 1659 1069 1665; x_wconf 87' lang='lat'>.</span> <span class='ocrx_word' id='word_1_204' title='bbox 1085 1659 1090 1665; x_wconf 93' lang='lat'>.</span> <span class='ocrx_word' id='word_1_205' title='bbox 1102 1631 1298 1666; x_wconf 77' lang='lat' dir='ltr'>morituros</span> <span class='ocrx_word' id='word_1_206' title='bbox 1311 1642 1337 1665; x_wconf 90' lang='lat' dir='ltr'>s.</span> <span class='ocrx_word' id='word_1_207' title='bbox 1351 1631 1389 1665; x_wconf 91' lang='lat' dir='ltr'>et</span> <span class='ocrx_word' id='word_1_208' title='bbox 1401 1631 1435 1665; x_wconf 72' lang='lat' dir='ltr'>ei</span> <span class='ocrx_word' id='word_1_209' title='bbox 1447 1630 1501 1664; x_wconf 87' lang='lat' dir='ltr'>rei</span> <span class='ocrx_word' id='word_1_210' title='bbox 1514 1658 1520 1663; x_wconf 87' lang='lat'>.</span> <span class='ocrx_word' id='word_1_211' title='bbox 1532 1658 1537 1664; x_wconf 91' lang='lat'>.</span> <span class='ocrx_word' id='word_1_212' title='bbox 1549 1658 1555 1664; x_wconf 90' lang='lat'>.</span> <span class='ocrx_word' id='word_1_213' title='bbox 1568 1630 1721 1665; x_wconf 80' lang='lat' dir='ltr'>sciebam</span> 
     </span>
     <span class='ocr_line' id='line_1_23' title="bbox 152 1683 1720 1730; baseline 0 -12"><span class='ocrx_word' id='word_1_214' title='bbox 152 1685 248 1730; x_wconf 88' lang='lat'><strong>(314)</strong></span> <span class='ocrx_word' id='word_1_215' title='bbox 261 1695 320 1718; x_wconf 90' lang='lat' dir='ltr'>me</span> <span class='ocrx_word' id='word_1_216' title='bbox 340 1684 379 1718; x_wconf 92' lang='lat' dir='ltr'>in</span> <span class='ocrx_word' id='word_1_217' title='bbox 398 1684 626 1727; x_wconf 76' lang='lat' dir='ltr'>mortiferum</span> <span class='ocrx_word' id='word_1_218' title='bbox 646 1684 776 1719; x_wconf 76' lang='lat' dir='ltr'>bellum</span> <span class='ocrx_word' id='word_1_219' title='bbox 798 1711 804 1718; x_wconf 85' lang='grc'><strong>.</strong></span> <span class='ocrx_word' id='word_1_220' title='bbox 822 1712 827 1718; x_wconf 97' lang='grc'><em>.</em></span> <span class='ocrx_word' id='word_1_221' title='bbox 846 1712 852 1718; x_wconf 92' lang='grc'><strong>.</strong></span> <span class='ocrx_word' id='word_1_222' title='bbox 873 1683 1056 1720; x_wconf 87' lang='lat' dir='ltr'>mittere».</span> <span class='ocrx_word' id='word_1_223' title='bbox 1077 1684 1114 1712; x_wconf 78' lang='lat'>¹⁴,</span> <span class='ocrx_word' id='word_1_224' title='bbox 1132 1683 1164 1703; x_wconf 79' lang='lat'>²⁹</span> <span class='ocrx_word' id='word_1_225' title='bbox 1182 1683 1276 1718; x_wconf 91' lang='lat' dir='ltr'>haec</span> <span class='ocrx_word' id='word_1_226' title='bbox 1296 1683 1413 1729; x_wconf 88' lang='lat' dir='ltr'>igitur</span> <span class='ocrx_word' id='word_1_227' title='bbox 1431 1683 1720 1728; x_wconf 82' lang='lat' dir='ltr'>praemeditatio</span> 
     </span>
     <span class='ocr_line' id='line_1_24' title="bbox 151 1736 1719 1782; baseline 0 -11"><span class='ocrx_word' id='word_1_228' title='bbox 151 1737 359 1773; x_wconf 88' lang='lat' dir='ltr'>futurorum</span> <span class='ocrx_word' id='word_1_229' title='bbox 371 1736 554 1772; x_wconf 89' lang='lat' dir='ltr'>malorum</span> <span class='ocrx_word' id='word_1_230' title='bbox 568 1737 662 1772; x_wconf 88' lang='lat' dir='ltr'>lenit</span> <span class='ocrx_word' id='word_1_231' title='bbox 675 1748 801 1773; x_wconf 89' lang='lat' dir='ltr'>eorum</span> <span class='ocrx_word' id='word_1_232' title='bbox 816 1737 1017 1772; x_wconf 88' lang='lat' dir='ltr'>adventum</span> <span class='ocrx_word' id='word_1_233' title='bbox 1031 1748 1127 1782; x_wconf 89' lang='lat' dir='ltr'>quae</span> <span class='ocrx_word' id='word_1_234' title='bbox 1141 1736 1331 1772; x_wconf 89' lang='lat' dir='ltr'>venientia</span> <span class='ocrx_word' id='word_1_235' title='bbox 1344 1736 1456 1782; x_wconf 89' lang='lat' dir='ltr'>longe</span> <span class='ocrx_word' id='word_1_236' title='bbox 1470 1738 1557 1772; x_wconf 88' lang='lat' dir='ltr'>ante</span> <span class='ocrx_word' id='word_1_237' title='bbox 1571 1736 1719 1771; x_wconf 89' lang='lat' dir='ltr'>videris.</span> 
     </span>
     <span class='ocr_line' id='line_1_25' title="bbox 150 1790 1722 1835; baseline -0.001 -10"><span class='ocrx_word' id='word_1_238' title='bbox 150 1791 279 1835; x_wconf 88' lang='lat' dir='ltr'>itaque</span> <span class='ocrx_word' id='word_1_239' title='bbox 300 1790 401 1835; x_wconf 87' lang='lat' dir='ltr'>apud</span> <span class='ocrx_word' id='word_1_240' title='bbox 420 1790 627 1835; x_wconf 85' lang='lat' dir='ltr'>Euripiden</span> <span class='ocrx_word' id='word_1_241' title='bbox 647 1801 669 1825; x_wconf 90' lang='lat' dir='ltr'>a</span> <span class='ocrx_word' id='word_1_242' title='bbox 688 1790 830 1826; x_wconf 91' lang='lat' dir='ltr'>Theseo</span> <span class='ocrx_word' id='word_1_243' title='bbox 852 1790 955 1825; x_wconf 89' lang='lat' dir='ltr'>dicta</span> <span class='ocrx_word' id='word_1_244' title='bbox 973 1790 1198 1825; x_wconf 86' lang='lat' dir='ltr'>laudantur.</span> <span class='ocrx_word' id='word_1_245' title='bbox 1217 1818 1222 1824; x_wconf 96' lang='lat'>.</span> <span class='ocrx_word' id='word_1_246' title='bbox 1239 1819 1245 1825; x_wconf 92' lang='lat'>.</span> <span class='ocrx_word' id='word_1_247' title='bbox 1263 1801 1373 1826; x_wconf 89' lang='lat' dir='ltr'>«nam</span> <span class='ocrx_word' id='word_1_248' title='bbox 1393 1790 1458 1834; x_wconf 91' lang='lat' dir='ltr'>qui</span> <span class='ocrx_word' id='word_1_249' title='bbox 1477 1790 1570 1825; x_wconf 88' lang='lat' dir='ltr'>haec</span> <span class='ocrx_word' id='word_1_250' title='bbox 1590 1790 1722 1824; x_wconf 89' lang='lat' dir='ltr'>audita</span> 
     </span>
     <span class='ocr_line' id='line_1_26' title="bbox 153 1843 1721 1888; baseline -0.001 -10"><span class='ocrx_word' id='word_1_251' title='bbox 153 1855 175 1878; x_wconf 89' lang='lat' dir='ltr'>a</span> <span class='ocrx_word' id='word_1_252' title='bbox 189 1844 298 1879; x_wconf 88' lang='lat' dir='ltr'>docto</span> <span class='ocrx_word' id='word_1_253' title='bbox 312 1843 564 1878; x_wconf 87' lang='lat' dir='ltr'>meminissem</span> <span class='ocrx_word' id='word_1_254' title='bbox 577 1844 666 1888; x_wconf 88' lang='lat' dir='ltr'>viro,</span> <span class='ocrx_word' id='word_1_255' title='bbox 678 1844 823 1879; x_wconf 86' lang='lat' dir='ltr'>futuras</span> <span class='ocrx_word' id='word_1_256' title='bbox 837 1855 982 1879; x_wconf 90' lang='lat' dir='ltr'>mecum</span> <span class='ocrx_word' id='word_1_257' title='bbox 998 1844 1277 1879; x_wconf 86' lang='lat' dir='ltr'>commentabar</span> <span class='ocrx_word' id='word_1_258' title='bbox 1289 1843 1477 1878; x_wconf 88' lang='lat' dir='ltr'>miserias.</span> <span class='ocrx_word' id='word_1_259' title='bbox 1492 1872 1498 1878; x_wconf 87' lang='lat'>.</span> <span class='ocrx_word' id='word_1_260' title='bbox 1513 1854 1560 1879; x_wconf 86' lang='lat'>.».</span> <span class='ocrx_word' id='word_1_261' title='bbox 1577 1843 1608 1863; x_wconf 79' lang='lat'>³⁰</span> <span class='ocrx_word' id='word_1_262' title='bbox 1621 1844 1721 1888; x_wconf 91' lang='lat' dir='ltr'>quod</span> 
     </span>
     <span class='ocr_line' id='line_1_27' title="bbox 153 1896 1719 1942; baseline -0.001 -10"><span class='ocrx_word' id='word_1_263' title='bbox 153 1898 278 1932; x_wconf 88' lang='lat' dir='ltr'>autem</span> <span class='ocrx_word' id='word_1_264' title='bbox 297 1896 460 1931; x_wconf 85' lang='lat' dir='ltr'>Theseus</span> <span class='ocrx_word' id='word_1_265' title='bbox 481 1908 503 1932; x_wconf 90' lang='lat' dir='ltr'>a</span> <span class='ocrx_word' id='word_1_266' title='bbox 523 1897 633 1932; x_wconf 91' lang='lat' dir='ltr'>docto</span> <span class='ocrx_word' id='word_1_267' title='bbox 660 1908 698 1932; x_wconf 89' lang='lat' dir='ltr'>se</span> <span class='ocrx_word' id='word_1_268' title='bbox 725 1897 875 1932; x_wconf 88' lang='lat' dir='ltr'>audisse</span> <span class='ocrx_word' id='word_1_269' title='bbox 901 1897 1004 1941; x_wconf 79' lang='lat' dir='ltr'>dicit,</span> <span class='ocrx_word' id='word_1_270' title='bbox 1025 1897 1065 1932; x_wconf 87' lang='lat' dir='ltr'>id</span> <span class='ocrx_word' id='word_1_271' title='bbox 1092 1898 1138 1932; x_wconf 88' lang='lat' dir='ltr'>dc</span> <span class='ocrx_word' id='word_1_272' title='bbox 1158 1909 1196 1932; x_wconf 90' lang='lat' dir='ltr'>se</span> <span class='ocrx_word' id='word_1_273' title='bbox 1216 1897 1298 1942; x_wconf 89' lang='lat' dir='ltr'>ipso</span> <span class='ocrx_word' id='word_1_274' title='bbox 1324 1897 1492 1942; x_wconf 89' lang='lat' dir='ltr'>loquitur</span> <span class='ocrx_word' id='word_1_275' title='bbox 1510 1896 1719 1942; x_wconf 88' lang='lat' dir='ltr'>Euripides.</span> 
     </span>
     <span class='ocr_line' id='line_1_28' title="bbox 151 1949 1721 1997; baseline 0 -13"><span class='ocrx_word' id='word_1_276' title='bbox 151 1950 275 1985; x_wconf 87' lang='lat' dir='ltr'>fuerat</span> <span class='ocrx_word' id='word_1_277' title='bbox 300 1950 399 1984; x_wconf 89' lang='lat' dir='ltr'>enim</span> <span class='ocrx_word' id='word_1_278' title='bbox 425 1950 574 1986; x_wconf 88' lang='lat' dir='ltr'>auditor</span> <span class='ocrx_word' id='word_1_279' title='bbox 592 1951 850 1997; x_wconf 81' lang='lat' dir='ltr'>Anaxagorae,</span> <span class='ocrx_word' id='word_1_280' title='bbox 871 1962 981 1995; x_wconf 91' lang='lat' dir='ltr'>quem</span> <span class='ocrx_word' id='word_1_281' title='bbox 1007 1951 1133 1985; x_wconf 84' lang='lat' dir='ltr'>ferunt</span> <span class='ocrx_word' id='word_1_282' title='bbox 1157 1950 1333 1985; x_wconf 88' lang='lat' dir='ltr'>nuntiata</span> <span class='ocrx_word' id='word_1_283' title='bbox 1356 1951 1476 1985; x_wconf 91' lang='lat' dir='ltr'>morte</span> <span class='ocrx_word' id='word_1_284' title='bbox 1495 1949 1563 1984; x_wconf 90' lang='lat' dir='ltr'>filii</span> <span class='ocrx_word' id='word_1_285' title='bbox 1583 1950 1721 1984; x_wconf 83' lang='lat' dir='ltr'>dixisse</span> 
     </span>
     <span class='ocr_line' id='line_1_29' title="bbox 153 2003 1721 2049; baseline -0.001 -10"><span class='ocrx_word' id='word_1_286' title='bbox 153 2003 340 2040; x_wconf 81' lang='lat' dir='ltr'>«sciebam</span> <span class='ocrx_word' id='word_1_287' title='bbox 359 2015 418 2038; x_wconf 88' lang='lat' dir='ltr'>me</span> <span class='ocrx_word' id='word_1_288' title='bbox 438 2003 611 2049; x_wconf 89' lang='lat' dir='ltr'>genuisse</span> <span class='ocrx_word' id='word_1_289' title='bbox 629 2004 875 2040; x_wconf 55' lang='lat' dir='ltr'>mortalem»)</span> <span class='ocrx_word' id='word_1_290' title='bbox 891 2004 995 2039; x_wconf 92' lang='lat' dir='ltr'>Idem</span> <span class='ocrx_word' id='word_1_291' title='bbox 1011 2004 1102 2038; x_wconf 89' lang='lat' dir='ltr'>ibid.</span> <span class='ocrx_word' id='word_1_292' title='bbox 1119 2007 1174 2046; x_wconf 86' lang='grc'><strong>24,</strong></span> <span class='ocrx_word' id='word_1_293' title='bbox 1190 2006 1234 2038; x_wconf 87' lang='lat'>58</span> <span class='ocrx_word' id='word_1_294' title='bbox 1251 2003 1262 2020; x_wconf 76' lang='lat'><em>‘</em></span> <span class='ocrx_word' id='word_1_295' title='bbox 1273 2005 1385 2047; x_wconf 90' lang='lat' dir='ltr'>atque</span> <span class='ocrx_word' id='word_1_296' title='bbox 1399 2003 1470 2038; x_wconf 92' lang='lat' dir='ltr'>hoc</span> <span class='ocrx_word' id='word_1_297' title='bbox 1482 2003 1583 2038; x_wconf 89' lang='lat' dir='ltr'>idem</span> <span class='ocrx_word' id='word_1_298' title='bbox 1596 2003 1634 2037; x_wconf 88' lang='lat' dir='ltr'>et</span> <span class='ocrx_word' id='word_1_299' title='bbox 1647 2003 1721 2037; x_wconf 93' lang='grc' dir='ltr'>Τ6-</span> 
     </span>
     <span class='ocr_line' id='line_1_30' title="bbox 152 2056 1721 2102; baseline 0 -12"><span class='ocrx_word' id='word_1_300' title='bbox 152 2056 267 2091; x_wconf 88' lang='lat' dir='ltr'>lamo</span> <span class='ocrx_word' id='word_1_301' title='bbox 287 2056 353 2090; x_wconf 89' lang='lat' dir='ltr'>ille</span> <span class='ocrx_word' id='word_1_302' title='bbox 373 2056 541 2091; x_wconf 85' lang='lat' dir='ltr'>declarat</span> <span class='ocrx_word' id='word_1_303' title='bbox 561 2068 652 2101; x_wconf 88' lang='lat' dir='ltr'>«eg0</span> <span class='ocrx_word' id='word_1_304' title='bbox 674 2068 758 2091; x_wconf 90' lang='lat' dir='ltr'>cum</span> <span class='ocrx_word' id='word_1_305' title='bbox 783 2057 920 2102; x_wconf 87' lang='lat' dir='ltr'>genui»</span> <span class='ocrx_word' id='word_1_306' title='bbox 941 2058 979 2092; x_wconf 87' lang='lat' dir='ltr'>et</span> <span class='ocrx_word' id='word_1_307' title='bbox 998 2057 1162 2091; x_wconf 86' lang='lat' dir='ltr'>Theseus</span> <span class='ocrx_word' id='word_1_308' title='bbox 1183 2056 1351 2092; x_wconf 88' lang='lat' dir='ltr'>«futuras</span> <span class='ocrx_word' id='word_1_309' title='bbox 1371 2067 1517 2091; x_wconf 89' lang='lat' dir='ltr'>mecum</span> <span class='ocrx_word' id='word_1_310' title='bbox 1537 2067 1721 2091; x_wconf 89' lang='lat' dir='ltr'>commen-</span> 
     </span>
     <span class='ocr_line' id='line_1_31' title="bbox 152 2109 1588 2155; baseline -0.001 -11"><span class='ocrx_word' id='word_1_311' title='bbox 152 2109 262 2144; x_wconf 86' lang='lat' dir='ltr'>tabar</span> <span class='ocrx_word' id='word_1_312' title='bbox 286 2109 478 2145; x_wconf 87' lang='lat' dir='ltr'>miserias»</span> <span class='ocrx_word' id='word_1_313' title='bbox 506 2110 543 2144; x_wconf 90' lang='lat' dir='ltr'>et</span> <span class='ocrx_word' id='word_1_314' title='bbox 567 2110 810 2155; x_wconf 81' lang='lat' dir='ltr'>Anaxagoras</span> <span class='ocrx_word' id='word_1_315' title='bbox 838 2110 1024 2147; x_wconf 89' lang='lat' dir='ltr'>«sciebam</span> <span class='ocrx_word' id='word_1_316' title='bbox 1050 2121 1109 2144; x_wconf 92' lang='lat' dir='ltr'>me</span> <span class='ocrx_word' id='word_1_317' title='bbox 1141 2109 1314 2155; x_wconf 87' lang='lat' dir='ltr'>genuisse</span> <span class='ocrx_word' id='word_1_318' title='bbox 1340 2109 1588 2145; x_wconf 84' lang='lat' dir='ltr'>mortalem».’</span> 
     </span>
    </p>

    <p class='ocr_par' dir='ltr' id='par_1_8' title="bbox 152 2161 1721 2421">
     <span class='ocr_line' id='line_1_32' title="bbox 153 2161 1721 2209; baseline 0.001 -13"><span class='ocrx_word' id='word_1_319' title='bbox 153 2161 205 2196; x_wconf 82' lang='lat' dir='ltr'>Cf.</span> <span class='ocrx_word' id='word_1_320' title='bbox 218 2162 405 2197; x_wconf 89' lang='lat' dir='ltr'>Plutarch.</span> <span class='ocrx_word' id='word_1_321' title='bbox 416 2162 462 2197; x_wconf 91' lang='lat' dir='ltr'>de</span> <span class='ocrx_word' id='word_1_322' title='bbox 477 2162 596 2197; x_wconf 92' lang='lat' dir='ltr'>cohib.</span> <span class='ocrx_word' id='word_1_323' title='bbox 611 2162 668 2197; x_wconf 89' lang='lat' dir='ltr'>ira</span> <span class='ocrx_word' id='word_1_324' title='bbox 684 2166 726 2197; x_wconf 90' lang='lat'>16</span> <span class='ocrx_word' id='word_1_325' title='bbox 740 2175 775 2208; x_wconf 90' lang='lat' dir='ltr'>p.</span> <span class='ocrx_word' id='word_1_326' title='bbox 789 2166 857 2198; x_wconf 85' lang='lat'>463</span> <span class='ocrx_word' id='word_1_327' title='bbox 869 2163 1177 2208; x_wconf 88' lang='lat' dir='ltr'>d(Anaxagoras)</span> <span class='ocrx_word' id='word_1_328' title='bbox 1193 2162 1254 2198; x_wconf 79' lang='grc' dir='ltr'>ἐπὶ</span> <span class='ocrx_word' id='word_1_329' title='bbox 1273 2167 1316 2209; x_wconf 83' lang='grc' dir='ltr'>τῇ</span> <span class='ocrx_word' id='word_1_330' title='bbox 1338 2164 1482 2209; x_wconf 82' lang='grc' dir='ltr'><strong><em>τελευτῇ</em></strong></span> <span class='ocrx_word' id='word_1_331' title='bbox 1503 2168 1569 2198; x_wconf 86' lang='grc' dir='ltr'>τοῦ</span> <span class='ocrx_word' id='word_1_332' title='bbox 1583 2163 1721 2204; x_wconf 76' lang='grc' dir='ltr'><em>παιδὸς</em></span> 
     </span>
     <span class='ocr_line' id='line_1_33' title="bbox 153 2212 1719 2263; baseline 0.001 -13"><span class='ocrx_word' id='word_1_333' title='bbox 153 2212 254 2250; x_wconf 81' lang='grc' dir='ltr'><em>εἶπεν</em></span> <span class='ocrx_word' id='word_1_334' title='bbox 271 2212 397 2262; x_wconf 53' lang='grc' dir='ltr'><em>(ᾔδειν</em></span> <span class='ocrx_word' id='word_1_335' title='bbox 419 2213 474 2250; x_wconf 81' lang='grc' dir='ltr'>ὅτι</span> <span class='ocrx_word' id='word_1_336' title='bbox 492 2215 636 2261; x_wconf 76' lang='grc' dir='ltr'><em>θνητὸν</em></span> <span class='ocrx_word' id='word_1_337' title='bbox 657 2214 869 2262; x_wconf 79' lang='grc' dir='ltr'><em>ἐγέννησα’;</em></span> <span class='ocrx_word' id='word_1_338' title='bbox 890 2216 990 2251; x_wconf 90' lang='lat' dir='ltr'>idem</span> <span class='ocrx_word' id='word_1_339' title='bbox 1010 2217 1057 2251; x_wconf 93' lang='lat' dir='ltr'>de</span> <span class='ocrx_word' id='word_1_340' title='bbox 1076 2217 1223 2261; x_wconf 89' lang='lat' dir='ltr'>tranqu.</span> <span class='ocrx_word' id='word_1_341' title='bbox 1240 2227 1297 2251; x_wconf 90' lang='lat' dir='ltr'>an.</span> <span class='ocrx_word' id='word_1_342' title='bbox 1316 2219 1358 2250; x_wconf 87' lang='lat'>16</span> <span class='ocrx_word' id='word_1_343' title='bbox 1378 2228 1413 2261; x_wconf 94' lang='lat' dir='ltr'>p.</span> <span class='ocrx_word' id='word_1_344' title='bbox 1429 2220 1499 2251; x_wconf 85' lang='lat'>474</span> <span class='ocrx_word' id='word_1_345' title='bbox 1514 2216 1548 2250; x_wconf 87' lang='lat' dir='ltr'>d.</span> <span class='ocrx_word' id='word_1_346' title='bbox 1564 2216 1719 2263; x_wconf 89' lang='lat' dir='ltr'>Diogen.</span> 
     </span>
     <span class='ocr_line' id='line_1_34' title="bbox 152 2267 1721 2316; baseline 0.001 -13"><span class='ocrx_word' id='word_1_347' title='bbox 152 2269 273 2303; x_wconf 89' lang='lat' dir='ltr'>Laert.</span> <span class='ocrx_word' id='word_1_348' title='bbox 288 2282 315 2303; x_wconf 93' lang='lat'>11</span> <span class='ocrx_word' id='word_1_349' title='bbox 336 2272 380 2303; x_wconf 84' lang='lat'>55</span> <span class='ocrx_word' id='word_1_350' title='bbox 396 2268 629 2315; x_wconf 88' lang='lat' dir='ltr'>(Xenophon)</span> <span class='ocrx_word' id='word_1_351' title='bbox 646 2267 771 2316; x_wconf 61' lang='lat' dir='ltr'>‘y&#39;y‘d‘sw</span> <span class='ocrx_word' id='word_1_352' title='bbox 791 2270 935 2315; x_wconf 81' lang='grc' dir='ltr'><em>θνητὸν</em></span> <span class='ocrx_word' id='word_1_353' title='bbox 954 2270 1207 2315; x_wconf 57' lang='grc' dir='ltr'><em>γεγεννηκώς)</em></span> <span class='ocrx_word' id='word_1_354' title='bbox 1301 2268 1441 2304; x_wconf 85' lang='lat' dir='ltr'>Seneca</span> <span class='ocrx_word' id='word_1_355' title='bbox 1461 2269 1510 2304; x_wconf 92' lang='lat' dir='ltr'>ad</span> <span class='ocrx_word' id='word_1_356' title='bbox 1529 2269 1658 2314; x_wconf 83' lang='lat' dir='ltr'>Polyb.</span> <span class='ocrx_word' id='word_1_357' title='bbox 1675 2270 1721 2305; x_wconf 89' lang='lat' dir='ltr'>de</span> 
     </span>
     <span class='ocr_line' id='line_1_35' title="bbox 153 2322 1720 2368; baseline 0.001 -12"><span class='ocrx_word' id='word_1_358' title='bbox 153 2333 251 2357; x_wconf 90' lang='lat' dir='ltr'>cons.</span> <span class='ocrx_word' id='word_1_359' title='bbox 268 2326 322 2365; x_wconf 87' lang='grc'>11,</span> <span class='ocrx_word' id='word_1_360' title='bbox 338 2326 358 2356; x_wconf 88' lang='grc'><strong>2</strong></span> <span class='ocrx_word' id='word_1_361' title='bbox 375 2322 535 2366; x_wconf 88' lang='lat' dir='ltr'>‘quanto</span> <span class='ocrx_word' id='word_1_362' title='bbox 562 2322 627 2356; x_wconf 89' lang='lat' dir='ltr'>ille</span> <span class='ocrx_word' id='word_1_363' title='bbox 654 2322 788 2358; x_wconf 88' lang='lat' dir='ltr'>iustior</span> <span class='ocrx_word' id='word_1_364' title='bbox 807 2323 871 2368; x_wconf 87' lang='lat' dir='ltr'>qui</span> <span class='ocrx_word' id='word_1_365' title='bbox 890 2323 1066 2358; x_wconf 81' lang='lat' dir='ltr'>nuntiata</span> <span class='ocrx_word' id='word_1_366' title='bbox 1084 2323 1154 2357; x_wconf 86' lang='lat' dir='ltr'>filii</span> <span class='ocrx_word' id='word_1_367' title='bbox 1173 2324 1292 2358; x_wconf 86' lang='lat' dir='ltr'>morte</span> <span class='ocrx_word' id='word_1_368' title='bbox 1313 2322 1467 2368; x_wconf 88' lang='lat' dir='ltr'>dignam</span> <span class='ocrx_word' id='word_1_369' title='bbox 1486 2333 1622 2368; x_wconf 85' lang='lat' dir='ltr'>magno</span> <span class='ocrx_word' id='word_1_370' title='bbox 1643 2323 1720 2359; x_wconf 91' lang='lat' dir='ltr'>viro</span> 
     </span>
     <span class='ocr_line' id='line_1_36' title="bbox 153 2374 1721 2421; baseline 0.001 -11"><span class='ocrx_word' id='word_1_371' title='bbox 153 2386 280 2410; x_wconf 91' lang='lat' dir='ltr'>vocem</span> <span class='ocrx_word' id='word_1_372' title='bbox 299 2374 423 2410; x_wconf 89' lang='lat' dir='ltr'>emisit</span> <span class='ocrx_word' id='word_1_373' title='bbox 443 2386 534 2421; x_wconf 89' lang='lat' dir='ltr'>«ego</span> <span class='ocrx_word' id='word_1_374' title='bbox 558 2404 563 2409; x_wconf 94' lang='lat'>.</span> <span class='ocrx_word' id='word_1_375' title='bbox 581 2404 587 2410; x_wconf 98' lang='lat'>.</span> <span class='ocrx_word' id='word_1_376' title='bbox 605 2403 610 2409; x_wconf 96' lang='lat'>.</span> <span class='ocrx_word' id='word_1_377' title='bbox 631 2377 850 2411; x_wconf 72' lang='lat' dir='ltr'>moriturum</span> <span class='ocrx_word' id='word_1_378' title='bbox 870 2376 993 2411; x_wconf 82' lang='lat' dir='ltr'>scivi».</span> <span class='ocrx_word' id='word_1_379' title='bbox 1009 2388 1159 2421; x_wconf 89' lang='lat' dir='ltr'>prorsus</span> <span class='ocrx_word' id='word_1_380' title='bbox 1179 2387 1253 2412; x_wconf 92' lang='lat' dir='ltr'>non</span> <span class='ocrx_word' id='word_1_381' title='bbox 1272 2375 1417 2411; x_wconf 87' lang='lat' dir='ltr'>mireris</span> <span class='ocrx_word' id='word_1_382' title='bbox 1438 2387 1482 2411; x_wconf 83' lang='lat' dir='ltr'>ex</span> <span class='ocrx_word' id='word_1_383' title='bbox 1501 2376 1572 2411; x_wconf 91' lang='lat' dir='ltr'>hoc</span> <span class='ocrx_word' id='word_1_384' title='bbox 1591 2378 1721 2411; x_wconf 86' lang='lat' dir='ltr'>natum</span> 
     </span>
    </p>
   </div>
   <div class='ocr_carea' id='block_1_7' title="bbox 154 2474 258 2478">
    <p class='ocr_par' dir='ltr' id='par_1_9' title="bbox 154 2474 258 2478">
     <span class='ocr_line' id='line_1_37' title="bbox 154 2474 258 2478; baseline 0 0"><span class='ocrx_word' id='word_1_385' title='bbox 154 2474 258 2478; x_wconf 95' lang='lat' dir='ltr'> </span> 
     </span>
    </p>
   </div>
   <div class='ocr_carea' id='block_1_8' title="bbox 259 2474 437 2477">
    <p class='ocr_par' dir='ltr' id='par_1_10' title="bbox 259 2474 437 2477">
     <span class='ocr_line' id='line_1_38' title="bbox 259 2474 437 2477; baseline 0 0"><span class='ocrx_word' id='word_1_386' title='bbox 259 2474 437 2477; x_wconf 95' lang='lat' dir='ltr'> </span> 
     </span>
    </p>
   </div>
   <div class='ocr_carea' id='block_1_9' title="bbox 147 2548 1721 2950">
    <p class='ocr_par' dir='ltr' id='par_1_11' title="bbox 147 2548 1721 2950">
     <span class='ocr_line' id='line_1_39' title="bbox 277 2548 1721 2601; baseline 0.001 -17"><span class='ocrx_word' id='word_1_387' title='bbox 277 2548 327 2585; x_wconf 88' lang='lat'>31</span> <span class='ocrx_word' id='word_1_388' title='bbox 339 2551 356 2585; x_wconf 89' lang='lat'>1</span> <span class='ocrx_word' id='word_1_389' title='bbox 387 2548 494 2585; x_wconf 85' lang='lat' dir='ltr'>terra</span> <span class='ocrx_word' id='word_1_390' title='bbox 513 2558 567 2585; x_wconf 74' lang='lat' dir='ltr'>an</span> <span class='ocrx_word' id='word_1_391' title='bbox 588 2548 717 2585; x_wconf 87' lang='lat' dir='ltr'>terrae</span> <span class='ocrx_word' id='word_1_392' title='bbox 742 2549 869 2585; x_wconf 87' lang='lat' dir='ltr'>strata</span> <span class='ocrx_word' id='word_1_393' title='bbox 889 2550 1028 2601; x_wconf 70' lang='lat' dir='ltr'>rectius</span> <span class='ocrx_word' id='word_1_394' title='bbox 1046 2549 1200 2586; x_wconf 74' lang='lat' dir='ltr'>dicatur</span> <span class='ocrx_word' id='word_1_395' title='bbox 1218 2550 1262 2587; x_wconf 73' lang='lat' dir='ltr'>in</span> <span class='ocrx_word' id='word_1_396' title='bbox 1279 2549 1352 2586; x_wconf 77' lang='lat' dir='ltr'>hac</span> <span class='ocrx_word' id='word_1_397' title='bbox 1371 2548 1633 2596; x_wconf 71' lang='lat' dir='ltr'>discrepantia</span> <span class='ocrx_word' id='word_1_398' title='bbox 1652 2550 1721 2586; x_wconf 77' lang='lat' dir='ltr'>tes-</span> 
     </span>
     <span class='ocr_line' id='line_1_40' title="bbox 158 2605 1720 2656; baseline 0.001 -12"><span class='ocrx_word' id='word_1_399' title='bbox 158 2608 405 2644; x_wconf 71' lang='lat' dir='ltr'>timoniorum</span> <span class='ocrx_word' id='word_1_400' title='bbox 430 2606 590 2654; x_wconf 72' lang='lat' dir='ltr'>difficile</span> <span class='ocrx_word' id='word_1_401' title='bbox 609 2607 864 2655; x_wconf 71' lang='lat' dir='ltr'>diynoscitur:</span> <span class='ocrx_word' id='word_1_402' title='bbox 892 2607 1082 2656; x_wconf 70' lang='lat' dir='ltr'>Vcryilius</span> <span class='ocrx_word' id='word_1_403' title='bbox 1100 2606 1199 2646; x_wconf 74' lang='lat' dir='ltr'>Aen.</span> <span class='ocrx_word' id='word_1_404' title='bbox 1221 2620 1264 2645; x_wconf 83' lang='lat' dir='ltr'>xl</span> <span class='ocrx_word' id='word_1_405' title='bbox 1285 2605 1337 2655; x_wconf 90' lang='lat'>87</span> <span class='ocrx_word' id='word_1_406' title='bbox 1361 2608 1549 2646; x_wconf 87' lang='lat' dir='ltr'>sternitur</span> <span class='ocrx_word' id='word_1_407' title='bbox 1571 2608 1611 2645; x_wconf 90' lang='lat' dir='ltr'>et</span> <span class='ocrx_word' id='word_1_408' title='bbox 1635 2608 1720 2645; x_wconf 91' lang='lat' dir='ltr'>toto</span> 
     </span>
     <span class='ocr_line' id='line_1_41' title="bbox 154 2661 1719 2719; baseline -0.001 -16"><span class='ocrx_word' id='word_1_409' title='bbox 154 2667 354 2715; x_wconf 88' lang='lat' dir='ltr'>proiectus</span> <span class='ocrx_word' id='word_1_410' title='bbox 382 2678 543 2715; x_wconf 86' lang='lat' dir='ltr'>corpore</span> <span class='ocrx_word' id='word_1_411' title='bbox 568 2667 744 2710; x_wconf 88' lang='lat' dir='ltr'>terrae,</span> <span class='ocrx_word' id='word_1_412' title='bbox 771 2667 838 2703; x_wconf 80' lang='lat' dir='ltr'>scd</span> <span class='ocrx_word' id='word_1_413' title='bbox 862 2664 1007 2705; x_wconf 63' lang='lat' dir='ltr'>Accius</span> <span class='ocrx_word' id='word_1_414' title='bbox 1030 2668 1072 2705; x_wconf 75' lang='lat' dir='ltr'>in</span> <span class='ocrx_word' id='word_1_415' title='bbox 1098 2667 1223 2705; x_wconf 73' lang='lat' dir='ltr'>Bruto</span> <span class='ocrx_word' id='word_1_416' title='bbox 1246 2665 1344 2712; x_wconf 75' lang='lat' dir='ltr'>(Cic.</span> <span class='ocrx_word' id='word_1_417' title='bbox 1364 2668 1411 2705; x_wconf 81' lang='lat' dir='ltr'>dc</span> <span class='ocrx_word' id='word_1_418' title='bbox 1430 2668 1506 2705; x_wconf 74' lang='lat' dir='ltr'>div.</span> <span class='ocrx_word' id='word_1_419' title='bbox 1526 2679 1540 2703; x_wconf 93' lang='lat'>1</span> <span class='ocrx_word' id='word_1_420' title='bbox 1563 2675 1628 2714; x_wconf 79' lang='lat'>22,</span> <span class='ocrx_word' id='word_1_421' title='bbox 1644 2661 1719 2719; x_wconf 85' lang='lat'>44)</span> 
     </span>
     <span class='ocr_line' id='line_1_42' title="bbox 153 2723 1720 2776; baseline 0 -14"><span class='ocrx_word' id='word_1_422' title='bbox 153 2726 399 2773; x_wconf 89' lang='lat' dir='ltr'>prostratum</span> <span class='ocrx_word' id='word_1_423' title='bbox 423 2726 572 2769; x_wconf 88' lang='lat' dir='ltr'>terra,</span> <span class='ocrx_word' id='word_1_424' title='bbox 602 2724 741 2763; x_wconf 63' lang='lat' dir='ltr'>Catuli.</span> <span class='ocrx_word' id='word_1_425' title='bbox 763 2723 831 2771; x_wconf 84' lang='lat'>64,</span> <span class='ocrx_word' id='word_1_426' title='bbox 848 2723 931 2773; x_wconf 80' lang='grc'>389</span> <span class='ocrx_word' id='word_1_427' title='bbox 955 2727 1086 2764; x_wconf 91' lang='lat' dir='ltr'>terra</span> <span class='ocrx_word' id='word_1_428' title='bbox 1111 2728 1267 2764; x_wconf 91' lang='lat' dir='ltr'>centum</span> <span class='ocrx_word' id='word_1_429' title='bbox 1294 2725 1548 2776; x_wconf 90' lang='lat' dir='ltr'>procumbere</span> <span class='ocrx_word' id='word_1_430' title='bbox 1573 2727 1720 2763; x_wconf 86' lang='lat' dir='ltr'>tauros.</span> 
     </span>
     <span class='ocr_line' id='line_1_43' title="bbox 159 2783 1721 2832; baseline 0 -10"><span class='ocrx_word' id='word_1_431' title='bbox 159 2783 220 2831; x_wconf 79' lang='lat' dir='ltr'>Cf.</span> <span class='ocrx_word' id='word_1_432' title='bbox 234 2784 424 2822; x_wconf 72' lang='lat' dir='ltr'>Heinsius</span> <span class='ocrx_word' id='word_1_433' title='bbox 443 2785 496 2822; x_wconf 83' lang='lat' dir='ltr'>ad</span> <span class='ocrx_word' id='word_1_434' title='bbox 512 2783 621 2822; x_wconf 72' lang='lat' dir='ltr'>Ovid.</span> <span class='ocrx_word' id='word_1_435' title='bbox 636 2795 756 2821; x_wconf 82' lang='lat' dir='ltr'>amor.</span> <span class='ocrx_word' id='word_1_436' title='bbox 771 2796 816 2821; x_wconf 91' lang='lat'>111</span> <span class='ocrx_word' id='word_1_437' title='bbox 833 2792 870 2832; x_wconf 83' lang='grc'><strong>2,</strong></span> <span class='ocrx_word' id='word_1_438' title='bbox 885 2793 904 2820; x_wconf 88' lang='lat'>2</span> <span class='ocrx_word' id='word_1_439' title='bbox 913 2793 935 2832; x_wconf 88' lang='lat'><strong>5</strong></span> <span class='ocrx_word' id='word_1_440' title='bbox 1059 2787 1142 2824; x_wconf 84' lang='lat'>312</span> <span class='ocrx_word' id='word_1_441' title='bbox 1164 2787 1394 2823; x_wconf 86' lang='lat' dir='ltr'>morituros:</span> <span class='ocrx_word' id='word_1_442' title='bbox 1413 2784 1551 2822; x_wconf 74' lang='lat' dir='ltr'>liberos</span> <span class='ocrx_word' id='word_1_443' title='bbox 1569 2785 1661 2822; x_wconf 67' lang='lat' dir='ltr'>dicit</span> <span class='ocrx_word' id='word_1_444' title='bbox 1678 2785 1721 2822; x_wconf 55' lang='grc' dir='ltr'>ἐν.</span> 
     </span>
     <span class='ocr_line' id='line_1_44' title="bbox 157 2842 1720 2893; baseline 0.001 -13"><span class='ocrx_word' id='word_1_445' title='bbox 157 2844 346 2880; x_wconf 74' lang='lat' dir='ltr'>universa</span> <span class='ocrx_word' id='word_1_446' title='bbox 370 2845 557 2881; x_wconf 67' lang='lat' dir='ltr'>sententia</span> <span class='ocrx_word' id='word_1_447' title='bbox 582 2854 660 2881; x_wconf 67' lang='lat' dir='ltr'>now</span> <span class='ocrx_word' id='word_1_448' title='bbox 679 2843 774 2891; x_wconf 75' lang='lat' dir='ltr'>plus</span> <span class='ocrx_word' id='word_1_449' title='bbox 798 2855 915 2890; x_wconf 80' lang='lat' dir='ltr'>quam</span> <span class='ocrx_word' id='word_1_450' title='bbox 932 2842 1094 2884; x_wconf 75' lang='lat' dir='ltr'>Aiacem</span> <span class='ocrx_word' id='word_1_451' title='bbox 1118 2842 1352 2893; x_wconf 69' lang='lat' dir='ltr'>intelliyens;</span> <span class='ocrx_word' id='word_1_452' title='bbox 1378 2844 1425 2891; x_wconf 78' lang='lat' dir='ltr'>cf.</span> <span class='ocrx_word' id='word_1_453' title='bbox 1444 2853 1542 2882; x_wconf 72' lang='lat' dir='ltr'>scew.</span> <span class='ocrx_word' id='word_1_454' title='bbox 1570 2852 1647 2890; x_wconf 85' lang='lat'>135</span> <span class='ocrx_word' id='word_1_455' title='bbox 1665 2854 1720 2891; x_wconf 80' lang='lat' dir='ltr'>sq.</span> 
     </span>
     <span class='ocr_line' id='line_1_45' title="bbox 147 2900 592 2950; baseline -0.004 -11"><span class='ocrx_word' id='word_1_456' title='bbox 147 2902 298 2950; x_wconf 75' lang='lat' dir='ltr'>Eurip.</span> <span class='ocrx_word' id='word_1_457' title='bbox 321 2903 462 2940; x_wconf 78' lang='lat' dir='ltr'>Troad.</span> <span class='ocrx_word' id='word_1_458' title='bbox 484 2900 592 2938; x_wconf 82' lang='lat'>1016</span> 
     </span>
    </p>
   </div>
   <div class='ocr_carea' id='block_1_10' title="bbox 228 2972 1432 3006">
    <p class='ocr_par' dir='ltr' id='par_1_12' title="bbox 228 2972 1432 3006">
     <span class='ocr_line' id='line_1_46' title="bbox 228 2972 1432 3006; baseline -0.003 0"><span class='ocrx_word' id='word_1_459' title='bbox 228 2980 381 3006; x_wconf 71' lang='lat' dir='ltr'>Emuns</span> <span class='ocrx_word' id='word_1_460' title='bbox 401 2981 446 3006; x_wconf 87' lang='lat' dir='ltr'>ed.</span> <span class='ocrx_word' id='word_1_461' title='bbox 459 2981 587 3006; x_wconf 84' lang='lat' dir='ltr'>Vahlen.</span> <span class='ocrx_word' id='word_1_462' title='bbox 1389 2972 1432 3003; x_wconf 82' lang='lat'>12</span> 
     </span>
    </p>
   </div>
  </div>
 </body>
</html>
