2020 3334
797 234 1063 269 LUCRETIUS
1588 237 1704 271 XXIX

146 348 233 385 thus
263 358 404 384 nomen
435 346 477 383 in
509 345 717 384 annalibus
748 346 878 384 locum
909 346 1091 385 habuisse
1117 346 1234 396 idque
1266 360 1310 386 eo
1336 347 1452 385 modo
1479 360 1560 386 esse
1586 349 1704 386 inter-

148 405 383 456 pretandum
416 418 532 454 quem
556 400 821 442 Buechelerus
852 406 1097 444 monstravit.
1130 406 1308 444 Eundem
1334 407 1555 445 Macrobius
1586 409 1705 446 testa-

147 467 213 503 tur
243 465 464 514 disputasse
496 463 593 513 quid
623 464 725 502 esset
755 465 893 511 festra‚
931 477 1008 513 quo
1040 464 1158 503 verbo
1192 466 1310 502 etiam
1342 466 1494 504 Ennius
1526 479 1618 504 usus
1654 467 1706 504 sit

147 518 240 577 (inc.
260 519 388 576 xxix).
421 523 523 560 Tum
548 523 724 572 aequalis
751 523 834 560 eius
853 522 904 560 M.
924 523 1142 572 Pompilius
1162 523 1421 573 Andronicus,
1448 525 1493 563 de
1514 538 1591 574 quo
1613 525 1704 563 Sue-

147 583 279 621 tonius
299 582 346 620 de
366 595 530 633 gramm.
551 595 581 620 c.
603 583 627 620 8
649 582 745 620 haec
764 583 975 619 memoriae
994 582 1186 630 prodidit:
1211 595 1298 620 cum
1316 595 1355 621 se
1373 585 1416 621 in
1434 585 1527 622 urbe
1546 596 1624 622 non
1647 596 1706 622 so—

147 643 229 680 lum
252 640 423 679 Antonio
454 640 653 689 Gniphoni
682 641 750 679 sed
780 642 911 679 ceteris
939 643 1054 679 etiam
1079 642 1328 679 deterioribus
1347 644 1529 689 postponi
1552 644 1705 688 videret,

150 701 294 740 Cumas
325 702 482 739 transiit
510 701 638 748 ibique
667 702 711 738 in
741 701 815 738 otio
845 701 942 738 vixit
972 703 1006 738 et
1034 701 1157 738 multa
1188 702 1413 747 composuit,
1450 713 1582 739 verum
1614 703 1706 740 adeo

146 762 259 808 inops
290 763 401 808 atque
433 771 553 808 eyens,
584 763 627 797 ut
657 761 808 798 coactus
838 761 890 797 sit
911 761 1171 806 praecipuum
1201 760 1301 797 illud
1332 761 1559 807 opusculum
1593 772 1707 798 suum

148 820 353 858 armaliwm
385 819 495 857 Enni
532 819 770 857 elenchorum
806 819 968 856 sedecim
998 819 1155 856 milibus
1191 831 1393 856 nummum
1430 820 1585 857 cuidam
1621 832 1708 858 ven-

147 879 246 923 dere,
277 889 370 926 quos
400 878 519 916 libros
546 877 718 916 Orbilius
748 889 974 926 suppressos
1004 878 1207 916 redemisse
1238 889 1277 916 se
1308 878 1401 916 dicit
1424 879 1709 926 vfulqandosque

152 949 308 976 curasse
337 939 492 975 nomine
523 939 702 976 auctoris.
757 937 842 975 Hoc
875 937 1106 986 opusculum
1139 936 1243 985 quod
1273 938 1408 987 magni
1438 938 1557 986 pretii
1590 939 1709 976 fuisse

150 1008 221 1034 nec
265 997 396 1047 exigui
439 997 611 1035 ambitus
649 996 823 1045 videtur,
861 1009 980 1045 quam
1010 997 1206 1034 rationem
1238 996 1389 1045 quodve
1435 999 1710 1047 argumentum

147 1055 330 1094 habuisse
368 1055 495 1093 dicam
532 1057 704 1094 incertus
743 1068 840 1095 sum.
905 1055 1143 1103 Opusculum
1175 1055 1224 1092 ad
1255 1057 1426 1093 mentem
1458 1057 1628 1094 auctoris
1660 1057 1708 1094 ob

148 1115 356 1153 caritatem
381 1117 556 1163 vocatur,
582 1128 709 1164 neque
735 1116 820 1153 erat
846 1115 952 1164 quod
978 1115 1173 1163 scriptura
1199 1114 1517 1164 addubitaretur3
1548 1115 1708 1164 inscrip-

148 1175 201 1212 sit
232 1176 363 1212 autem
395 1175 601 1213 annalium
629 1175 740 1212 Enni
771 1175 1011 1213 elenchorum
1042 1187 1086 1212 eo
1119 1186 1253 1223 sensu,
1285 1174 1362 1211 nisi
1393 1174 1527 1223 fallor,
1561 1187 1637 1223 quo
1669 1176 1710 1211 in

150 1233 349 1271 nonnullis
382 1233 579 1272 codicibus
608 1233 802 1271 naturalis
828 1234 1017 1272 historiae
1042 1232 1174 1282 Plinii,
1207 1245 1303 1282 quos
1331 1232 1511 1283 Silligius
1536 1236 1711 1271 recenset

147 1306 184 1342 p.
208 1294 274 1340 17,
299 1293 427 1341 primo
454 1293 555 1331 libro
581 1293 815 1343 inscriptum
842 1294 900 1331 est
924 1294 1177 1331 historiarum
1200 1293 1339 1330 mundi
1364 1293 1602 1330 elenchorum
1629 1288 1710 1345 (vel

148 1347 334 1405 elenchos)
368 1352 556 1390 librorum
587 1354 760 1390 omnium
786 1365 870 1390 xxx
878 1365 933 1390 VII
960 1353 1056 1390 liber
1086 1363 1189 1389 unus
1214 1353 1281 1399 qui
1304 1353 1472 1399 primus.
1511 1351 1566 1389 Ut
1596 1352 1709 1390 Pom-

147 1411 269 1460 pilius
290 1408 565 1462 duodeviginti
583 1411 775 1449 librorum
795 1411 998 1449 annalium
1010 1411 1174 1449 totidem
1190 1423 1351 1448 numero
1365 1411 1567 1459 periochas
1583 1411 1708 1449 cuius-

149 1482 314 1519 cumque
347 1482 413 1507 eae
445 1471 552 1508 modi
584 1472 696 1508 erant
728 1471 937 1508 confecisse
969 1470 1161 1508 videatur.
1195 1469 1271 1507 Sed
1303 1470 1494 1519 quidquid
1520 1470 1566 1507 de
1591 1471 1709 1508 titulo

149 1530 353 1577 statuitur,
391 1530 549 1566 tantum
581 1531 763 1579 apertum
795 1531 870 1578 est,
909 1529 1067 1567 doctum
1098 1530 1296 1567 hominem
1328 1542 1372 1567 eo
1407 1531 1581 1578 tempore
1619 1530 1709 1566 huic

149 1588 399 1626 celeberrimo
431 1588 551 1626 Ennii
583 1590 691 1638 operi
724 1589 921 1627 assiduam
952 1600 1117 1627 navasse
1149 1601 1318 1637 operam.

269 1646 377 1684 Haec
409 1659 546 1697 sparsa
578 1650 671 1686 sunt
702 1661 747 1686 ac
778 1648 914 1686 tenuia
944 1649 1173 1686 testimonia
1205 1648 1251 1685 de
1278 1646 1419 1696 Ennio,
1452 1659 1550 1695 quae
1577 1649 1708 1685 tamen

148 1706 298 1757 negligi
322 1719 395 1756 par
420 1719 498 1745 non
523 1707 611 1745 fuit.
639 1706 715 1752 Qui
733 1708 934 1757 proximus
956 1708 1015 1745 est
1034 1707 1239 1744 Lucretius
1267 1701 1319 1759 (a.
1343 1707 1437 1744 699.
1462 1701 1564 1758 700)
1598 1719 1708 1755 prae-

149 1765 298 1803 clarum
325 1765 530 1805 Ennianae
561 1767 689 1816 poesis
714 1768 972 1816 praeconium
1003 1767 1097 1804 fecit
1121 1767 1163 1804 in
1188 1766 1316 1815 primo
1340 1765 1386 1803 de
1412 1767 1555 1803 natura
1580 1779 1711 1803 rerum

150 1837 239 1863 cum
271 1826 330 1863 ita
362 1825 459 1864 dicit

263 1891 329 1922 112
362 1885 576 1934 Iynoratur
607 1886 707 1923 enim
739 1897 837 1933 quae
866 1887 918 1923 sit
946 1888 1092 1923 natura
1124 1886 1285 1928 animai,

360 1945 469 1982 Nata
499 1946 561 1989 sit,
593 1957 647 1982 an
677 1947 810 1983 contra
840 1945 1085 1982 nascentibus
1116 1945 1347 1987 insinuetur,

363 2004 417 2041 Et
446 2004 564 2042 simul
593 2005 756 2042 intereat
785 2004 984 2042 nobiscum
1013 2006 1135 2041 morte
1166 2003 1368 2050 dirempta,

264 2069 330 2099 115
362 2062 430 2100 An
460 2064 635 2101 tenebras
669 2062 759 2101 Orci
789 2064 891 2101 visat
920 2066 1125 2110 vastasque
1156 2063 1330 2106 lacunas,

361 2121 429 2160 An
446 2123 614 2170 pecudes
645 2123 747 2160 alias
779 2123 966 2160 divinitus
997 2124 1168 2160 insinuet
1196 2133 1247 2165 se,

362 2182 521 2219 Ennius
551 2184 595 2218 ut
623 2184 751 2219 noster
782 2182 924 2229 cecinit,
957 2183 1024 2228 qui
1046 2182 1204 2228 primus
1236 2190 1392 2217 amoeno

362 2240 512 2278 Detulit
541 2251 586 2278 ex
616 2240 799 2278 Helicone
821 2241 988 2287 perenni
1018 2240 1156 2287 fronde
1186 2250 1377 2283 coronam,

362 2299 438 2336 Per
465 2301 593 2347 yentes
621 2299 747 2337 Italas
778 2300 976 2336 hominum
1007 2310 1104 2346 quae
1135 2298 1245 2336 clara
1270 2298 1429 2343 clueret,-

266 2364 332 2395 120
365 2358 454 2396 Etsi
478 2361 683 2405 praeterea
713 2361 841 2396 tamen
871 2369 950 2395 esse
980 2356 1198 2395 Acherusia
1229 2357 1369 2404 templa

363 2417 521 2455 Ennius
553 2419 718 2455 aeternis
750 2418 903 2464 exponit
932 2417 1105 2454 versibus
1137 2417 1262 2460 edens,

364 2476 446 2524 Quo
476 2488 595 2524 neque
619 2479 852 2524 permanent
882 2477 1036 2514 animae
1067 2487 1186 2523 neque
1218 2487 1380 2523 corpora
1410 2477 1554 2518 nostra,

362 2535 438 2574 Sed
469 2536 660 2583 quaedam
690 2536 904 2573 simulacra
934 2535 1059 2573 modis
1086 2535 1277 2582 pallentia
1307 2536 1419 2572 miris
1428 2548 1440 2580 ,-

374 2595 482 2633 Unde
512 2596 587 2633 sibi
618 2598 788 2634 ewortam
818 2606 967 2642 semper
996 2595 1167 2641 florentis
1199 2595 1362 2632 Homeri

265 2660 331 2691 125
366 2653 646 2692 Commemorat
674 2655 836 2702 speeiem
866 2654 1051 2691 lacrimas
1082 2654 1277 2702 effundere
1306 2653 1434 2690 salsas

366 2713 541 2761 Coepisse
573 2717 606 2752 et
635 2725 766 2751 rerum
796 2715 982 2750 naturam
1013 2713 1228 2760 expandere
1258 2713 1380 2750 dictis.

153 2770 254 2809 Sunt
284 2784 419 2810 versus
452 2774 600 2823 egregii
632 2772 772 2821 quibus
804 2773 922 2821 poeta
956 2771 1201 2821 digrediendi
1239 2783 1396 2809 causam
1435 2769 1629 2818 quaesivit
1667 2770 1710 2804 ut

152 2831 272 2868 Ennii
298 2831 432 2869 laudes
458 2833 656 2870 insereret.
690 2831 870 2868 Redeunt
896 2833 1027 2869 autem
1053 2831 1104 2868 ad
1130 2830 1330 2869 exordium
1357 2829 1558 2866 annalium
1578 2827 1709 2874 ibique

152 2892 356 2928 narratum
388 2892 583 2929 somnium
616 2903 660 2928 ac
686 2891 860 2928 retinent
883 2890 990 2928 haud
1017 2891 1157 2940 exigua
1182 2889 1371 2927 orationis
1398 2888 1600 2924 Ennianae
1624 2897 1709 2943 yes-

152 2949 262 2999 tigia.
294 2950 353 2987 De
379 2962 458 2999 qua
483 2963 524 2987 re
550 2963 674 2999 nuper
700 2950 763 2999 egi
787 2950 830 2987 in
848 2949 959 2986 relat.
981 2949 1088 2987 acad.
1110 2961 1142 2986 a.
1167 2949 1277 2986 189ss
1305 2961 1341 2996 p.
1366 2948 1538 2993 717sqq.
1566 2944 1586 2991 (
1587 2941 1597 2958 ³
1610 2944 1710 2982 Uber
