2054 3282
286 296 371 338 302
732 284 967 322 ADDENDA
986 283 1048 319 ΕΤ
1067 281 1381 318 OORRIGENDA

400 408 568 452 Denique
593 404 744 451 Rogerii
768 403 927 439 Baconis
952 401 1064 437 verba
1088 400 1187 436 infra
1212 400 1261 434 ad
1287 410 1372 435 ann.
1391 413 1406 434 1
1424 399 1469 434 fr.
1488 412 1528 434 1x
1552 398 1745 445 adscripsi.

399 454 516 490 Praef.
531 467 566 499 p.
582 465 700 496 cxxx1‚
714 456 736 486 4
762 451 922 486 alterum
946 460 990 484 ex
1015 448 1091 484 ilh's
1116 458 1261 483 versum
1287 447 1409 483 eidem
1427 447 1548 482 Ennio
1573 446 1840 482 vindicandum

285 505 331 539 M.
352 501 605 538 Rothsteinius
629 510 732 534 meus
758 498 968 543 suspicatus
994 498 1060 539 est,
1087 495 1152 539 qui
1170 507 1203 530 v.
1224 495 1366 530 advena
1385 506 1495 540 quam
1514 495 1605 530 lenis
1623 495 1728 530 celeri
1743 495 1840 530 vehit

283 551 384 586 unda
401 549 535 595 veyeila
549 549 592 592 (ἓ)
612 547 661 581 ad
679 547 836 580 matrem
848 545 999 579 Idaeam
1011 543 1152 578 Romae
1172 542 1431 587 accipiendam
1450 541 1581 577 referri
1599 552 1710 587 posse
1727 543 1840 587 putat

285 597 420 633 collata
444 594 603 630 maxime
628 593 783 627 Liviana
807 591 1020 626 narratione
1045 603 1132 625 xx1x
1146 593 1200 624 14.

423 664 466 668 —
492 654 527 687 p.
549 653 657 676 cxmn
676 640 715 674 in
735 639 910 674 subsidiis
929 637 1165 673 recensendis
1184 636 1305 671 multa
1324 637 1444 672 sciens
1463 635 1658 682 praeterii:
1682 648 1756 672 non
1776 636 1837 672 de-

283 692 415 726 bebam
440 688 737 734 praetermittere
758 685 946 720 Lactantii
972 685 1117 720 divinas
1142 684 1398 719 institutiones
1426 695 1448 719 a
1473 684 1646 719 Samuele
1671 684 1838 720 Brandto

283 750 313 773 a..
337 740 426 772 1890
446 737 484 770 in
509 745 660 780 corpore
679 732 957 768 Vindobonensi
976 732 1125 778 egregie
1146 732 1278 775 editas,
1305 742 1401 775 quae
1421 733 1584 776 quantae
1602 731 1763 767 utilitati
1781 731 1839 766 fu-

283 785 377 819 erint
401 794 489 829 prae
513 783 559 817 iis
584 792 680 827 quae
705 780 796 815 mihi
823 780 912 815 olim
937 779 1152 814 adhibenda
1177 781 1284 815 erant
1307 790 1365 814 res
1390 779 1474 824 ipsa
1499 779 1618 814 docet.

398 829 598 875 Augustini
623 829 669 863 de
696 828 847 863 civitate
873 826 933 862 dei
957 826 1072 862 libros
1099 827 1146 861 ab
1166 827 1206 862 E.
1226 826 1451 861 Hoffmanno
1476 826 1516 861 in
1536 827 1667 862 eodem
1686 837 1839 872 corpore

282 878 487 923 recognitos
507 877 568 911 hic
586 875 665 910 illic
683 874 838 920 inspexi,
858 874 923 909 sed
943 874 1033 918 quia
1052 885 1132 910 sero
1149 874 1199 909 ad
1217 885 1277 910 me
1298 874 1405 909 allati
1419 875 1526 909 erant
1542 873 1714 910 universe
1726 874 1839 909 Dom-

282 925 381 960 barti
405 924 595 959 volumina
619 922 797 957 adhibere
821 922 977 967 perrexi.

420 992 464 997 --
489 983 524 1016 p.
546 983 664 1014 cnvm,
687 973 705 1004 1
733 980 815 1004 cum
842 969 1019 1004 Varronis
1044 968 1224 1005 memoria
1255 969 1438 1015 coniunge
1471 968 1637 1004 eiusdem
1669 969 1716 1004 de
1747 969 1838 1014 ling.

282 1021 359 1054 Lat.
374 1032 425 1054 v11
440 1022 459 1053 3
486 1023 526 1054 at
549 1019 613 1053 hoc
634 1017 724 1062 quid
742 1017 792 1052 ad
810 1017 997 1052 verborum
1010 1018 1234 1062 poeticorum
1253 1016 1431 1052 aetatem?
1456 1028 1609 1062 quorum
1626 1017 1660 1052 si
1678 1017 1841 1061 Pompili

279 1078 429 1112 reynum
446 1066 530 1109 fons
548 1066 589 1100 in
607 1065 830 1100 carminibus
843 1064 1028 1100 Saliorum
1046 1075 1158 1110 neque
1177 1076 1219 1100 ea
1232 1066 1278 1100 ab
1291 1065 1538 1109 superioribus
1549 1068 1708 1109 accepta,
1720 1068 1841 1099 tamen

281 1115 411 1149 habent
431 1123 500 1148 Dec
516 1123 641 1148 annos.
669 1111 721 1146 Cf.
744 1111 869 1146 Cicero
895 1113 987 1146 orat.
1009 1114 1065 1154 34,
1082 1116 1149 1146 120
1169 1123 1271 1156 quem
1294 1113 1450 1147 laborem
1468 1112 1573 1147 ‘nobis
1590 1112 1707 1147 Attici
1724 1112 1842 1146 nostri

282 1162 410 1196 levavit
435 1161 546 1203 labor,
571 1160 636 1204 qui
658 1160 875 1195 conservatis
899 1159 1103 1203 ‘notatisque
1126 1159 1345 1204 temporibus
1366 1188 1373 1194 .
1394 1186 1402 1194 .
1430 1169 1612 1195 annorum
1639 1160 1839 1205 septinyen-

281 1212 399 1243 torum
422 1207 629 1243 memoriam
652 1217 727 1242 uno
754 1207 845 1242 libro
870 1207 1064 1252 colliyavit.

420 1276 465 1280 —
490 1267 525 1299 p.
548 1267 715 1288 cnxxxvn
727 1266 758 1288 v,
776 1257 794 1288 7
817 1253 929 1288 adde:
951 1253 1003 1288 Cf.
1020 1252 1231 1289 Priscianus
1245 1266 1283 1288 1x
1301 1266 1337 1298 p.
1352 1257 1432 1297 487,
1448 1257 1468 1288 9
1482 1253 1527 1288 H.
1550 1253 1639 1290 Cato
1658 1254 1700 1289 in
1711 1266 1769 1288 1111
1785 1255 1841 1300 (11)

281 1302 480 1347 ori-qimam.-
507 1302 676 1337 ‘Marsus
693 1302 827 1337 hostem
845 1301 976 1336 occidit
989 1302 1098 1346 prius
1117 1313 1226 1346 quam
1245 1301 1459 1348 Paelignus,
1473 1305 1667 1346 propterea
1686 1301 1840 1337 erru-

280 1350 356 1384 cini
377 1353 563 1393 vocantur,
589 1349 631 1384 de
657 1349 788 1384 Marso
813 1349 993 1385 detorsum
1017 1349 1172 1384 nomen?

396 1397 438 1431 A.
459 1400 479 1430 9
499 1398 584 1442 post
606 1396 730 1431 ‘caeli'
753 1396 866 1431 adde:
893 1407 989 1441 quae
1009 1397 1119 1441 (quae
1138 1395 1178 1430 id
1198 1397 1255 1437 cst
1273 1397 1441 1441 corpora)
1461 1406 1551 1431 cava
1571 1395 1741 1431 caeruleo
1760 1395 1841 1431 velo

281 1456 309 1480 c.
330 1456 357 1478 r.
378 1445 422 1479 P.
445 1444 562 1480 Canai
582 1443 631 1478 ad
656 1444 761 1480 Varr.
783 1445 804 1479 1.
826 1455 865 1488 c.,
887 1445 950 1489 qui
974 1444 1118 1480 inclusa
1140 1444 1248 1480 verba
1274 1455 1297 1479 a
1323 1444 1486 1480 Varrone
1509 1444 1590 1488 ipso
1615 1444 1746 1479 addita
1764 1444 1840 1490 opi-

279 1495 392 1526 natm·

396 1539 439 1573 A.
460 1552 472 1572 1
492 1537 535 1572 fr.
556 1551 594 1572 1x
620 1538 732 1574 adde:
759 1538 941 1585 Rogerius
964 1538 1063 1574 Baco
1089 1538 1281 1583 compend.
1303 1538 1399 1573 stud.
1419 1538 1552 1583 philos.
1574 1549 1655 1583 cap.
1676 1542 1696 1573 9
1715 1550 1752 1584 p.
1772 1541 1842 1573 504

279 1586 434 1621 Brewer.
462 1585 589 1632 (Lond.
613 1588 718 1632 1859)
746 1586 784 1620 ‘S
811 1586 984 1621 similiter
1008 1586 1183 1631 liquescit
1207 1586 1247 1621 in
1272 1586 1457 1631 principio
1483 1585 1671 1630 dictionis,
1701 1587 1744 1620 ut
1767 1585 1842 1620 Ho-

279 1634 396 1668 ratius
415 1634 454 1667 in
474 1634 704 1668 sermonibus
725 1634 754 1680 [1
775 1637 806 1677 5,
822 1634 883 1680 35]
900 1663 905 1668 .
924 1663 930 1669 .
947 1662 973 1678 .,
997 1633 1172 1669 similiter
1189 1633 1230 1668 in
1248 1633 1321 1668 fine
1341 1633 1516 1668 dictionis
1536 1633 1621 1679 plus
1642 1635 1708 1669 est.
1734 1632 1842 1668 Unde

279 1681 420 1715 Ennius
445 1682 557 1726 poeta
582 1692 680 1725 «qua
705 1681 827 1726 perire
853 1681 979 1726 (immo
1000 1692 1083 1717 ova
1106 1681 1275 1726 parire)
1303 1681 1398 1716 solet
1419 1691 1536 1726 genus
1555 1681 1689 1726 pennis
1710 1681 1843 1715 conde-
1874 1721 1878 1727 ,

280 1730 478 1764 coratum».
499 1739 587 1763 nam
603 1728 739 1764 ultima
758 1729 805 1763 de
823 1739 940 1774 genus
959 1731 1128 1764 remanet
1146 1728 1268 1764 brevis
1287 1730 1326 1763 et
1343 1728 1429 1763 ideo
1450 1740 1466 1763 s
1479 1728 1655 1773 liquescit
1668 1730 1734 1763 aut
1746 1729 1844 1762 esset

281 1775 401 1811 brevis
420 1775 586 1820 positio.'

397 1823 440 1858 A.
460 1836 474 1856 1
493 1823 536 1857 fr.
557 1835 633 1858 xvn
659 1823 708 1858 ad
733 1823 834 1858 Festi
858 1823 1117 1858 testimonium
1142 1824 1255 1858 adde:
1282 1823 1421 1858 Paulus
1446 1823 1538 1869 (iam
1562 1823 1602 1858 in
1620 1822 1743 1868 priore
1766 1822 1843 1857 edi-

280 1871 383 1905 tione
409 1870 560 1916 allatus)
588 1871 663 1905 ‘sos
688 1882 755 1915 pro
782 1881 844 1906 eos
871 1871 1018 1915 antiqui
1044 1870 1220 1906 dicebant
1250 1872 1293 1906 ut
1317 1871 1459 1906 Ennius
1491 1870 1753 1907 «constitit...
1776 1871 1844 1906 dea

283 1918 462 1954 diarum».
470 1918 480 1934 ’

396 1965 439 1999 A.
460 1978 474 2000 1
493 1964 536 1999 fr.
557 1978 605 2000 xx
633 1965 746 2000 adde:
774 1964 827 2001 Cf.
854 1965 986 2001 Festus
1011 1977 1046 2010 p.
1067 1968 1148 2008 474,
1163 1969 1209 2000 24
1237 1964 1428 2000 ‘Saturnia
1447 1964 1559 2000 Italia
1585 1966 1622 2000 et
1646 1975 1752 1999 mons
1778 1964 1843 2009 qui

280 2024 377 2047 nunc
403 2013 460 2048 est
485 2012 718 2057 Capitolinus
739 2012 933 2048 Saturnius
959 2012 1233 2058 appellabatur,
1260 2012 1360 2057 quod
1384 2013 1425 2047 in
1449 2012 1569 2047 tutela
1588 2012 1738 2047 Saturni
1764 2022 1844 2047 esse

283 2060 568 2095 existimantur.'

399 2108 441 2142 A.
463 2121 476 2142 1
496 2107 538 2144 fr.
560 2120 632 2142 xxx
658 2107 754 2142 adde
780 2107 827 2143 de
846 2107 1112 2153 Porphyrionis
1132 2107 1347 2143 testimonio
1371 2107 1640 2143 Buechelerum
1659 2106 1846 2142 dicentem

282 2155 321 2189 in
345 2167 438 2190 mus.
459 2154 576 2190 Rhen.
597 2168 671 2190 Lvn
690 2156 812 2200 (1902)
831 2167 866 2200 p.
889 2159 967 2190 321.

400 2203 443 2236 A.
463 2215 477 2236 1
495 2202 538 2236 fr.
559 2215 620 2237 xm
644 2204 730 2247 post
754 2203 867 2238 verba
893 2202 1010 2238 Servii
1037 2202 1244 2238 ‘Ennianus
1270 2203 1341 2237 est'
1370 2202 1484 2238 adde:
1511 2201 1563 2238 Cf.
1586 2201 1712 2237 Cicero
1739 2201 1786 2236 de
1804 2211 1844 2236 re

282 2262 317 2295 p.
338 2263 366 2284 11
386 2254 419 2294 2,
433 2254 455 2285 4
483 2250 572 2295 ‘quo
597 2250 637 2284 in
661 2250 743 2285 loco
770 2261 854 2284 cum
880 2252 978 2285 esset
1002 2250 1209 2296 (Romulus)
1239 2250 1419 2285 silvestris
1449 2249 1583 2285 beluae
1614 2250 1843 2284 sustentatus

282 2297 472 2332 uberibus'
500 2299 538 2332 et
562 2297 747 2333 Usenerus
773 2297 813 2332 in
837 2309 928 2332 mus.
950 2298 1067 2333 Rhen.
1088 2310 1148 2332 rvr
1167 2298 1287 2344 (1901)
1307 2310 1342 2342 p.
1365 2301 1444 2333 313.

400 2345 443 2380 A.
463 2358 476 2378 1
495 2345 538 2379 fr.
560 2357 596 2378 m
614 2346 700 2389 post
721 2345 819 2379 ‘384’
848 2345 960 2380 adde:
987 2356 1085 2380 nunc
1112 2345 1258 2380 accedit
1282 2345 1418 2380 ‘brevis
1439 2345 1622 2390 expositio
1642 2344 1681 2379 in
1700 2343 1842 2390 georg.’

282 2405 309 2426 11
330 2395 398 2426 384
418 2392 592 2437 (append.
614 2391 711 2426 Serv.
733 2392 876 2438 Hagen.
897 2405 932 2438 p.
954 2396 1034 2437 307,
1056 2395 1114 2438 11)
1134 2403 1178 2427 ex
1198 2392 1325 2427 codice
1338 2391 1398 2438 (G)
1411 2392 1699 2434 Burmanniano,
1718 2391 1758 2426 in
1772 2401 1844 2436 quo

283 2439 462 2484 scriptum
488 2441 545 2474 est
570 2438 850 2474 aedificaret
874 2441 900 2474 t.
927 2439 1064 2483 Iovis,
1081 2468 1111 2475 ..
1132 2442 1182 2474 ut
1207 2441 1252 2474 et
1276 2439 1576 2474 celestibus..
1599 2441 1644 2474 et
1662 2450 1796 2474 cursu
1812 2467 1819 2474 .
1836 2468 1843 2474 .

283 2486 322 2520 Ε.
350 2487 397 2520 111
422 2497 510 2521 ann
518 2491 550 2521 a.
579 2486 759 2531 Quodque
778 2486 859 2521 ludi
879 2487 1065 2522 caestibus
1085 2489 1124 2522 et
1143 2498 1251 2522 cursu
1271 2487 1351 2522 fieri
1371 2487 1557 2530 dicuntur,
1582 2486 1771 2532 Vergilius
1791 2485 1846 2520 ait

285 2544 409 2579 georg.
430 2546 472 2568 111
486 2537 530 2568 20
559 2534 709 2569 ‘cuncta
733 2534 827 2568 mihi
847 2562 853 2568 .
877 2563 883 2569 .
907 2563 913 2568 .
935 2534 1102 2570 cursibus
1128 2536 1166 2570 et
1186 2534 1299 2569 crudo
1320 2535 1494 2569 decernet
1512 2533 1670 2568 Graecia
1688 2533 1843 2568 caestu?

402 2581 443 2615 A.
467 2584 533 2616 107
555 2583 644 2616 extr.
665 2582 751 2626 post
770 2582 943 2626 promima
969 2582 1081 2617 adde:
1109 2586 1142 2617 et
1165 2582 1312 2618 Servius
1336 2582 1378 2616 in
1394 2582 1485 2616 Aen.
1507 2594 1559 2616 vn
1578 2584 1657 2616 709.
1680 2583 1747 2615 710

402 2628 444 2663 A.
459 2641 472 2662 1
492 2628 535 2663 fr.
550 2641 625 2663 an
645 2629 694 2663 ad
714 2639 743 2663 c.
759 2639 786 2662 S.
805 2632 847 2663 16
863 2629 974 2664 adde:
995 2629 1060 2674 qui
1081 2641 1164 2664 cum
1184 2629 1260 2664 alia
1280 2628 1389 2664 affert
1406 2630 1487 2663 tum
1506 2628 1663 2663 Ausonii
1681 2627 1844 2672 perioch.

285 2674 391 2709 Iliad.
412 2688 450 2710 1v
468 2677 517 2720 (p.
540 2679 607 2710 229
623 2675 794 2721 Schenk.)
823 2676 1006 2721 ‘Iuppiter
1030 2677 1175 2712 interea
1200 2687 1284 2711 cum
1309 2676 1367 2711 dis
1392 2675 1621 2721 genitalibus
1652 2685 1728 2710 una
1759 2685 1846 2709 con-

286 2722 411 2757 cilium
439 2723 540 2768 cogit
565 2734 738 2768 superum
764 2723 810 2758 de
834 2723 944 2758 rebus
969 2724 1147 2758 Achivis?

402 2770 445 2804 A.
465 2783 494 2804 11
513 2770 556 2804 fr.
577 2783 590 2804 1
611 2770 694 2806 dele
717 2770 881 2806 ‘Servius
902 2799 909 2804 .
932 2799 938 2805 .
960 2799 968 2805 .
988 2770 1165 2806 Ennium’
1187 2771 1287 2815 quod
1306 2770 1355 2806 ad
1374 2780 1458 2805 ann.
1474 2773 1542 2804 555
1564 2769 1659 2804 ‘olli’
1681 2780 1778 2804 nom.
1793 2768 1844 2814 pl.

284 2816 457 2861 pertinet.
466 2817 626 2853 -Adde
641 2817 689 2852 ad
703 2817 889 2853 Ciceronis
903 2818 1160 2853 testimonium
1173 2818 1220 2853 de
1227 2817 1379 2863 Egeria:
1394 2817 1541 2852 Servius
1554 2816 1593 2851 in
1605 2817 1696 2852 Aen.
1710 2829 1763 2851 vn
1778 2819 1845 2850 763

287 2863 460 2909 ‘Egeriae
484 2864 596 2899 lucis:
630 2865 795 2909 nympha
820 2865 860 2899 in
884 2865 1036 2900 Aricino
1061 2876 1227 2909 nemore,
1260 2875 1372 2909 quam
1403 2864 1562 2899 amicam
1593 2874 1698 2898 suam
1722 2863 1847 2897 Numa

286 2922 365 2946 esse
390 2911 556 2957 fingebat
581 2912 629 2946 ad
656 2912 877 2946 firmandam
902 2912 1028 2958 legum
1054 2923 1204 2947 suarum
1229 2911 1520 2947 auctoritatem.’

402 2958 445 2993 A.
469 2962 536 2993 120
554 2961 641 3004 post
663 2959 791 2994 ‘Kein
820 2958 933 2995 adde:
968 2960 1166 3006 Verqilium
1191 2960 1283 2995 Aen.
1297 2972 1326 2993 11
1341 2962 1407 2993 764
1426 2968 1651 3002 mensaeque
1676 2957 1847 3000 deorum3

286 3005 451 3040 Servium
476 3007 518 3040 i‘n
536 3007 628 3041 Aen.
649 3019 714 3041 v111
742 3009 809 3041 110
829 3006 931 3041 Dan.
962 3007 1116 3052 quidam
1144 3017 1290 3042 mensas
1319 3005 1468 3052 proprie
1496 3005 1648 3041 deorum
1675 3005 1847 3048 tradunt3

288 3065 354 3089 vm
375 3056 460 3097 2793
481 3053 712 3090 Mam-obium
730 3066 772 3088 111
794 3057 847 3097 11,
862 3057 962 3100 5sqq.
