2020 3334
320 232 322 235 ·
338 221 435 256 LXII
897 221 923 257 I.
949 220 1176 255 HISTORIA
1201 220 1338 255 ENNII

550 333 662 371 Haec
691 332 761 370 nbi
791 332 894 370 dicta
924 332 1040 377 dedit,
1070 333 1226 381 strinqit
1251 332 1431 381 yladium
1460 344 1652 382 cuneoque

549 392 670 429 Facto
695 402 771 438 per
800 391 945 430 medios
975 391 1085 429 vadit

338 463 431 489 sane
463 451 681 499 speciosum
713 450 790 498 est,
828 452 868 488 61
899 450 992 488 11661
1024 463 1046 488 a
1077 463 1139 488 me
1169 451 1387 488 refutatum
1417 450 1555 501 fuerit,
1588 454 1722 490 tamen
1752 452 1897 489 mirum

336 522 414 547 non
441 510 500 547 est
527 509 633 558 quod
657 509 879 559 perplacuit
904 521 993 547 cum
1018 509 1069 547 Η.
1087 509 1254 560 Hageno
1280 504 1341 562 (in
1364 509 1551 562 Fleckeis.
1577 511 1707 548 annal.
1727 523 1761 549 a.
1785 511 1898 548 1874

337 582 375 618 p.
398 563 502 621 271)
534 569 620 605 tum
647 567 820 619 Sieglino
846 569 871 606 1.
899 568 922 606 i.
948 581 976 607 3.
1010 568 1096 619 Ego
1121 581 1214 607 vero
1239 569 1299 606 ita
1323 554 1539 610 senfflm
1562 569 1791 608 incredibile
1816 582 1899 608 esse

336 627 496 665 Livium
526 639 674 676 versus,
706 640 804 676 quos
832 627 937 676 apud
962 627 1136 665 Ennium
1160 628 1313 678 legerat
1337 629 1377 666 et
1400 629 1590 666 memoria
1613 628 1821 678 retinebat,
1851 641 1900 666 ne

335 688 519 737 mitigato
558 686 719 735 quidem
757 688 827 725 aut
863 686 1071 725 obscurato
1108 700 1270 725 numero
1308 687 1479 725 orationi
1514 687 1789 735 immiscuisse3
1826 687 1900 725 hoc

339 747 445 783 enim
475 745 618 783 vitium
650 758 732 783 6336
764 747 955 784 orationis
988 746 1092 795 quod
1121 747 1249 784 vitare
1280 746 1484 785 studerent
1522 747 1749 796 scriptores:
1786 758 1899 796 posse

338 805 473 855 fugere
500 804 610 842 aliud
635 806 818 855 agentem
843 806 878 843 si
904 804 998 854 quid
1023 805 1220 844 numerosi
1251 804 1413 843 haberet
1443 806 1581 851 oratio,
1613 806 1681 844 sed
1712 806 1898 844 scientem

337 864 410 901 hoc
442 863 651 901 admittere
682 863 890 902 neminem.
934 864 1041 902 Haec
1073 864 1177 902 enim
1201 867 1413 915 praecepta
1438 866 1530 902 sunt
1555 864 1765 913 Ciceronis,
1797 876 1899 913 quae

337 922 451 961 Livio
483 935 562 960 non
592 923 778 972 poterant
807 924 1052 973 incomperta
1084 935 1182 972 esse,
1215 925 1286 973 qui
1315 925 1357 961 in
1389 925 1543 962 oratore
1575 924 1743 962 maxime
1775 923 1822 961 de
1853 936 1898 961 ea

337 995 379 1020 re
399 981 484 1032 agit
503 976 592 1034 (20,
613 982 666 1019 67
689 984 728 1019 et
749 983 816 1031 51,
839 984 934 1030 170,
955 977 1037 1035 31),
1061 984 1158 1020 116111
1183 982 1230 1020 (16
1253 984 1350 1020 orat.
1370 995 1417 1020 111
1437 984 1503 1032 44,
1527 984 1621 1020 175.
1653 983 1779 1032 Atqui
1798 995 1898 1032 quae

340 1041 501 1090 scripsit
531 1040 668 1079 Livius
705 1041 762 1078 ita
800 1042 1029 1091 comparata
1066 1043 1159 1079 sunt
1195 1043 1241 1079 ut
1271 1054 1317 1079 ea
1348 1042 1456 1080 nullo
1489 1042 1585 1080 duce
1617 1044 1686 1080 aut
1721 1041 1898 1090 exemplo

338 1101 380 1137 in
418 1112 490 1138 sua
528 1101 705 1138 oratione
742 1113 887 1149 ponere
927 1101 1118 1150 potuerit,
1155 1113 1248 1138 nam
1279 1101 1382 1139 dieta
1413 1101 1508 1139 dare
1538 1101 1713 1152 vulgaris
1745 1101 1898 1138 dicendi

338 1160 442 1197 ratio
474 1161 534 1196 est
566 1171 644 1207 qua
670 1159 827 1209 saepius
853 1160 990 1208 utitur,
1022 1172 1067 1197 111
1089 1160 1155 1209 61,
1178 1161 1199 1197 7
1233 1161 1325 1198 haee
1355 1161 1423 1198 ubi
1452 1162 1553 1198 inter
1581 1162 1696 1209 siyna
1722 1160 1899 1207 peditum

336 1218 439 1256 dicta
470 1218 595 1265 dedit‚·
624 1231 682 1256 vn
704 1219 771 1267 33,
795 1221 866 1267 113
898 1231 994 1256 XXIX
1017 1220 1054 1267 2,
1078 1221 1129 1257 12
1162 1220 1228 1257 vix
1257 1220 1350 1257 haec
1380 1219 1483 1257 dicta
1507 1219 1685 1266 dederat‚·
1714 1231 1785 1257 1166
1810 1219 1900 1256 1611-

338 1290 416 1326 qua
449 1291 471 1315 a
503 1274 701 1315 communi
732 1290 805 1315 usu
836 1277 1024 1327 loquendi
1054 1277 1258 1327 recedunt,
1294 1278 1403 1316 velut
1434 1290 1506 1316 vm
1528 1279 1676 1327 24,13
1709 1289 1802 1326 quos
1832 1278 1899 1316 ubi

336 1338 503 1384 respexit
532 1348 600 1374 reoe
622 1337 764 1384 procul
790 1348 903 1385 qreye
933 1339 1035 1384 facto
1065 1339 1267 1382 venientes,
1297 1339 1453 1386 strinyit
1473 1338 1650 1385 gladium
1676 1340 1710 1375 et
1726 1349 1801 1384 per
1824 1349 1900 1375 me-

335 1395 445 1433 dium
483 1407 635 1434 amnem
673 1397 898 1434 transmittit
929 1407 1084 1444 equum,
1115 1397 1179 1434 vel
1204 1408 1245 1433 1x
1267 1396 1340 1444 35,
1362 1397 1385 1434 3
1418 1399 1461 1434 ut
1491 1397 1646 1435 abiectis
1676 1397 1900 1440 missilibus,

338 1466 411 1502 quo
431 1455 590 1493 celerius
609 1466 751 1492 manns
776 1458 1024 1500 consererent,
1048 1456 1278 1504 stringerent
1298 1455 1463 1504 qladios,
1488 1456 1667 1494 vadentes
1691 1458 1735 1493 in
1759 1456 1900 1493 hostem

337 1508 403 1566 (cf.
429 1526 471 1551 1x
494 1514 566 1563 13,
598 1508 653 1567 2).
690 1513 786 1559 Quis
819 1514 887 1562 qui
924 1515 1091 1564 paulum
1127 1514 1243 1552 modo
1280 1514 1448 1564 peritiae
1486 1515 1568 1552 stili
1599 1514 1734 1552 Latini
1769 1514 1899 1563 habet,

335 1585 414 1611 non
453 1585 543 1610 cum
581 1573 677 1611 haec
715 1572 938 1611 considerat
975 1574 1081 1611 ultro
1114 1573 1276 1612 candem
1307 1586 1468 1611 manum
1499 1576 1690 1624 agnoscat
1721 1586 1799 1622 qua
1829 1573 1900 1610 illa

337 1632 486 1681 scripta
518 1633 611 1669 sunt
642 1644 742 1680 quae
767 1632 952 1670 Enniana
984 1645 1066 1670 esse
1093 1633 1242 1671 volunt.
1274 1632 1414 1681 Itaque
1439 1633 1539 1670 nihil
1563 1634 1689 1671 restat
1713 1634 1789 1670 nisi
1814 1644 1899 1682 spe-

336 1692 414 1728 6163
447 1690 642 1739 quaedam
672 1703 926 1728 numerorum
958 1703 1058 1740 (11136
1090 1703 1160 1729 3113
1192 1694 1330 1741 sponte
1362 1705 1408 1730 ex
1438 1692 1612 1729 naturali
1644 1691 1779 1730 ordine
1814 1704 1897 1729 ver-

335 1749 475 1787 borum
501 1744 611 1803 (nam
636 1749 735 1787 nihil
761 1752 821 1788 est
844 1750 886 1787 in
911 1750 990 1788 illis
1017 1750 1122 1800 quod
1147 1751 1264 1788 aliter
1288 1751 1471 1788 collocari
1497 1745 1691 1803 potuerit)
1710 1750 1899 1788 insciente

336 1808 452 1847 Livio
485 1810 572 1847 orta
603 1803 716 1861 est.*)

456 1868 545 1905 Non
583 1868 757 1918 integros
795 1880 930 1906 versus
968 1868 1035 1906 sed
1069 1870 1202 1906 tamen
1233 1869 1402 1919 vestigia
1435 1868 1627 1917 quaedam
1659 1881 1738 1907 non
1770 1869 1897 1906 solum

338 1927 528 1964 orationis
561 1927 627 1965 sed
659 1928 779 1965 etiam
810 1929 1027 1965 metrorum
1058 1927 1327 1966 Ennianorum
1359 1928 1403 1965 R.
1431 1928 1643 1966 Ehwaldus
1675 1928 1751 1966 sibi
1790 1928 1899 1966 visus

336 1987 396 2023 est
426 1985 466 2023 in
497 1986 602 2024 Livii
634 1987 859 2024 narratione
891 1986 1081 2037 detegere.
1120 1987 1159 2024 Is
1191 1988 1295 2025 enim
1326 1987 1366 2024 in
1401 1987 1589 2036 symbolis
1630 1987 1808 2025 secundis
1848 1985 1896 2024 ad

335 2045 542 2083 historiam
573 2046 791 2083 carminum
822 2044 1106 2084 Ovidianorum
1137 2058 1171 2084 a.
1202 2047 1312 2084 1892
1347 2045 1498 2084 Gothae
1530 2046 1645 2084 editis
1677 2060 1714 2095 p.
1745 2049 1794 2083 11
1812 2057 1897 2094 sqq.

337 2104 429 2142 hinc
466 2104 728 2153 proficiscitur
764 2107 809 2142 ut
845 2104 892 2143 de
931 2116 1087 2143 excessu
1130 2105 1291 2142 Romuli
1326 2117 1425 2154 quae
1465 2107 1544 2143 sint
1575 2105 1683 2155 apud
1714 2104 1898 2143 Ovidium

336 2166 503 2212 utroque
535 2164 620 2202 loco
654 2177 769 2213 quem
800 2176 922 2214 supra
962 2163 1181 2214 significavi
1218 2164 1500 2214 comparabilia
1538 2177 1619 2203 6336
1660 2164 1767 2202 (11631
1811 2176 1898 2201 611111

336 2222 385 2260 113
418 2235 518 2271 (11136
543 2222 680 2261 Livius
714 2217 746 2276 (1
770 2219 842 2277 16)
873 2223 1019 2272 tradat,
1051 2223 1119 2262 sed
1145 2223 1429 2273 comparabilia
1453 2236 1531 2261 non
1558 2225 1652 2273 quia
1678 2223 1777 2261 alter
1802 2223 1899 2260 alte-

337 2295 424 2319 rum
457 2283 628 2320 sectatus
660 2283 729 2330 sit,
761 2282 829 2320 sed
862 2283 956 2331 quia
987 2284 1153 2332 uterque
1186 2283 1235 2320 ad
1267 2283 1387 2320 Ennii
1418 2283 1640 2332 exemplum
1671 2295 1711 2321 36
1744 2294 1897 2332 compo—

339 2341 471 2379 suerit.
504 2340 561 2379 Ac
593 2354 729 2380 verum
755 2342 826 2390 est,
859 2341 963 2390 quod
988 2354 1108 2392 supra
1134 2342 1314 2392 explicui,
1345 2344 1556 2390 utrumque
1582 2341 1723 2379 habere
1755 2342 1797 2378 in
1821 2342 1899 2378 ista

338 2401 537 2449 memoria,
565 2400 668 2449 quod
694 2402 791 2439 satis
817 2403 922 2439 66110
949 2402 1143 2452 originem
1166 2401 1390 2439 Ennianam
1415 2413 1509 2450 prae
1535 2413 1575 2439 se
1600 2401 1713 2449 ferat,
1739 2399 1898 2438 Livium

338 2459 574 2497 desiderium
611 2460 801 2509 populare
836 2461 926 2510 post
956 2462 1122 2498 mortem
1153 2461 1257 2510 regis
1289 2460 1339 2498 ad
1371 2472 1527 2498 sensum
1563 2471 1748 2498 versuum
1778 2458 1899 2496 Ennii

340 2519 409 2567 qui
447 2519 603 2556 exstant
640 2513 748 2572 (ann.
776 2531 791 2556 1
815 2519 862 2557 fr.
889 2514 977 2572 LXI)
1015 2531 1256 2569 expressum,
1296 2517 1482 2557 Ovidium
1518 2518 1624 2556 Iovis
1661 2518 1898 2567 promissum

339 2577 386 2615 de
413 2577 580 2615 Romulo
607 2591 630 2615 a
655 2578 781 2615 Marte
812 2579 1026 2628 repetitum
1057 2591 1173 2617 versu
1211 2579 1322 2616 Unus
1353 2579 1425 2616 erit
1449 2589 1528 2626 eqs,
1560 2578 1629 2626 qui
1659 2589 1737 2614 non
1768 2578 1899 2626 potest

338 2649 417 2674 non
448 2637 652 2675 Ennianus
690 2649 782 2675 esse.
817 2636 893 2675 Sed
924 2650 1001 2675 non
1033 2637 1314 2688 negligendum
1345 2639 1420 2685 est,
1454 2637 1527 2674 hoc
1559 2636 1663 2685 quod
1694 2636 1898 2685 proprium

339 2698 398 2733 est
430 2693 581 2744 Ovidii,
612 2696 786 2736 alienum
818 2709 899 2734 esse
931 2696 980 2734 ab
1013 2696 1146 2745 Livio,
1183 2696 1283 2734 illud
1320 2696 1367 2733 (16
1407 2695 1598 2734 desiderio
1638 2694 1741 2743 quod
1778 2694 1899 2732 habet

338 2754 477 2793 Livius
509 2767 587 2792 non
618 2755 677 2793 ita
708 2767 790 2793 6336
823 2755 928 2805 apud
960 2754 1158 2793 Ovidium.
1191 2754 1294 2800 Quid
1326 2767 1419 2805 ergo
1451 2752 1537 2793 est?
1568 2753 1742 2802 Uterque
1767 2753 1898 2801 habet,

461 2891 491 2936 ²¹⁵)
516 2890 643 2936 Longe
656 2890 876 2935 prudentius
891 2891 975 2926 aliis
989 2891 1133 2926 iudicat
1146 2891 1340 2926 Nordenus
1356 2891 1494 2935 (antike
1507 2890 1757 2934 Kunstprosa)
1772 2902 1795 2934 p
1820 2893 1899 2932 235,

343 2949 569 2983 quamquam
595 2949 641 2973 ne
667 2939 701 2972 ei
727 2938 878 2982 quidem
904 2949 961 2973 1116
988 2940 1108 2973 fateor
1133 2939 1312 2974 adsentiri
1337 2938 1376 2972 111
1402 2937 1584 2972 omnibus.
