2054 3282
350 174 432 215 116
877 166 1135 202 ANNALIUM
1159 166 1246 201 Lm.
1269 165 1360 201 mc.

1048 283 1190 319 CXLIII

346 350 430 392 622
923 346 1013 388 vita
1037 345 1113 386 illa
1137 345 1291 400 dignus
1316 344 1497 399 locoque

1047 448 1191 484 CXLIV

344 514 428 555 623
459 511 792 555 Introducuntur
815 511 947 566 legati
971 509 1300 552 Minturnenses.

1057 613 1182 649 CXLV

343 678 428 720 624
459 676 544 719 Olli
570 676 744 718 crateris
770 690 820 717 ex
847 675 1005 717 auratis
1030 675 1276 717 hauserunt.

1073 778 1136 813 XL

341 843 425 884 6525
458 841 492 883 Ο
527 843 709 884 multum
735 843 833 883 ante
858 839 963 882 alias
990 778 1310 882 infilixVIittera
1335 840 1455 883 theta

338 989 531 1034 incipiunt,
552 990 594 1022 ut
611 987 827 1024 «machina.
849 1016 856 1023 .
877 989 1043 1023 ‘minatur
1055 999 1102 1022 m.
1117 987 1267 1023 muris».
1282 987 1402 1022 Ennio
1423 987 1623 1034 adscripsit
1641 988 1681 1023 L.
1695 987 1896 1023 Muellerus

339 1042 514 1076 Fleckeis.
525 1053 608 1076 ann.
617 1054 686 1076 xcv
694 1043 814 1086 (1867)
822 1053 857 1086 p.
869 1044 947 1076 504.
1026 1040 1078 1076 Cf.
1089 1040 1256 1075 Catullus
1269 1044 1347 1084 115,
1357 1044 1377 1075 8
1391 1040 1579 1076 ‘mentula
1591 1051 1730 1087 magna
1741 1041 1895 1075 minax.’

338 1095 460 1130 Possis
481 1095 625 1140 opinari
638 1094 807 1129 Marcelli
819 1095 1035 1130 machinam
1050 1094 1250 1139 Syracusas
1271 1094 1465 1129 advectam
1485 1094 1572 1138 dici,
1592 1094 1638 1129 de
1658 1105 1733 1138 qua
1751 1094 1897 1129 Plutar-

339 1149 426 1183 chus
441 1149 502 1182 vit.
515 1148 626 1183 Marc.
638 1151 691 1189 14,
702 1151 722 1182 3
737 1147 829 1192 ὑπὲρ
843 1148 1003 1194 μεγάλου
1018 1148 1217 1193 ζεύγματος
1230 1154 1325 1184 νεῶν
1339 1147 1434 1183 ὀκτὼ
1447 1148 1542 1191 πρὸς
1555 1147 1712 1192 ἀλλήλας
1724 1149 1896 1183 συνδεδε-

337 1201 455 1246 μένων
475 1201 643 1247 μηχανὴν
662 1201 757 1246 ἄρας
776 1200 923 1237 ἐπέπλει
935 1201 1030 1246 πρὸς
1041 1201 1083 1236 τὸ
1097 1206 1233 1247 τεῖχος;
1247 1201 1372 1236 Livius
1385 1214 1471 1236 xnv
1484 1204 1540 1244 34,
1557 1205 1587 1236 7.
1603 1200 1656 1236 Cf.
1670 1200 1776 1236 relat.
1791 1202 1895 1237 acad.

337 1266 368 1289 a.
386 1258 474 1289 1899
494 1267 529 1299 p.
547 1258 613 1289 269
628 1266 680 1299 sq.

454 1307 594 1342 CXLIII
614 1309 710 1353 (622)
748 1307 933 1343 Maximus
946 1307 1160 1343 Victorinus
1180 1307 1221 1343 G.
1237 1308 1275 1343 L.
1290 1308 1333 1343 K.
1349 1322 1386 1343 vr
1405 1321 1441 1354 p.
1457 1312 1537 1353 216,
1552 1311 1596 1343 13
1613 1308 1788 1344 ‘Ennius
1806 1319 1896 1354 quo-

336 1372 406 1405 que
433 1361 487 1395 ait
506 1361 611 1397 «vita
637 1361 704 1395 illa
729 1361 865 1406 dignus
891 1361 1087 1406 locoque»,
1109 1361 1217 1406 quasi
1242 1362 1360 1407 dignu
1378 1362 1535 1406 locoque
1554 1362 1699 1397 dixerit.
1724 1361 1897 1397 similiter

335 1415 504 1450 Lucilius
524 1414 578 1449 ait
598 1426 617 1451 «
626 1416 706 1449 tum
725 1414 893 1450 lateralis
919 1414 1025 1450 dolor
1049 1415 1277 1450 certissimus
1302 1415 1455 1450 nuntius
1477 1415 1636 1451 mortis»
1657 1425 1724 1460 pro
1743 1416 1824 1450 tum
1842 1415 1897 1450 la-

334 1467 442 1502 terali
468 1467 573 1502 dolor
598 1468 807 1503 certissimu
831 1468 966 1503 nuntiu
990 1469 1122 1503 mortis
1142 1497 1150 1503 .
1166 1497 1173 1503 .
1195 1469 1303 1514 quasi
1328 1469 1528 1503 subtractis
1554 1468 1675 1503 tribus
1695 1480 1711 1502 s
1730 1468 1894 1504 litteris.'

452 1521 663 1556 Admodum
683 1522 866 1556 incertum
886 1523 944 1556 est
961 1521 1144 1557 iudicium
1164 1523 1210 1557 de
1229 1522 1288 1556 his
1302 1522 1446 1556 duobus
1461 1522 1638 1565 versibus,
1655 1532 1812 1566 quorum
1831 1522 1896 1567 qui

334 1574 452 1609 Ennio
473 1575 707 1618 adscribitur,
729 1575 822 1610 alibi
840 1586 915 1610 non
935 1575 1050 1610 semel
1068 1575 1211 1610 Lucilio
1231 1575 1410 1610 tribuitur
1423 1576 1521 1620 (vide
1539 1575 1675 1610 Lucilii
1693 1587 1725 1610 v,
1742 1578 1808 1610 137
1828 1575 1894 1621 L.),

335 1629 379 1663 de
400 1628 515 1663 altero
537 1628 639 1674 (ibid.
657 1631 762 1674 1153)
781 1630 977 1674 praeterea
1001 1628 1096 1663 nihil
1122 1630 1362 1674 compertum.
1381 1629 1502 1671 Quare
1521 1629 1758 1674 transpositis
1778 1629 1896 1663 nomi-

334 1682 441 1716 nibus
468 1682 673 1717 Lucilius
700 1693 877 1727 quoque
897 1683 935 1717 et
954 1682 1090 1717 deinde
1116 1682 1336 1717 similiter
1359 1682 1531 1717 Ennius
1557 1682 1793 1717 scribendum
1811 1693 1895 1727 pro-

333 1737 536 1780 posuerunt
554 1735 593 1781 (Ι.
611 1735 797 1771 Beckerus
817 1735 960 1780 ephem.
979 1735 1096 1770 Marb.
1117 1738 1208 1770 1846
1227 1748 1262 1780 p.
1282 1739 1350 1770 946
1371 1737 1409 1770 et
1429 1738 1519 1770 1849
1539 1748 1574 1780 p.
1591 1737 1690 1780 329):
1717 1746 1813 1779 quae
1838 1737 1897 1770 est

334 1789 500 1833 speciosa
519 1789 626 1831 ratio,
647 1799 722 1823 non
742 1790 854 1824 certa.
875 1800 962 1823 nam
981 1789 1013 1823 si
1026 1788 1093 1823 illa
1106 1799 1203 1833 quae
1215 1788 1323 1834 posui
1337 1788 1472 1823 Lucilii
1486 1790 1582 1831 sunt,
1596 1799 1671 1823 non
1684 1788 1806 1831 Ennii,
1821 1800 1895 1823 non

334 1843 571 1887 consequitur
590 1842 748 1877 alterum
767 1853 913 1877 versum
931 1852 971 1877 re
984 1852 1071 1877 vera
1083 1842 1295 1877 Ennianum
1308 1852 1404 1877 esse:
1419 1842 1548 1886 itaque
1561 1842 1775 1877 testimonio
1789 1842 1893 1885 cessi,

334 1896 398 1930 sed
417 1897 459 1930 ut
478 1908 585 1930 suum
604 1896 738 1940 cuique
757 1895 917 1930 liberum
936 1895 986 1930 sit
1003 1895 1195 1930 iudicium.

451 1949 594 1984 CXLIV
607 1950 703 1995 (623)
728 1948 942 1984 Victorinus
963 1949 1009 1984 de
1021 1950 1126 1984 metr.
1142 1948 1183 1984 G.
1199 1949 1237 1983 L.
1252 1949 1295 1983 K.
1310 1962 1348 1984 w
1360 1961 1396 1994 p.
1412 1952 1491 1991 211,
1508 1952 1551 1983 22
1569 1949 1579 1966 ‘
1588 1949 1804 1984 hexameter
1815 1960 1894 1985 ver-

334 2014 393 2037 sus
414 2002 620 2053 dactylicus
636 2031 642 2037 .
660 2031 666 2037 .
683 2031 690 2037 .
705 2003 745 2037 in
763 2013 871 2037 versu
890 2003 1087 2037 duodecim
1107 2002 1336 2047 syllabarum
1356 2003 1498 2047 species
1511 2013 1587 2037 una
1599 2004 1665 2038 est.
1680 2003 1819 2048 quippe
1832 2003 1894 2038 hic

333 2056 411 2090 sine
430 2056 508 2091 ulla
526 2056 707 2091 varietate
727 2067 853 2091 omnes
866 2056 906 2090 in
919 2066 958 2091 se
972 2057 1155 2101 spondeos
1169 2056 1285 2090 habet
1297 2058 1335 2091 et
1347 2057 1500 2091 vocatur
1518 2056 1756 2101 spondiazon,
1776 2058 1819 2091 ut
1837 2058 1896 2091 est

334 2110 640 2145 «introducwztur
663 2110 781 2155 legati
799 2110 1074 2145 Minturnenses
1095 2110 1163 2155 (ita
1182 2109 1345 2144 Audacis
1369 2119 1443 2144 exc.
1458 2109 1565 2144 Bern.
1586 2109 1726 2155 ligati
1751 2110 1797 2144 in
1822 2111 1895 2144 tur

333 2173 505 2197 menses
533 2163 613 2197 Par.
640 2163 707 2197 hii
735 2164 1052 2208 producuntur
1079 2163 1270 2209 legatim
1299 2163 1500 2197 inturnis
1519 2163 1614 2197 Aud.
1634 2173 1709 2198 exc.
1727 2162 1891 2209 Mon.)».'

334 2215 477 2260 Fragm.
499 2216 544 2250 de
570 2216 764 2261 speciebus
788 2216 933 2251 hexam.
948 2216 1024 2251 her.
1041 2216 1082 2251 G.
1097 2217 1136 2251 L.
1151 2217 1194 2251 K.
1209 2229 1246 2251 VI
1263 2228 1300 2261 p.
1318 2219 1395 2257 634,
1413 2219 1456 2250 15
1473 2216 1610 2261 ‘genus
1631 2227 1747 2250 unum
1766 2218 1823 2251 est
1840 2229 1894 2251 ΧΠ

334 2268 560 2312 syllabarum
586 2280 630 2303 ex
656 2269 827 2304 omnibus
854 2269 1039 2314 spondeis,
1060 2271 1253 2312 tamquam
1273 2269 1582 2304 «introducuntur
1599 2269 1717 2315 legati
1736 2269 1893 2304 Mintur-

333 2322 512 2356 nenses».’
534 2322 752 2357 Aldhelmus
773 2323 880 2368 epist.
902 2323 950 2357 ad
965 2322 1151 2357 Acircium
1166 2334 1202 2367 p.
1219 2325 1286 2356 235
1307 2322 1418 2357 Giles.
1434 2323 1572 2368 (versus
1585 2336 1637 2357 xn
1651 2322 1892 2368 syllabarum)

335 2375 434 2409 ‘sine
459 2374 537 2408 ulla
561 2376 741 2411 varietate
770 2386 896 2411 omnes
916 2376 955 2410 in
976 2386 1014 2410 se
1034 2376 1241 2420 spondaeos
1266 2375 1391 2417 habet,
1413 2376 1477 2420 qui
1497 2375 1544 2410 ob
1569 2375 1640 2410 hoc
1665 2376 1892 2421 spondiazon

332 2429 493 2469 vocatur,
506 2429 547 2462 ut
561 2430 617 2462 est
630 2430 691 2464 «hi
699 2430 958 2473 producuntur
975 2428 1092 2474 legati
1106 2428 1430 2463 Minturnenses».’
1447 2427 1499 2462 cf.
1512 2427 1691 2463 Manitius
1710 2428 1773 2463 rel.
1786 2428 1891 2463 acad.

333 2481 492 2515 Vindob.
509 2494 581 2514 cxn
595 2483 714 2527 (1886)
730 2495 766 2527 p.
782 2486 860 2517 591.
970 2482 1091 2517 Ennio
1110 2481 1322 2517 tribuerunt
1341 2481 1502 2516 editores
1522 2483 1565 2515 ut
1582 2481 1801 2526 proximum.

453 2533 578 2568 CXLV
598 2536 692 2580 (624)
738 2535 959 2571 Censorinus
979 2535 1111 2581 fragm.
1130 2535 1176 2570 de
1195 2535 1323 2570 metris
1349 2533 1390 2569 G.
1406 2534 1444 2568 L.
1459 2534 1503 2568 K.
1517 2547 1555 2569 v1
1573 2547 1609 2579 p.
1625 2538 1703 2577 615,
1721 2538 1764 2569 18
1780 2535 1892 2570 ‘duo-

334 2587 590 2632 decasyllabos
613 2589 840 2632 spondiazon
864 2589 952 2625 «olli
976 2589 1278 2634 (spondiacon
1307 2587 1389 2623 olli
1411 2587 1495 2622 Vat.
1519 2587 1808 2635 pondiag0n1
1828 2616 1835 2622 .
1855 2616 1888 2622 .,

333 2640 417 2675 olli
437 2640 574 2684 Colon.‚
592 2652 681 2675 corr.
699 2641 864 2687 Iahnius)
885 2643 1054 2686 erceterib;
1074 2641 1256 2687 (aterib;
1276 2641 1315 2676 in
1333 2652 1404 2675 ras.
1421 2640 1510 2685 Col.)
1528 2651 1571 2675 ex
1591 2651 1623 2675 a.
1635 2640 1889 2677 hauserunt»)

451 2693 503 2728 Cf.
520 2697 585 2728 511
604 2695 773 2729 ‘vertunt
792 2697 953 2730 crateras
974 2695 1139 2730 ahenos.'

453 2747 595 2782 CXLVI
609 2748 705 2793 (625)
738 2747 869 2783 Glossa
889 2749 968 2783 cod.
983 2748 1159 2783 Admunt.
1174 2752 1243 2783 472
1258 2758 1353 2783 saec,
1367 2760 1419 2782 xn
1433 2747 1536 2782 edita
1549 2746 1597 2781 ab
1616 2746 1691 2781 Ioh.
1707 2747 1890 2782 Huemero

453 2897 536 2934 624
564 2896 726 2934 crateris
748 2894 942 2934 Cauchius
961 2898 995 2934 et
1012 2896 1241 2935 Nunnesius
