2054 3282
684 169 945 205 ANNALIUM
970 170 1057 204 LIB.
1078 170 1162 205 XVI
1644 171 1698 212 75

903 289 937 323 V

131 349 219 392 414
250 348 431 406 Ingenio
463 348 566 390 forti
598 349 746 391 dextra
776 351 889 392 latus
921 349 1112 405 pertudit
1142 349 1266 392 hasta
1711 348 1961 419 chffifflffss

888 454 938 489 VI
1794 440 1889 459 v-1x

132 515 218 558 415
257 515 465 572 Concidit,
491 519 534 559 et
565 515 754 559 sonitum
787 515 914 557 simul
946 515 1120 570 insuper
1151 530 1268 558 arma
1300 515 1505 558 dederunt

884 619 952 654 VH

132 683 219 725 416
509 685 651 724 tamen
683 681 937 724 induvolans
970 695 1113 724 secum
1145 681 1324 724 abstulit
1355 681 1478 724 hasta

255 753 430 810 Insigne

875 821 959 856 VIII

138 885 225 926 418
258 883 377 927 Tunc
410 884 561 926 timido
594 886 739 926 manat
769 899 821 925 ex
854 883 970 925 omni
1002 897 1177 938 corpore
1211 883 1340 925 sudor

891 988 942 1023 IX

138 1051 223 1093 419
255 1050 477 1093 Matronae
509 1064 676 1092 moeros
709 1051 927 1105 complent
959 1052 1148 1105 spectare
1180 1049 1382 1092 faventes.

903 1155 936 1189 X

136 1217 224 1259 420
255 1216 478 1259 Montibus
512 1216 693 1271 obstipis
726 1216 997 1259 obstantibus
1030 1216 1140 1258 unde
1174 1217 1311 1259 oritur
1341 1231 1427 1259 nox

255 1370 288 1405 V
314 1371 408 1416 (414)
447 1370 658 1405 Priscianus
678 1383 701 1405 x
720 1382 754 1415 p.
772 1373 850 1412 518,
868 1373 910 1403 17
931 1369 975 1403 H.
997 1369 1259 1405 ‘vetustissimi
1278 1371 1405 1405 tamen
1425 1371 1503 1405 tam
1522 1369 1702 1415 produce-

136 1425 229 1459 bant
243 1435 356 1469 quam
374 1424 626 1469 corripiebant
638 1423 844 1468 supradicti
858 1423 969 1466 verbi,
985 1423 1025 1457 id
1039 1424 1096 1458 est
1110 1423 1253 1469 (tundo)
1268 1423 1404 1466 tutudi,
1419 1422 1699 1468 paenultimam.

138 1478 279 1512 Ennius
305 1477 343 1511 in
368 1491 449 1512 XIIII
469 1478 578 1524 [V111].
601 1488 685 1512 ecce
710 1477 771 1511 hic
797 1476 985 1521 corripuit.
1014 1476 1113 1512 idem
1138 1477 1178 1511 in
1204 1490 1265 1511 xvi
1287 1477 1460 1522 «ingenio
1482 1505 1487 1510 .
1506 1505 1512 1511 .
1530 1505 1535 1511 .
1556 1476 1699 1512 hasta».

138 1531 239 1566 idem
258 1531 298 1566 in
318 1530 516 1565 annalibus
537 1531 648 1576 [448]
670 1530 730 1565 hic
750 1530 925 1575 produxit
944 1530 1242 1574 paenultimam.’

256 1584 306 1618 VI
326 1585 420 1629 (415)
462 1584 673 1618 Macrobius
700 1583 774 1618 Sat.
795 1596 832 1619 Ἦ
859 1587 890 1628 1⁷
906 1587 950 1617 24
973 1583 1133 1618 ‘corruit
1157 1584 1196 1618 in
1224 1583 1373 1618 vulnus:
1402 1583 1563 1618 sonitum
1593 1594 1703 1628 super

139 1649 242 1673 arma
251 1629 397 1672 ‘dedere
412 1637 513 1683 (Aen.
529 1650 552 1671 x
566 1638 659 1682 488).
675 1636 816 1671 Ennius
831 1636 869 1671 in
882 1650 944 1672 xv1
958 1637 1145 1673 «concidit
1160 1665 1165 1671 .
1183 1665 1189 1671 .
1207 1637 1316 1672 simul
1331 1638 1414 1683 (om.
1430 1637 1526 1683 Par.)
1544 1665 1549 1671 .
1568 1665 1573 1671 .
1590 1636 1702 1672 dede-

138 1691 274 1727 runt».’

257 1744 324 1779 VH
343 1745 439 1789 (416)
468 1743 680 1779 Macrobius
701 1743 775 1778 Sat.
791 1757 828 1779 v1
843 1747 873 1787 1,
887 1747 930 1778 53
948 1744 958 1761 ‘
969 1744 1113 1789 apicem
1127 1745 1254 1779 tamen
1267 1743 1383 1779 incita
1398 1756 1581 1778 summum
1594 1744 1704 1779 hasta

138 1798 227 1833 tulit
241 1798 343 1844 (Aen.
359 1810 412 1832 ΧΠ
430 1799 522 1843 492).
545 1797 686 1832 Ennius
706 1797 744 1832 in
763 1811 825 1833 xvx
845 1799 994 1834 «tamen
1013 1797 1234 1833 induvolans
1256 1797 1379 1843 (inde
1399 1798 1558 1832 volans
1578 1797 1703 1843 pauci)

141 1881 145 1886 .
164 1881 169 1886 .
188 1880 193 1886 .
215 1851 411 1896 insigne».²

257 1904 342 1939 VIII
361 1906 456 1950 (418)
488 1904 699 1939 Macrobius
720 1905 795 1939 Sat.
810 1918 847 1940 v1
868 1908 898 1948 1,
912 1908 956 1939 50
973 1905 1073 1940 ‘tum
1093 1905 1239 1952 gelidus
1258 1906 1338 1940 toto
1358 1905 1538 1940 manabat
1551 1916 1704 1949 corpore

140 1958 252 1993 sudor
266 1958 368 2003 (Aen.
385 1972 426 1992 111
449 1960 539 2004 175).
555 1958 696 1993 Ennius
716 1958 755 1992 in
774 1971 835 1993 xw
855 1960 966 1994 «tunc
988 1960 1098 2004 (tum
1118 1958 1214 1993 Med.
1231 1960 1264 2003 2)
1285 1958 1418 1993 timido
1434 1987 1439 1992 .
1458 1986 1463 1992 .
1482 1987 1488 1992 .
1504 1958 1666 1994 sudor».'

257 2012 307 2046 IX
327 2013 422 2056 (419)
462 2011 607 2046 Servius
628 2012 807 2046 Lemovic.
830 2011 869 2046 in
887 2023 1012 2057 georg.
1035 2025 1047 2046 1
1069 2015 1111 2046 18
1132 2024 1166 2056 p.
1190 2014 1269 2054 135,
1286 2015 1329 2046 16
1350 2011 1444 2045 Thil.
1469 2011 1617 2046 ‘favens
1637 2023 1703 2056 pro

140 2065 266 2100 volens
288 2093 293 2098 .
318 2093 323 2098 .
347 2093 353 2098 .
374 2065 499 2099 favere
525 2065 623 2099 enim
643 2066 783 2099 veteres
810 2064 924 2099 etiarn
943 2064 1037 2099 velle
1058 2064 1241 2099 dixerunt.
1269 2064 1410 2098 Ennius
1431 2075 1500 2100 «m.
1522 2075 1677 2099 moeros.
1696 2093 1701 2098 .

141 2118 358 2153 faventes».’
433 2117 536 2152 Idem
549 2117 668 2151 Vatic.
685 2117 723 2151 in
746 2128 869 2162 georg.
886 2130 922 2151 1v
942 2120 1010 2151 230
1031 2129 1065 2162 p.
1082 2120 1161 2159 338,
1179 2120 1220 2150 17
1243 2116 1337 2151 Thil.
1357 2117 1439 2151 ‘ore
1459 2116 1542 2152 fave
1564 2145 1569 2150 .
1588 2145 1593 2151 .
1611 2146 1616 2151 .
1639 2128 1703 2162 po—

140 2171 242 2205 nitur
268 2170 399 2206 eadem
425 2181 494 2205 vox
520 2171 557 2205 et
582 2181 648 2215 pro
675 2170 768 2204 velle
795 2171 886 2215 aput
912 2170 1069 2204 eundem
1089 2169 1250 2204 Ennium
1272 2169 1311 2204 in
1330 2183 1391 2204 xm
1412 2171 1514 2214 (XIII
1534 2170 1703 2215 Ursinus)

142 2225 333 2260 «matrone
352 2224 459 2259 melos
480 2252 485 2257 .
504 2252 509 2257 .
532 2223 721 2259 faventes»
741 2223 781 2257 id
801 2225 857 2258 est
878 2223 1067 2258 volentes.'

260 2277 292 2311 X
313 2278 409 2321 (420)
454 2277 584 2312 Festus
618 2287 662 2311 ex
694 2288 819 2322 apogr.
847 2277 869 2310 l.
892 2290 952 2311 xiv
977 2289 1012 2321 p.
1035 2280 1114 2320 220,
1130 2280 1173 2311 25
1195 2276 1260 2310 Th.
1291 2277 1478 2312 ‘obstitum
1511 2276 1704 2322 obliquum

143 2331 348 2376 Cobstz'tum
368 2329 549 2365 oblicum’
566 2329 728 2374 Paulus).
751 2329 892 2364 Ennius
914 2330 950 2363 L.
967 2329 1034 2377 xv1j
1049 2342 1117 2366 «m.
1134 2330 1274 2366 obstitis
1289 2358 1295 2364 .
1313 2358 1319 2364 .
1337 2359 1342 2364 .
1360 2340 1455 2365 nox»
1467 2331 1514 2365 'et
1534 2330 1572 2365 in
1589 2331 1627 2364 L.
1640 2343 1705 2365 v111

143 2385 239 2431 [x1].'
270 2383 482 2429 Obstipum,
510 2394 584 2418 non
611 2383 791 2418 obstitum
819 2394 840 2418 a
863 2383 1107 2428 grammatico
1135 2383 1313 2428 explicari
1337 2385 1375 2418 et
1398 2383 1523 2419 allatis
1547 2383 1706 2419 testibus

142 2437 413 2472 restituendum
433 2448 513 2472 esse
533 2436 705 2472 Gifanius
724 2436 920 2472 intellexit.

137 2613 295 2659 practer
320 2612 442 2648 cetera
461 2607 663 2647 Ausonius
681 2611 806 2656 potest
831 2609 1029 2647 declarare
1053 2610 1215 2658 epitaph.
1234 2619 1338 2658 31,9
1359 2622 1400 2658 p.
1421 2617 1472 2658 79
1493 2609 1705 2647 Schenkelii

144 2671 330 2708 miremur
348 2669 510 2718 periisse
523 2667 729 2706 homines?
747 2670 1002 2706 monumenta
1021 2669 1227 2707 fatiscunt:
1246 2681 1351 2707 mors
1371 2669 1492 2707 etiam
1513 2669 1615 2706 saxis
1636 2680 1703 2706 no-

144 2728 394 2777 minibusque
414 2728 543 2774 venit;
563 2729 609 2775 cf.
624 2727 831 2766 Lucretius
851 2740 876 2765 v
898 2737 920 2773 3
932 2737 945 2763 1
962 2738 975 2762 1
1119 2729 1203 2766 414
1225 2728 1404 2766 dextrum
1424 2728 1586 2765 Merula

146 2789 232 2826 asta
250 2787 369 2825 Bern.
398 2789 444 2835 cf.
467 2787 592 2826 Varro
618 2788 665 2825 dc
690 2787 712 2824 l.
733 2786 781 2824 L.
802 2799 828 2825 v
856 2796 869 2822 1
886 2794 933 2834 15
963 2789 1049 2825 asta
1075 2787 1182 2836 quod
1208 2789 1340 2826 astans
1367 2787 1467 2825 solet
1491 2786 1585 2824 ferri

147 2847 230 2884 418
251 2848 387 2884 manat
405 2859 481 2895 pro
500 2839 679 2884 manavit
692 2846 972 2884 Lachmannus
992 2848 1044 2885 ad
1056 2847 1175 2885 Lucr.
1191 2859 1216 2886 v
1233 2845 1315 2895 396
1424 2846 1510 2883 toto
1530 2845 1700 2890 Merula,

147 2906 193 2953 cf.
216 2903 298 2952 406
421 2907 507 2944 420
534 2906 698 2954 obstipis
721 2905 908 2953 Gifanius
