2004 3278
711 181 971 217 ANNALIUM
995 182 1082 216 LIB.
1104 181 1154 217 VI
1548 181 1708 216 CLXXV

147 297 321 346 primum
346 295 527 345 septimo,
559 294 709 333 decimo
737 296 776 333 et
799 295 848 332 ut
872 295 1031 333 videtur
1056 295 1177 333 etiam
1203 295 1311 333 sexto
1343 293 1505 333 decimo.
1539 293 1616 332 Sed
1646 293 1707 333 his

146 355 257 394 libris
283 355 377 393 dum
408 354 567 393 vindico
600 354 814 404 exordium,
847 355 985 392 ceteris
1017 366 1095 392 non
1128 353 1327 392 abiudico:
1358 355 1437 392 nisi
1470 353 1575 402 quod
1605 353 1706 391 indi-

146 416 261 463 cium,
284 427 365 463 quo
392 414 574 452 adiuvem
600 415 874 463 suspicionem,
899 413 1053 450 nullum
1077 414 1247 451 invenio.
1273 413 1305 450 E
1327 425 1509 451 consessu
1535 412 1708 462 quodam

145 473 307 512 deorum
338 473 537 511 residuum
569 473 726 512 videtur
750 473 797 510 fr.
817 485 864 510 11:
898 472 1055 521 qualem
1086 484 1309 510 consessum
1335 472 1496 510 difficile
1522 474 1582 510 est
1607 472 1706 511 divi—

143 546 238 571 nare
270 534 335 570 cui
365 534 533 571 maxime
565 533 672 582 parti
703 534 821 582 poeta
853 531 1117 569 admiscuerit.
1157 531 1222 569 Sic
1255 533 1388 580 potuit
1420 532 1484 570 vel
1509 532 1550 568 in
1577 531 1707 569 media

146 605 283 643 pugna
309 592 446 641 aliqua
472 592 633 630 deorum
660 591 865 639 auxilium,
897 603 974 640 quo
1001 591 1184 628 alterutri
1214 591 1321 639 parti
1351 591 1505 628 felicius
1538 592 1708 629 verteret

147 653 356 700 certamen,
384 652 533 689 ascisci.
559 651 606 688 In
631 664 672 688 re
698 651 849 688 incerta
875 650 925 687 ad
949 650 1191 699 principium
1219 649 1313 687 libri
1343 662 1499 687 versum
1531 651 1706 699 ascripsi,

146 711 473 760 quemadmodum
498 710 693 748 Homerus
725 722 1023 758 nonnumquam
1054 709 1097 746 in
1122 709 1218 757 ipsis
1245 709 1436 747 librorum
1464 710 1592 746 initiis
1619 709 1707 747 deo-

143 783 233 808 rum
266 771 489 808 contionem
521 769 721 818 expandit.
758 767 944 807 Of.11.1v
966 769 987 805 1
1005 780 1089 817 sqq.
1115 780 1189 807 vm
1218 770 1237 805 1
1256 763 1383 820 sqqfi‘)
1416 768 1570 806 Indicto
1603 768 1706 806 bello

146 829 352 867 Tarentini
377 825 557 867 ‘Graium
582 829 793 876 hominem,
824 840 968 878 regem,
1000 828 1157 865 nomine
1183 823 1370 865 Burrum'
1404 829 1605 865 arcessunt
1631 822 1705 880 (111.

144 883 222 941 1v):
250 890 319 937 qui
345 884 449 925 ‘cum
473 889 684 936 imperium
710 887 815 925 orbis
842 888 1014 937 agitaret
1039 889 1079 924 et
1104 887 1301 925 Romanos
1326 888 1507 935 potentes
1527 884 1707 934 videret’,

143 947 372 997 Apollinem
398 947 445 985 de
470 948 629 996 incepto
656 959 725 985 suo
752 946 961 985 consuluit.
988 946 1085 984 Eius
1113 946 1350 984 auctoritate
1376 947 1542 995 ancipiti
1568 948 1606 983 et
1626 959 1706 983 am-

143 1007 264 1057 bigua
290 1006 561 1056 imprudenter
584 1006 708 1044 fretus
736 1000 790 1058 (v.
810 999 870 1057 VI)
904 1001 1008 1043 ‘cum
1038 1006 1134 1043 totis
1165 1005 1316 1044 viribus
1342 1005 1456 1054 Epiri
1481 1005 1706 1043 Thessaliae

144 1066 399 1104 Macedoniae
424 1067 717 1116 incognitisque
737 1067 779 1102 in
799 1065 841 1102 id
859 1067 1014 1114 tempus
1037 1062 1271 1114 elephantis'
1293 1066 1335 1102 in
1354 1064 1515 1103 Italiam
1535 1064 1706 1103 advenit.

146 1124 202 1163 Cf.
228 1125 366 1163 Florus
393 1127 486 1174 epit.
507 1138 522 1162 1
544 1126 610 1173 13,
632 1127 668 1164 6.
700 1124 759 1162 Αο
784 1124 928 1174 Pyrrhi
959 1124 1190 1173 elephantos
1223 1137 1268 1162 eo
1297 1124 1490 1163 versiculo
1517 1137 1634 1173 quem
1660 1123 1707 1161 de

145 1185 364 1234 elephantis
391 1185 541 1222 elatum
567 1185 727 1223 Servius
753 1185 795 1221 in
821 1183 917 1221 Aen.
938 1196 980 1223 1v
1000 1184 1085 1221 404
1111 1185 1282 1222 testatur
1312 1185 1343 1222 it
1371 1185 1528 1232 nigrum
1559 1185 1707 1231 campis

144 1256 280 1293 aymen
300 1238 386 1297 (lib.
400 1245 475 1282 inc.
490 1238 578 1296 xrv)
600 1244 679 1281 dici
699 1244 880 1281 conicias.
903 1242 960 1281 Of.
981 1256 1069 1281 ann.
1093 1243 1174 1281 607
1198 1244 1237 1281 et
1249 1242 1377 1281 Varro
1398 1243 1444 1280 de
1463 1243 1488 1280 l.
1509 1242 1551 1280 L.
1566 1255 1624 1281 vn
1639 1243 1704 1280 39.

143 1303 318 1353 Pyrrhus
345 1305 477 1341 autem
498 1316 586 1341 cum
605 1304 852 1342 iuventutem
871 1303 1128 1340 Tarentinam
1147 1302 1381 1340 insolentem
1402 1303 1518 1340 antea
1537 1302 1705 1339 militiae

145 1362 195 1400 ad
221 1375 331 1401 arma
357 1364 514 1413 cogeret
542 1375 707 1412 eamque
739 1361 933 1400 invidiam
960 1358 1193 1399 ‘satellitum
1227 1361 1474 1410 quorundam
1505 1362 1705 1411 regiorum

144 1418 412 1471 intemperies'
440 1423 614 1472 augeret,
649 1421 739 1459 inde
767 1421 1071 1459 Tarentinorum
1103 1422 1248 1459 civium
1281 1420 1414 1459 taedia
1446 1432 1491 1458 ac
1525 1420 1705 1469 querelae

145 1481 377 1519 occultiores
413 1483 539 1519 ortae:
575 1479 712 1519 ἀπεῖπε
748 1475 781 1518 δ’
818 1479 952 1526 αὐτοῖς
986 1478 1051 1518 καὶ
1086 1478 1183 1529 πρὸς
1218 1478 1415 1530 συμπόσια
1448 1477 1511 1518 καὶ
1548 1479 1706 1530 κώμους

147 1538 416 1592 ἀθροίζεσθαι,
449 1539 514 1578 καὶ
545 1540 636 1586 τοὺς
668 1538 879 1592 νεωτέρους
911 1537 952 1577 ἐν
985 1542 1066 1585 τοῖς
1093 1538 1227 1585 ὅπλοις
1252 1537 1458 1577 ἀσκεῖσθαι
1482 1536 1656 1577 ἐκέλευεν
1681 1536 1706 1589 ἢ

147 1598 388 1651 διημερεύειν
415 1598 510 1638 κατὰ
536 1598 607 1650 τὴν
633 1597 792 1651 ἀγοράν.
826 1596 878 1645 ὡς
905 1596 947 1637 δέ
971 1613 1071 1645 τινες
1097 1596 1311 1650 ἀχθόμενοι
1335 1598 1488 1644 τούτοις
1508 1596 1706 1649 ὑπεχώρη-

145 1670 231 1709 σαν,
257 1657 460 1710 φρουροὺς
485 1657 527 1697 ἐκ
552 1663 629 1697 τῶν
656 1658 810 1697 οἰκείων
835 1655 1078 1708 κατέστησεν,
1104 1656 1197 1696 ὥστε
1219 1655 1368 1708 μηδένα
1387 1655 1529 1704 ἐξιέναι
1548 1662 1616 1707 τῆς
1635 1656 1706 1694 πό-

143 1720 247 1764 λεως.
281 1717 322 1757 οἵ
350 1716 391 1756 δὲ
423 1718 576 1764 τούτοις
612 1732 649 1756 τε
681 1716 747 1756 καὶ
777 1723 823 1771 τῇ
861 1717 1024 1771 χορηγία
1061 1722 1138 1755 τῶν
1175 1722 1333 1768 τροφῶν
1370 1715 1634 1768 βαρυνόμενοι
1662 1746 1669 1753 .
1698 1748 1705 1756 .

149 1776 429 1829 μετεγίνωσκον
456 1775 645 1816 δεσπότου
671 1775 736 1815 καὶ
756 1775 842 1828 οὐχὶ
862 1776 1064 1828 συμμάχου
1085 1781 1154 1815 τοῦ
1175 1776 1340 1828 Πύρρου
1360 1775 1609 1827 πειρώμενοιε
1636 1775 1707 1813 Ζο-

144 1849 261 1874 naras
274 1849 348 1876 v111
364 1838 387 1874 2
410 1850 447 1886 p.
465 1838 546 1875 109
558 1837 683 1875 Bonn.
713 1834 769 1874 Cf.
790 1836 1026 1874 Plutarchus
1046 1835 1190 1885 Pyrrhi
1209 1848 1238 1873 0.
1264 1836 1314 1873 16
1337 1837 1376 1873 01
1395 1835 1602 1884 Appianus
1627 1847 1706 1873 exc.

146 1895 310 1934 Samnit.
330 1909 345 1933 1
364 1909 401 1945 p.
424 1896 535 1934 37M.
564 1896 652 1934 Huc
676 1897 802 1946 igitur
825 1895 952 1934 refero
972 1896 1019 1933 fr.
1039 1908 1106 1934 vn.
1133 1895 1282 1933 Romae
1301 1895 1464 1943 interea,
1492 1894 1597 1943 quod
1617 1906 1705 1932 con-

145 1955 247 1993 dicio
278 1956 337 1993 rei
362 1955 556 2006 exigebat,
588 1957 815 2005 apparatus,
847 1956 893 1992 ut
923 1955 1062 1992 Florus
1088 1955 1112 1991 l.
1134 1966 1164 1992 0.
1198 1955 1267 2002 ait,
1295 1953 1516 1992 horribilis:
1548 1953 1595 1990 de
1629 1965 1705 2001 quo

144 2015 263 2064 paulo
283 2015 399 2064 plura
419 2014 579 2053 Orosius
598 2028 641 2054 1v
662 2017 699 2063 1,
720 2016 757 2052 2.
771 2015 795 2052 3
814 2013 957 2052 tradit:
978 2014 1118 2052 bellurn
1135 2015 1270 2062 inqens
1290 2016 1461 2051 exortum
1475 2015 1529 2051 est
1541 2006 1706 2065 (Taren-

144 2075 273 2111 tinum
299 2068 427 2127 dicit).
460 2075 658 2112 Romanos
689 2075 756 2122 qui
787 2075 995 2122 quantique
1026 2074 1147 2111 hostes
1179 2074 1533 2120 circumstreperent
1555 2083 1706 2119 perme-

144 2135 275 2172 tientes
305 2134 445 2171 ultima
477 2134 605 2182 adeyit
628 2134 832 2172 necessitas
850 2133 1084 2180 proletarios
1109 2142 1255 2179 quoque
1279 2132 1323 2169 in
1348 2143 1462 2170 arma
1486 2142 1613 2179 coyere
1638 2131 1706 2168 hoc

145 2195 199 2230 est
223 2203 284 2230 eos
309 2194 376 2240 qui
399 2194 443 2230 in
467 2193 560 2230 urbe
584 2204 733 2240 semper
756 2192 1010 2239 sufficiendae
1028 2191 1156 2239 prolis
1181 2201 1302 2229 causa
1325 2191 1517 2229 vacabant
1544 2190 1706 2228 militiae

146 2252 372 2290 adscribere.
399 2250 496 2289 Cum
518 2250 656 2289 Oresio
684 2251 867 2289 convenit
885 2250 1102 2300 Augustini
1127 2249 1174 2287 de
1195 2250 1267 2288 civ.
1289 2249 1353 2287 dei
1371 2262 1418 2287 111
1440 2251 1491 2287 17
1516 2249 1705 2296 narratio,

147 2312 217 2360 qui
247 2310 317 2348 ubi
347 2323 409 2348 res
442 2323 542 2359 quae
573 2311 677 2349 bello
704 2310 918 2348 Tarentino
949 2310 1126 2358 proxime
1155 2308 1439 2347 antecedebant
1464 2308 1706 2358 perstrinxit,

145 2373 226 2408 tum
249 2381 338 2408 vero
362 2371 497 2419 inquit
521 2373 601 2408 tarn
625 2370 748 2408 multa
767 2369 865 2407 bella
884 2369 1023 2416 ubique
1042 2369 1301 2414 crebruerunt,
1325 2371 1368 2406 ut
1386 2369 1521 2416 inopia
1539 2368 1706 2406 rnilitum

139 2430 346 2477 proletarii
369 2430 441 2474 illi,
466 2431 533 2477 qui
558 2441 598 2468 eo
625 2429 725 2477 quod
743 2429 851 2477 proti
873 2428 1087 2476 gignendae
1111 2428 1304 2466 vacabant
1323 2428 1368 2466 ob
1389 2430 1586 2476 egestatem
1604 2427 1706 2465 mili-

145 2491 228 2527 tare
257 2500 335 2526 non
365 2489 532 2527 valentes
562 2490 630 2527 hoc
653 2499 792 2526 nornen
817 2489 1052 2536 acceperant,
1082 2488 1244 2526 militiae
1269 2487 1614 2526 conscriberentur:
1645 2498 1706 2524 ac-

146 2549 243 2586 citus
268 2549 383 2586 etiarn
408 2560 433 2586 a
456 2549 677 2587 Tarentinis
695 2547 871 2596 Pyrrhus
896 2558 964 2585 reoe
985 2545 1174 2586 Graeciae
1198 2549 1288 2585 twnc
1307 2547 1452 2595 inqenti
1468 2547 1596 2595 gloria
1616 2545 1705 2584 cele-

263 2672 293 2719 *)
320 2672 426 2715 Quod
451 2683 595 2707 versum
621 2683 705 2707 ann.
732 2671 795 2706 lib.
816 2671 887 2706 inc.
908 2683 1069 2705 Lxxxvm
1093 2675 1220 2707 eontra
1245 2672 1454 2707 carinantes
1473 2670 1579 2705 verba
1599 2673 1704 2713 atque

147 2721 297 2758 obscena
316 2721 489 2765 profatus
514 2720 575 2754 hic
600 2719 907 2764 interposueram,
933 2718 1068 2763 quibus
1088 2718 1320 2753 Postumium
1340 2717 1541 2763 significari
1561 2715 1704 2758 vellem,

148 2768 211 2812 qui
237 2767 383 2814 legatus
410 2767 458 2801 ad
484 2766 704 2802 Tarentinos
730 2766 864 2800 missus
890 2777 974 2800 cum
999 2766 1046 2800 ab
1072 2765 1118 2800 iis
1143 2766 1345 2801 insultatus
1371 2766 1468 2799 esset
1493 2773 1588 2807 quae
1613 2762 1704 2796 mali

148 2815 280 2849 ominis
312 2816 435 2850 essent
465 2814 512 2849 iis
544 2814 703 2860 regessit
735 2814 899 2858 (Dionys.
931 2812 1050 2848 Halic.
1078 2824 1154 2848 exc.
1175 2826 1237 2847 x1x
1258 2817 1289 2856 5,
1311 2817 1343 2847 6.
1369 2812 1496 2846 Zonar.
1518 2823 1584 2844 v111
1604 2814 1636 2852 2,
1658 2809 1704 2854 3),

148 2872 373 2942 quamquam
397 2861 554 2896 fortasse
579 2862 749 2906 ineptum
773 2872 847 2895 non
874 2862 964 2904 erat,
989 2860 1106 2895 malui
1130 2860 1240 2895 nimis
1265 2861 1407 2895 incerta
1431 2868 1470 2892 re
1496 2858 1534 2892 in
1553 2856 1704 2891 incertis

175 2909 288 2944 aberi.
