2054 3282
689 163 949 199 AMBRACIA.
978 163 1183 199 SABINAE
1638 164 1659 204 1
1666 163 1722 205 89

929 283 964 317 Π

166 343 250 386 367
497 346 539 385 et
566 358 749 398 aequora
775 343 886 386 salsa
910 359 1039 400 veges
1064 343 1311 398 ingentibus
1337 344 1476 385 ventis

922 460 973 494 III

165 520 251 562 368
284 520 399 564 Bene
425 535 591 563 mones:
617 523 709 563 tute
736 521 826 576 ipse
853 523 1071 563 cunctato:
1097 536 1119 563 o
1144 521 1240 562 vide
1266 521 1422 563 fortem
1448 520 1599 563 virum.

171 698 256 739 369
473 713 598 754 agros
625 699 803 740 audaces
830 637 1093 753 depdgulant
1118 697 1228 740 servi
1255 698 1525 740 dominorum
1550 699 1675 740 minis

818 879 1072 923 SABINAE

165 988 252 1029 370
403 987 509 1030 Cum
536 988 673 1043 spolia
698 989 865 1045 generis
891 988 1161 1030 detraxeritis

400 1059 536 1109 Quam
569 1059 892 1114 inscriptionem
919 1059 1108 1101 dabitis?

277 1223 312 1257 11
332 1225 428 1270 (367)
460 1223 603 1258 Nonius
623 1236 658 1269 p.
676 1227 754 1266 183,
770 1228 791 1259 4
808 1224 938 1269 ‘veget
956 1234 1023 1268 pro
1038 1224 1189 1269 vegetat
1201 1222 1259 1256 vel
1273 1223 1385 1268 erigit
1398 1223 1455 1257 vel
1469 1225 1642 1269 vegetum
1659 1224 1725 1258 est.

162 1305 168 1310 .
186 1306 191 1311 .
210 1306 216 1311 .
232 1276 373 1311 Ennius
394 1277 611 1312 ambrachia
625 1279 687 1314 «et
702 1306 707 1311 .
725 1306 730 1311 .
749 1306 754 1311 .
771 1277 890 1312 ventis
911 1277 1072 1323 (vestis
1087 1276 1266 1322 Wolf.)».’
1368 1275 1419 1311 Cf.
1436 1287 1519 1311 ann.
1535 1279 1603 1312 487
1621 1276 1729 1311 ‘Vol-

161 1341 294 1364 canum
314 1331 445 1364 ventus
465 1331 650 1376 vegebat.'

278 1383 329 1417 III
349 1385 444 1429 (368)
482 1383 625 1418 Nonius
644 1396 679 1429 p.
695 1387 775 1427 469,
792 1387 836 1418 24
859 1384 1058 1418 ‘cunctant
1081 1394 1148 1428 pro
1175 1384 1397 1418 cunctantur
1418 1412 1423 1417 .
1442 1412 1447 1417 .
1465 1412 1470 1417 .
1492 1383 1634 1417 Ennius
1662 1395 1728 1418 an-

162 1437 311 1472 brachia
324 1436 442 1473 «bene
458 1465 463 1471 .
482 1465 487 1471 .
506 1466 510 1471 .
528 1438 701 1472 cunctato
723 1438 905 1483 (cuncto
918 1435 1031 1471 Wolf.
1046 1436 1175 1471 Bamb.
1193 1447 1282 1471 corr.
1298 1436 1414 1482 Harl.)
1429 1436 1514 1471 vide
1532 1436 1558 1471 f.
1573 1437 1726 1473 virum».

161 1490 262 1524 idem
275 1490 446 1524 Hectoris
466 1490 573 1535 lytris
589 1491 683 1537 [x1].’

272 1543 324 1578 IV
335 1545 431 1589 (369)
463 1543 607 1578 Nonius
621 1556 656 1589 p.
672 1547 753 1587 471,
770 1547 812 1578 18
830 1543 1009 1589 ‘populat
1021 1545 1078 1578 est
1092 1544 1129 1578 et
1141 1543 1331 1588 passivum
1350 1543 1554 1588 populatur
1569 1572 1574 1577 .
1593 1572 1598 1577 .
1616 1572 1622 1578 .
1638 1543 1727 1578 Cae-

161 1596 268 1631 cilius
290 1625 296 1630 .
314 1625 320 1631 .
343 1598 401 1642 (13
421 1597 478 1642 R.)
500 1597 742 1632 «iamdudum
768 1597 974 1642 depopulat
997 1596 1230 1633 macellum».
1252 1596 1394 1631 Ennius
1417 1597 1617 1632 Ambracia
1636 1599 1727 1643 (am-

159 1649 327 1694 brachia)
349 1660 480 1694 «agros
497 1678 502 1684 .
521 1678 526 1684 .
545 1678 550 1684 .
567 1650 801 1684 dominorum
821 1651 1029 1686 dominis».'

279 1732 486 1766 SABINAE
507 1734 602 1778 (370)
622 1733 738 1768 Iulius
746 1733 875 1768 Victor
890 1737 921 1776 6,
933 1736 955 1767 4
969 1733 1062 1768 rhet.
1077 1734 1157 1768 Lat.
1173 1745 1208 1778 p.
1221 1736 1302 1776 402,
1314 1736 1359 1767 30
1373 1733 1496 1768 Halm.
1510 1733 1520 1750 ‘
1532 1733 1578 1768 ab
1593 1734 1727 1768 eventu

159 1786 199 1820 in
218 1785 412 1830 qualitate,
433 1787 476 1820 ut
495 1785 624 1831 qualia
643 1788 731 1821 sunt
749 1797 794 1822 ea
814 1797 910 1831 quae
924 1788 1125 1821 evenerunt
1138 1788 1205 1821 aut
1218 1797 1314 1831 quae
1328 1786 1525 1821 videantur
1538 1788 1725 1830 eventura,

158 1839 235 1874 tale
248 1839 343 1874 illud
357 1850 505 1884 quoque
518 1840 751 1875 existimetur
764 1851 809 1874 ex
822 1851 895 1885 quo
910 1841 1122 1883 evenerunt,
1132 1841 1176 1875 ut
1190 1839 1338 1874 Sabinis
1351 1839 1494 1874 Ennius
1509 1839 1605 1874 dixit
1619 1851 1726 1876 «cum

159 1904 184 1926 s.
206 1893 329 1938 yenerz'
354 1892 590 1927 detraxeritis
617 1904 729 1938 quam
754 1893 777 1928 i.
799 1893 939 1928 dabitis
948 1894 996 1929 ».’
1162 1893 1264 1936 Quae
1291 1892 1514 1928 Sabinarum
1539 1893 1726 1928 orantium

159 1945 271 1980 verba
290 1945 408 1980 videri
428 1946 476 1980 ad
497 1945 569 1980 Cic.
586 1946 632 1980 de
651 1957 691 1980 re
709 1959 745 1991 p.
760 1959 788 1980 11
810 1950 841 1990 7,
857 1950 899 1980 13
917 1947 1022 1981 ‘cum
1041 1946 1081 1980 T.
1101 1946 1219 1981 Tatio·
1236 1956 1324 1991 rege
1345 1946 1568 1981 Sabinorum
1593 1946 1725 1981 foedus

158 1999 227 2033 icit
255 1999 435 2033 matronis
459 1998 552 2043 ipsis
579 2010 675 2042 quae
700 2001 831 2044 raptae
857 2001 965 2034 erant
989 1999 1203 2034 orantibus'
1226 1999 1422 2034 adnotavit
1440 1999 1482 2033 A.
1506 1999 1640 2044 Maius,
1661 2000 1725 2043 qui

158 2051 299 2096 primus
318 2051 417 2085 hunc
436 2051 549 2086 Ennii
567 2052 691 2086 locum
707 2052 771 2086 ‘ex
791 2052 986 2097 deperdito
1006 2063 1117 2097 opere
1137 2052 1238 2096 quod
1253 2052 1413 2087 Sabinae
1429 2052 1723 2087 inscribebatur'

158 2104 333 2149 protulit3
353 2115 422 2149 ego
442 2115 551 2149 posse
571 2105 617 2139 de
635 2106 831 2150 praetexta
851 2105 1010 2151 cogitari
1029 2105 1163 2150 scripsi
1182 2105 1221 2139 in
1240 2105 1541 2140 mus.Rhen.xv1
1560 2118 1595 2150 p.
1612 2108 1690 2140 580.

157 2312 195 2338 n.
209 2300 244 2338 h.
258 2313 368 2339 xxxv
389 2310 402 2336 1
419 2308 480 2347 15.
500 2300 660 2338 Laehm.
681 2301 734 2338 ad
751 2299 871 2338 Lacr.
885 2313 927 2339 1v
950 2295 1024 2353 53)
1046 2301 1150 2339 cluet
1169 2302 1237 2350 qui
1256 2300 1354 2339 Asia
1378 2301 1463 2339 lata
1488 2312 1569 2339 esse
1590 2302 1722 2339 oriun-

159 2359 230 2398 dus
239 2373 253 2405 ,·
276 2373 347 2408 per
372 2362 506 2410 gentes
523 2371 597 2407 per
616 2371 656 2398 se
673 2361 837 2407 ponitur
855 2360 957 2397 velat
980 2372 1106 2408 neque
1130 2360 1204 2397 hoc
1231 2361 1313 2398 sine
1334 2362 1490 2398 nomine
1509 2361 1633 2398 letum
1652 2374 1723 2410 per

159 2420 295 2468 gentes
322 2419 397 2456 erit
414 2416 512 2456 Aen.
533 2431 575 2456 XI
597 2416 704 2466 847;
724 2431 793 2456 arx
814 2448 822 2456 .
844 2449 850 2455 .
872 2420 1007 2469 gentes
1031 2431 1102 2468 per
1128 2431 1260 2457 omnes
1285 2420 1393 2457 clara
1413 2419 1558 2458 Seneca
1579 2420 1722 2458 Troad.

161 2486 269 2525 479,·
288 2478 428 2515 inclita
446 2491 517 2527 per
535 2479 670 2528 gentes
692 2481 725 2515 et
741 2491 813 2527 per
831 2480 966 2528 gentes
985 2478 1125 2516 inclita
1142 2478 1300 2517 Solinus
1421 2479 1504 2517 367
1526 2479 1589 2517 De
1606 2480 1723 2517 hexa—

157 2540 275 2575 metro
300 2538 344 2574 in
367 2537 517 2584 fabata,
543 2539 578 2575 si
604 2540 659 2575 est
681 2538 906 2582 hexameter,
929 2538 1005 2575 vid.
1024 2538 1076 2575 ad
1094 2549 1192 2576 seen.
1214 2547 1295 2586 292
1426 2539 1510 2576 368
1538 2551 1560 2576 o
1586 2539 1723 2576 addidi

158 2597 458 2644 sententiamque
488 2597 651 2643 explicui
672 2607 841 2643 prooem.
869 2594 977 2632 1888
985 2592 1006 2647 s
1013 2594 1066 2645 89
1087 2609 1129 2644 p.
1147 2595 1195 2643 6,·
1213 2597 1320 2636 Bene
1345 2610 1507 2636 monens
1526 2599 1612 2635 tute
1637 2599 1721 2646 ipse

159 2657 336 2694 cunctat:
357 2667 379 2693 o
398 2655 488 2693 vide
507 2655 767 2694 Buechelerus
893 2656 977 2694 369
998 2658 1115 2695 minis
1127 2668 1205 2705 pro
1224 2657 1392 2695 dominis
1414 2652 1477 2709 (ut
1492 2656 1722 2694 Ribbeckius

159 2715 249 2753 olim
260 2712 487 2765 proposuit)
502 2715 641 2762 scripsi
659 2715 846 2753 sententia
861 2716 917 2753 sie
931 2716 1108 2763 suppleta
1121 2716 1368 2754 dominorum
1381 2716 1498 2753 minis
1511 2715 1602 2753 Non
1616 2727 1720 2753 coer-

159 2774 228 2811 citi
379 2775 464 2812 370
492 2775 646 2824 generis
674 2775 814 2821 scripsi
837 2775 928 2812 otim
953 2786 1039 2813 eum
1062 2775 1165 2813 Iano
1189 2770 1262 2828 (ad
1286 2775 1460 2813 Mam-ob.
1481 2786 1512 2811 11
1528 2786 1570 2821 10.
1595 2782 1645 2821 52
1655 2770 1720 2827 7),-

157 2834 296 2870 iterum
314 2834 357 2871 in
375 2844 472 2871 mus.
487 2833 608 2871 Rhen.
629 2845 699 2872 xv1
710 2827 765 2886 (a.
787 2842 801 2869 1
812 2827 914 2884 861)
927 2845 970 2881 p.
988 2831 1083 2881 580,
1102 2837 1137 2872 et
1145 2835 1338 2882 putabam
1356 2835 1526 2882 quemvis
1544 2835 1721 2871 visurum

159 2903 321 2942 generos
341 2893 435 2931 diei:
454 2894 498 2930 ut
514 2893 654 2931 mirere
671 2893 739 2931 hoe
758 2894 955 2941 tamquam
972 2905 1114 2932 novwm
1133 2905 1179 2932 ae
1196 2896 1389 2942 repertum
1410 2893 1616 2931 identidem
1635 2893 1719 2931 Zaa-
