2054 3282
694 177 954 213 ANNALIUM
979 177 1065 212 LIB.
1087 177 1154 213 VII
1645 177 1703 218 45

877 296 979 332 XVII

146 358 234 401 254
536 358 650 414 legio
682 358 821 400 reddit
852 371 1099 411 murumque
1130 357 1287 413 ruinas,

263 429 366 472 Mox
398 429 562 471 auferre
595 429 743 471 domos
775 428 926 484 populi
958 443 1128 470 rumore
1161 428 1345 470 secundo

867 533 986 568 XVIII

145 594 231 637 256
263 594 378 637 Dum
410 588 582 637 censent
613 597 770 637 terrere
802 594 943 648 minis,
974 594 1202 636 hortantur
1231 594 1322 636 ibei
1353 608 1433 635 sos.

884 698 969 733 XIX

145 760 229 803 257
265 760 488 803 «Fortibus
521 763 585 803 est
616 761 790 803 fortuna
820 760 923 802 viris
956 759 1054 801 data

896 852 963 887 XX

146 914 231 957 258
265 914 389 958 «Non
420 929 586 969 semper
616 916 758 956 vestra
790 913 960 956 evertit:
991 927 1106 955 nunc
1136 912 1330 968 Iuppiter
1361 913 1440 955 hac
1472 916 1566 955 stat.

886 1006 970 1041 XXI

147 1068 232 1112 259
414 1069 638 1124 «quianam
671 1068 797 1111 dictis
830 1068 989 1110 nostris
1022 1068 1235 1110 sententia
1265 1068 1375 1110 fiexa
1406 1068 1498 1110 est?

882 1162 984 1196 XXII

147 1223 234 1265 260
267 1222 530 1278 Sulphureas
562 1223 709 1278 posuit
741 1223 975 1278 spiramina
1005 1222 1133 1265 Naris
1166 1222 1219 1264 ad
1250 1222 1396 1264 undas.

264 1363 366 1398 XVII
386 1365 481 1409 (254)
519 1363 662 1398 Nonius
682 1376 717 1408 p.
734 1366 813 1406 385,
825 1367 867 1398 15
884 1364 1028 1398 ‘rumor
1041 1363 1145 1398 favor
1159 1362 1553 1407 auxiliatio.Virgilius
1567 1362 1630 1396 lib.
1646 1375 1711 1397 v111

146 1418 222 1464 [90]
239 1445 282 1451 ...
297 1417 438 1451 Ennius
453 1416 581 1451 annali
594 1416 719 1451 lib.v11
734 1416 855 1462 «legio
869 1417 1017 1452 redditu
1029 1427 1173 1452 rumore
1186 1416 1313 1450 ruinas
1327 1426 1412 1450 mox
1427 1444 1432 1449 .
1451 1444 1456 1449 .
1475 1444 1480 1449 .
1497 1415 1708 1450 secundo».'

265 1469 383 1504 XVHI
403 1471 498 1515 (256)
537 1470 667 1504 Festus
686 1482 722 1514 p.
741 1473 820 1511 428,
838 1473 880 1504 15
902 1469 967 1504 Th.
998 1470 1077 1504 ‘sos
1102 1480 1169 1514 pro
1197 1480 1258 1504 cos
1285 1469 1431 1513 antiqui
1457 1468 1643 1511 dicebant,
1670 1470 1712 1503 ut

147 1524 287 1558 Ennius
306 1523 330 1557 1.
351 1536 365 1557 1
386 1523 490 1569 [xvn]
513 1524 550 1557 et
568 1522 591 1557 1.
607 1536 649 1557 111
669 1523 732 1569 [v].
754 1523 844 1558 l.v11
865 1523 977 1559 «dum
999 1552 1004 1557 .
1022 1551 1028 1557 .
1046 1551 1051 1557 .
1073 1523 1270 1557 hortantur
1290 1523 1329 1558 be
1349 1532 1441 1557 sos».
1462 1522 1485 1556 1,
1501 1535 1538 1556 XI
1559 1522 1643 1568 [11].’

264 1576 348 1611 XIX
368 1578 463 1622 (257)
496 1576 706 1611 Macrobius
722 1576 795 1611 Sat.
813 1589 849 1611 v1
871 1580 901 1619 1,
918 1580 960 1611 62
982 1577 1161 1611 audentes
1181 1576 1331 1610 fortuna
1345 1576 1449 1610 iuvat
1462 1575 1564 1621 (Aen.
1580 1588 1603 1609 x
1618 1577 1710 1620 284).

147 1630 288 1664 Ennius
307 1630 347 1664 in
367 1629 524 1674 septimo
546 1629 727 1665 «fortibus
749 1657 755 1663 .
773 1658 778 1664 .
797 1658 802 1663 .
825 1630 964 1665 data».’

264 1683 331 1718 XX
341 1683 436 1728 (258)
462 1682 673 1717 Macrobius
685 1683 759 1717 Sat.
770 1696 806 1718 v1
819 1686 903 1725 1,19
920 1683 931 1700 ‘
940 1693 986 1717 ne
1001 1693 1075 1727 qua
1088 1683 1180 1717 meis
1195 1682 1305 1717 dictis
1319 1684 1397 1717 esto
1411 1693 1530 1717 mora:
1546 1682 1713 1727 Iuppiter

145 1737 216 1772 hac
242 1737 318 1771 stat
336 1736 439 1782 (Aen.
455 1749 507 1771 ΧΠ
528 1738 619 1782 565).
647 1736 789 1771 Ennius
815 1736 854 1771 in
873 1749 925 1771 v11
945 1747 1042 1772 «non
1062 1748 1088 1771 s.
1110 1737 1232 1771 vestra
1252 1737 1431 1782 (nostra
1451 1735 1598 1781 Salisb.)
1613 1746 1712 1770 ever-

145 1790 194 1824 tit
215 1818 220 1824 .
238 1819 243 1824 .
262 1819 268 1824 .
290 1790 414 1826 stat».’

265 1843 349 1877 XXI
368 1844 464 1889 (259)
502 1843 633 1878 Festus
651 1856 687 1889 p.
710 1846 789 1886 340,
805 1847 849 1878 30
869 1843 935 1878 Th.
959 1843 1158 1889 ‘quianam
1181 1854 1248 1888 pro
1270 1853 1385 1888 quare
1405 1844 1442 1877 et
1468 1854 1532 1877 cur
1549 1843 1713 1888 positum

148 1898 204 1932 est
223 1897 323 1942 apud
345 1897 518 1942 antiquos
538 1898 581 1931 ut
593 1897 797 1932 Naevium.
815 1925 821 1931 .
839 1926 845 1931 .
861 1898 899 1931 et
911 1897 1073 1932 Ennium
1092 1897 1131 1931 in
1150 1897 1173 1931 1.
1189 1910 1240 1931 vn
1261 1896 1463 1941 «quianam
1484 1924 1490 1930 .
1508 1924 1513 1930 .
1531 1924 1537 1930 .
1559 1896 1582 1930 f.
1605 1896 1710 1931 est».’

147 1950 284 2037 ΡῗΠΙιιε
307 1950 506 1995 ‘quianam
530 1961 597 1996 pro
624 1961 739 1995 quare
765 1952 803 1985 et
829 1962 893 1985 cur
918 1951 1079 1995 ponitur.
1103 1950 1246 1984 Ennius
1273 1949 1495 1994 «quianam.
1514 1977 1543 1983 ..
1565 1949 1588 1983 f.
1605 1949 1709 1983 est»)

197 2032 202 2037 .
227 2007 244 2037 1
275 2007 304 2037 7.

150 2002 175 2038 C
250 2007 366 2091 2ΧΧΠ
379 2058 475 2102 (260)
501 2056 713 2092 Priscianus
727 2070 764 2092 v1
777 2069 812 2102 p.
827 2060 905 2100 223,
918 2061 940 2092 4
953 2056 997 2091 H.
1016 2057 1026 2073 ‘
1036 2056 1114 2091 Nar
1128 2066 1276 2101 quoque
1290 2055 1400 2090 Naris
1415 2054 1713 2100 monosyllabum

147 2204 309 2253 fastigia
328 2202 577 2252 procudendo
594 2203 802 2242 Lucretius
821 2216 846 2242 v
871 2213 885 2239 1
899 2198 1013 2256 265),
1034 2216 1269 2251 quamquam
1292 2205 1405 2242 etiam
1430 2204 1553 2242 hostis
1579 2202 1712 2254 gladio

148 2262 313 2300 deducto
333 2262 536 2300 invaderet
555 2263 703 2301 dicebat
717 2262 866 2301 Gellius
879 2276 905 2301 v
921 2273 959 2311 9,
972 2272 1005 2299 2.
1027 2263 1089 2301 De
1107 2262 1173 2301 filo
1186 2263 1468 2301 Lachmawnus
1488 2263 1540 2301 ad
1553 2262 1671 2301 Luc-r.
1687 2275 1712 2300 v

151 2329 244 2369 571.
275 2321 450 2360 Ceterum
476 2321 680 2360 Gallorum
705 2321 896 2374 μαχαίρας
927 2323 1160 2360 Plutarchus
1185 2323 1318 2360 scribit
1339 2324 1383 2360 iu
1411 2321 1574 2361 Camillo
1602 2332 1669 2368 41,
1688 2331 1709 2369 5

149 2379 216 2419 τὸν
242 2380 407 2433 σίδηρον
433 2379 606 2431 μαλακὸν
630 2380 696 2419 καὶ
721 2384 895 2428 λεπτῶς
915 2379 1153 2432 ἐληλαμένον
1171 2382 1352 2420 habuisse
1474 2382 1557 2420 254
1584 2381 1713 2419 reddit

148 2453 381 2489 murumque
406 2442 545 2488 scripsi
564 2441 597 2478 h.
615 2453 641 2478 c.
660 2441 1002 2485 redditurquUE,
1022 2441 1125 2479 uude
1150 2444 1314 2489 apparet
1332 2442 1398 2489 qui
1416 2444 1512 2479 wala
1531 2442 1582 2479 sa
1600 2442 1712 2479 libro-

149 2511 238 2537 rum
263 2501 458 2547 scriptura
482 2500 640 2537 redditu
664 2513 820 2537 rumore
829 2510 842 2546 ;
863 2499 992 2537 reddit
1017 2499 1231 2549 urbemque
1250 2502 1331 2538 iam
1350 2501 1591 2539 Ribbeckius.
1616 2500 1712 2538 Tota

148 2560 335 2596 sententia
358 2559 437 2605 fuit
460 2560 624 2606 fortasse
649 2561 734 2596 tum
754 2561 903 2596 turrem
922 2559 1024 2609 legio
1044 2559 1173 2597 reddit
1191 2573 1425 2609 murumque
1450 2561 1596 2608 ruinas,
1622 2572 1712 2597 mox

151 2618 301 2655 auferre
327 2617 462 2656 domos
488 2631 524 2667 p.
545 2632 575 2656 r.
597 2630 624 2656 s.
645 2619 751 2656 iussi.
776 2618 871 2656 Vide
890 2630 988 2665 quac
1006 2620 1146 2666 scripse·
1165 2621 1199 2657 et
1218 2620 1330 2657 attuli
1348 2621 1391 2657 in
1416 2620 1522 2657 relat.
1545 2619 1653 2656 acad.
1676 2631 1710 2656 a.

157 2674 263 2712 1888
272 2689 314 2724 p.
331 2675 384 2723 48
486 2678 568 2715 256
590 2677 646 2715 ibi
659 2677 958 2715 Lindemannus
971 2677 1049 2715 ibei
1066 2677 1350 2716 O Muellerus:
1363 2678 1411 2716 be
1515 2678 1598 2716 258
1619 2678 1711 2714 Μα-

150 2736 217 2773 lim
236 2737 371 2774 nostra
391 2738 539 2774 evertet
649 2737 731 2774 259
753 2737 840 2785 heu,
855 2738 1042 2785 quianam
1061 2738 1165 2774 tanti
1185 2739 1389 2775 cinxerunt
1409 2737 1568 2774 aethera
1587 2736 1711 2773 nimbi

148 2796 192 2832 iu
208 2796 361 2833 diversa
380 2797 566 2834 sententia
582 2796 773 2844 Veryilius
783 2794 880 2833 Aeu.
896 2808 921 2834 v
939 2805 953 2831 1
965 2805 1001 2842 3,
1015 2797 1118 2834 uude
1136 2797 1211 2834 heu
1232 2797 1327 2835 addi
1339 2797 1466 2833 Ennii
1484 2797 1613 2833 versui
1632 2797 1711 2833 ius-

150 2857 303 2900 serumst
325 2855 456 2892 eadem
480 2856 666 2893 semmaa
684 2855 785 2892 idem
805 2867 828 2891 x
851 2853 875 2890 6
897 2855 1105 2893 caelicolae
1130 2857 1277 2906 magni,
1304 2857 1491 2904 quianam
1517 2855 1711 2892 sententia

150 2912 260 2950 vobis
280 2925 393 2951 versa
411 2915 515 2951 retro
639 2914 723 2951 260
750 2915 966 2962 spiramina
985 2916 1091 2952 naris
1111 2915 1305 2963 Berylcius
1330 2926 1415 2962 opp.
1436 2926 1451 2950 1
1463 2926 1504 2961 p.
1523 2922 1544 2959 3
1557 2923 1570 2948 1
1586 2923 1618 2958 1,
1646 2915 1711 2961 qui
