2054 3282
330 170 412 212 178
1000 160 1200 197 SCENIOA

1076 279 1128 313 ΠΙ

1025 345 1177 371 ΤΕιΑΜο

325 398 410 440 315
441 398 560 440 More
592 396 769 450 antiquo
796 393 952 435 audibo
980 396 1107 447 atque
1134 392 1248 434 auris
1274 392 1355 434 tibi
1381 395 1530 435 contra
1554 393 1735 435 utendas
1761 393 1882 436 dabo.

1072 496 1124 532 IV

1018 562 1183 589 TELAMO

323 616 408 658 316
440 615 536 670 Ego
564 613 687 655 deum
713 627 847 669 genus
873 626 963 654 esse
990 626 1157 666 semper
1183 611 1271 653 dixi
1297 614 1340 654 et
1365 611 1503 654 dicam
1529 611 1740 667 caelitum,

442 685 524 727 Sed
551 699 622 727 eos
647 699 734 726 non
760 698 907 726 curare
932 682 1098 738 opinor,
1125 683 1229 736 quid
1253 685 1355 739 agat
1378 683 1614 726 humanum
1639 698 1791 740 genus:

321 861 398 884 esse
424 849 489 894 qui
514 848 662 884 fortiter
686 848 780 882 mori
805 848 941 892 posset.
966 859 1040 882 non
1066 847 1212 892 accepit
1237 847 1431 892 tamquam
1456 859 1592 883 novum
1616 847 1790 882 nuntium
1814 847 1883 882 filii

319 904 490 938 mortem:
512 902 602 946 quid
622 902 678 936 est
698 901 796 935 enim
816 901 901 935 novi
921 900 1109 935 hominem
1122 901 1226 943 mori,
1241 901 1346 935 0111118
1359 902 1441 937 tota
1454 901 1531 936 vita
1543 901 1639 936 nihil
1653 901 1757 936 aliud
1770 911 1883 946 quam

320 957 367 990 ad
394 958 550 991 mortem
575 955 647 989 iter
673 955 752 989 est?
772 964 864 999 «ego
886 965 970 989 cum
995 954 1110 1000 genui
1129 955 1209 988 tum
1227 955 1445 990 moritwrum
1464 955 1728 1000 (morituros
1747 954 1882 1000 Berol.)

321 1009 451 1052 scivi»3
470 1009 483 1028 ³
497 1008 630 1043 deinde
658 1008 797 1042 adiecit
815 1018 894 1043 rem
912 1006 1065 1043 maioris
1079 1009 1117 1042 et
1132 1007 1354 1053 prudentiae
1368 1009 1406 1042 et
1420 1008 1536 1043 animi
1549 1010 1611 1045 ((εὴ
1629 1009 1713 1043 huic
1731 1008 1786 1043 rei
1805 1019 1883 1042 sus-

317 1062 421 1098 tuli».
444 1073 569 1097 omnes
589 1061 676 1096 huic
695 1061 749 1096 rei
769 1060 953 1096 tollimur:
975 1061 1144 1106 quisquis
1165 1061 1214 1096 ad
1233 1060 1504 1106 vitam'editur,
1525 1061 1573 1096 ad
1591 1062 1750 1096 mortem
1770 1061 1884 1096 desti-

317 1116 454 1151 natur?
552 1115 688 1150 Fronto
703 1115 750 1149 de
762 1114 862 1150 bello
876 1115 1051 1151 Parthico
1064 1127 1099 1160 p.
1116 1118 1184 1149 217
1197 1114 1293 1150 Nab.
1311 1115 1410 1150 ‘tam
1429 1115 1561 1161 genuit
1579 1116 1729 1161 gentem
1747 1114 1883 1150 Roma-

318 1180 414 1211 nam,
442 1180 559 1213 aequo
587 1169 710 1203 animo
736 1168 881 1213 patitur
907 1169 1033 1204 fatisci
1058 1180 1126 1204 nos
1154 1168 1344 1203 interdum
1370 1170 1408 1203 et
1434 1169 1526 1215 pelli
1555 1170 1593 1204 et
1617 1169 1811 1204 volnerari.
1835 1179 1884 1204 an

318 1224 511 1257 cunctetur
537 1222 583 1256 de
608 1221 793 1256 militibus
820 1223 957 1257 nostris
977 1222 1077 1258 Mars
1102 1223 1211 1267 pater
1229 1221 1297 1257 illa
1320 1222 1443 1257 dicere
1463 1233 1556 1268 «ego
1572 1251 1578 1257 .
1596 1250 1602 1257 .
1620 1251 1626 1257 .
1641 1223 1836 1258 morituros
1855 1233 1882 1256 8.

318 1278 355 1310 et
374 1277 408 1311 ei
426 1276 479 1310 rei
500 1275 644 1318 sustuli,
664 1276 859 1320 praeterea
879 1287 963 1311 cum
982 1276 1030 1311 ob
1050 1277 1171 1311 terrae
1191 1275 1318 1311 orbem
1337 1275 1442 1310 missi
1462 1275 1509 1311 ob
1527 1275 1803 1310 defendendum
1815 1275 1883 1310 im-

317 1329 471 1374 perium,
497 1329 632 1365 scibam
655 1339 715 1363 me
741 1329 781 1363 in
806 1330 997 1373 mortifera
1016 1330 1119 1373 bella,
1139 1341 1215 1365 non
1238 1358 1244 1364 .
1262 1358 1268 1363 .
1289 1329 1471 1365 mittere».
1493 1329 1586 1364 haec
1605 1329 1717 1364 verba
1730 1329 1882 1365 Telamo

317 1382 474 1418 Troiano
498 1382 597 1417 bello
625 1382 670 1416 de
696 1383 773 1417 suis
798 1382 927 1417 liberis
953 1383 1067 1418 semel
1093 1383 1261 1419 elocutus
1288 1384 1354 1426 est,
1375 1382 1475 1417 Mars
1502 1383 1548 1418 de
1566 1382 1745 1418 Romanis
1772 1393 1883 1427 saepe

315 1436 516 1480 multisque
530 1436 569 1470 in
582 1435 692 1470 belh‘s
706 1436 777 1471 hoc
792 1437 956 1472 carmine
968 1449 1057 1472 usus
1072 1437 1155 1472 est.’
1255 1436 1470 1472 Ciceronem
1484 1436 1590 1471 Tusc.
1606 1436 1701 1481 disp.
1716 1449 1759 1470 m
1774 1438 1883 1480 14‚30

317 1491 462 1524 secutus
474 1489 722 1534 Hieronymus
743 1489 850 1534 epist.
865 1493 909 1524 60
921 1490 1100 1536 (epitaph.
1113 1490 1342 1537 Nepotiani),
1355 1494 1375 1525 5
1390 1491 1415 1525 t.
1427 1503 1440 1524 1
1452 1502 1488 1535 p.
1501 1493 1569 1524 332
1584 1488 1610 1524 C
1624 1489 1783 1524 Vallars.
1798 1489 1809 1506 ‘
1818 1488 1884 1523 ubi

316 1543 410 1576 illud
432 1542 478 1577 ab
502 1543 665 1578 infantia
690 1543 856 1577 studium
876 1543 1088 1579 litterarum
1108 1545 1146 1579 et
1163 1544 1410 1589 Anaxagorae
1435 1554 1480 1578 ac
1499 1542 1711 1578 Telamonis
1738 1553 1883 1587 semper

315 1596 470 1630 laudata
490 1596 677 1631 sententia
697 1596 886 1633 «sciebam
904 1608 963 1632 me
984 1597 1157 1643 genuisse
1176 1597 1424 1633 mortalem».'

432 1649 482 1683 III
498 1651 595 1695 (315)
620 1649 764 1685 Nonius
778 1662 814 1695 p.
831 1653 911 1693 505,
924 1654 967 1684 33
985 1651 996 1667 ‘
1006 1651 1144 1686 audibo
1158 1662 1225 1695 pro
1241 1651 1403 1685 audiam.
1419 1650 1561 1684 Ennius
1575 1650 1743 1685 telemone
1758 1660 1882 1686 «more

316 1714 347 1737 a.
369 1703 506 1738 audibo
526 1714 639 1748 neque
653 1704 806 1748 (atque
825 1703 969 1749 Bamb.)
985 1733 991 1738 .
1010 1733 1015 1738 .
1033 1732 1039 1738 .
1061 1704 1220 1739 utendas
1235 1703 1449 1749 (utendos
1469 1703 1614 1750 Bamb.)
1634 1703 1781 1739 dabo».’
1803 1714 1882 1748 pro

316 1756 497 1790 audiam
521 1767 642 1791 more
668 1757 871 1801 antiquo.
893 1756 1064 1792 Ennius
1084 1768 1168 1792 cum
1188 1757 1417 1792 Gothofredo
1437 1756 1495 1792 vel
1516 1756 1704 1802 Scaligero
1726 1756 1883 1799 Quiche-

315 1810 433 1844 ratus:
455 1810 555 1854 quod
575 1810 784 1855 speciosum
801 1811 858 1844 est
871 1810 947 1852 sed,
962 1810 1105 1855 opinor,
1120 1822 1194 1845 non
1206 1810 1413 1855 probabile.
1428 1810 1604 1856 Intelligo
1619 1811 1745 1845 autem
1763 1820 1883 1844 more

317 1863 505 1907 antiquo
527 1863 586 1909 (cf.
602 1862 719 1898 Varro
740 1863 905 1908 Menipp.
921 1866 989 1898 303
1003 1863 1044 1897 B.
1066 1864 1256 1908 antiquo
1283 1874 1418 1906 more,
1433 1863 1554 1898 Plaut.
1575 1864 1654 1897 rud.
1677 1866 1745 1898 625
1764 1873 1883 1898 more

316 1916 524 1961 antiquo)
546 1916 592 1951 de
619 1917 934 1962 communi1more
959 1917 1151 1952 hominum
1177 1916 1357 1961 loquendi
1384 1916 1636 1961 audiendique
1663 1916 1881 1951 commercio

315 1968 534 2003 iunctorum.
549 1969 676 2014 Eurip.
691 1969 879 2004 Heraclid.
897 1972 963 2004 182
978 1969 1135 2016 ὑπάρχει
1150 1971 1215 2015 μὲν
1229 1967 1310 2005 τόδ’
1328 1969 1367 2005 ἐν
1381 1974 1424 2016 τῇ
1439 1975 1484 2016 σῇ
1497 1967 1622 2016 χθονί,
1637 1969 1755 2004 εἰπεῖν
1769 1970 1882 2004 ἀκοῦ-

316 2019 379 2056 σαί
398 2020 430 2056 τ’
449 2022 488 2056 ἐν
507 2021 608 2067 μέρει
627 2020 782 2067 πάρεστι’
802 2036 874 2068 μοι,
896 2023 1017 2068 suppl.
1033 2027 1101 2058 569
1115 2024 1236 2068 κάμοῦ
1256 2037 1325 2058 νυν
1345 2022 1589 2066 ἀντάκουσον,
1610 2023 1643 2058 εἰ
1662 2022 1796 2070 βούλει,
1809 2022 1882 2058 πά-

314 2076 380 2110 λιν.
396 2078 438 2109 Κ.
455 2073 598 2120 κλύοιμ’
617 2075 679 2111 ἄν·
696 2076 740 2111 οὐ
755 2075 825 2121 γὰρ
840 2076 932 2111 ἀλλὰ
946 2079 1006 2112 δεῖ
1023 2079 1157 2112 δοῦναι
1177 2075 1296 2121 μέρος.
1312 2076 1371 2111 Ad
1386 2087 1471 2111 eum
1483 2086 1624 2112 morem
1638 2066 1796 2111 Telamo
1817 2076 1882 2120 qui

316 2128 462 2162 videtur
481 2128 663 2164 Teucrum
684 2130 945 2165 advenientem
965 2130 1085 2165 solum
1105 2131 1143 2164 et
1163 2130 1208 2164 de
1227 2131 1347 2165 morte
1367 2129 1493 2165 Aiacis
1512 2129 1649 2165 referre
1669 2129 1881 2174 cupientem

318 2181 446 2215 audire
466 2192 505 2216 se
525 2183 562 2216 et
580 2182 638 2217 illi
659 2184 789 2218 contra
809 2184 909 2228 quod
930 2183 1061 2218 audiat
1079 2183 1234 2218 reddere
1252 2183 1347 2218 velle
1359 2182 1564 2228 profitetur.
1580 2182 1632 2217 Cf.
1647 2182 1753 2217 relat.
1775 2182 1881 2217 acad.

318 2244 349 2268 a.
364 2237 455 2269 1888
468 2247 503 2279 p.
517 2238 571 2270 34.
587 2235 641 2271 De
652 2236 786 2272 Teucri
799 2237 1014 2272 narratione
1027 2236 1123 2271 nihil
1136 2237 1264 2280 restat,
1279 2237 1344 2272 sed
1358 2236 1481 2281 qualis
1495 2247 1540 2271 ea
1552 2236 1630 2271 fere
1642 2235 1767 2279 fuerit,
1780 2235 1882 2270 haud

316 2287 391 2322 scio
413 2299 460 2322 an
481 2288 647 2333 aliquam
665 2291 811 2334 partem
831 2301 876 2324 ex
889 2290 1102 2326 Telamonis
1121 2301 1297 2336 responso
1316 2289 1490 2335 cognosci
1509 2289 1644 2335 possit:
1665 2289 1750 2324 vide
1770 2289 1818 2324 ad
1832 2301 1878 2323 1v.

433 2341 483 2375 IV
498 2343 592 2387 (316)
620 2342 746 2379 Cicero
762 2344 807 2378 de
823 2344 894 2378 div.
910 2357 938 2378 11
951 2347 1008 2387 50,
1022 2347 1089 2379 104
1105 2344 1288 2389 ‘primum
1301 2343 1372 2379 1100
1386 2343 1550 2378 sumitis:
1572 2343 1603 2377 si
1617 2344 1703 2377 sunt
1717 2342 1756 2377 di
1769 2342 1881 2377 bene-

315 2393 376 2428 fici
395 2393 434 2428 in
453 2394 620 2430 homines
642 2398 737 2431 sunt.
754 2397 837 2442 quis
850 2397 921 2432 hoc
935 2397 1039 2433 vobis
1054 2397 1183 2432 dabit?
1202 2397 1434 2442 Epicurusne
1444 2401 1460 2431 ἱ)
1474 2397 1538 2441 qui
1552 2397 1667 2441 negat
1680 2396 1881 2440 quicquam

315 2447 404 2482 deos
424 2458 492 2482 nec
513 2448 626 2483 alieni
646 2461 775 2485 curare
794 2462 863 2485 nec
884 2451 957 2495 sui3
979 2462 1027 2485 an
1044 2452 1170 2486 noster
1182 2450 1350 2484 Ennius?
1364 2450 1429 2494 qui
1448 2461 1585 2495 magno
1605 2449 1740 2494 plausu
1760 2448 1880 2493 loqui-

314 2501 376 2535 tur
389 2501 622 2537 adsentiente
635 2503 774 2548 populo
786 2515 878 2550 «ego
892 2532 898 2538 .
913 2532 919 2537 .
933 2532 939 2538 .
952 2503 987 2538 h.
1003 2515 1143 2549 genus»
1155 2506 1238 2549 (316
1250 2505 1329 2549 sq.).
1345 2505 1383 2538 et
1396 2503 1548 2548 quidem
1563 2514 1628 2537 cur
1641 2503 1693 2537 sic
1707 2502 1880 2547 opinetur

314 2554 498 2589 rationem
512 2554 658 2589 subicit.
674 2557 740 2591 sed
753 2557 848 2591 nihil
862 2558 919 2592 est
937 2568 1088 2592 necesse
1108 2557 1231 2592 dicere
1251 2567 1347 2602 quae
1368 2558 1558 2591 secuntur:
1579 2557 1726 2591 tantum
1746 2556 1805 2590 sat
1824 2556 1880 2589 est

315 2607 497 2654 intellegi,
511 2608 551 2642 id
566 2619 709 2643 sumere
728 2609 819 2644 istos
839 2622 906 2654 pro
928 2612 1039 2654 certo,
1060 2611 1160 2655 quod
1180 2610 1335 2645 dubium
1355 2611 1704 2654 controversumque
1724 2609 1799 2644 sit!

314 2661 418 2695 Idem
432 2661 478 2696 de
491 2662 567 2696 nat.
584 2661 681 2697 deor.
696 2675 738 2697 111
752 2665 807 2705 32,
825 2666 867 2698 79
884 2663 1057 2699 ‘Telamo
1073 2665 1199 2699 autem
1212 2676 1286 2699 uno
1307 2674 1414 2699 versu
1432 2663 1557 2699 locum
1577 2664 1698 2698 totum
1719 2662 1878 2705 conficit,

435 2833 518 2872 315
543 2832 603 2881 Of.
622 2833 754 2872 Plaut.
773 2834 851 2872 mil.
868 2834 964 2883 qlor.
989 2844 1070 2883 799
1091 2848 1139 2873 110
1158 2849 1219 2873 1110
1240 2834 1400 2873 surdum
1426 2846 1507 2872 esse
1534 2834 1727 2872 arbitrare
1746 2863 1756 2873 .
1775 2862 1786 2874 .
1806 2846 1877 2884 ego

315 2893 418 2929 recte
437 2893 533 2930 meis
554 2893 713 2931 auribus
733 2895 824 2931 utor
