2004 3278
620 191 786 228 NOVAE
812 191 1054 228 EDITIONIS
1081 192 1299 229 SUBSIDIA
1630 194 1740 230 CXLI

182 316 298 354 saepe
318 303 483 342 *difficile
509 303 562 342 sit
586 304 850 343 internoscere
876 318 954 354 qua
980 306 1151 355 quidque
1179 305 1254 343 fide
1287 305 1439 344 citetur.
1473 306 1503 344 I.
1523 306 1572 344 H.
1594 304 1742 345 Onions

181 364 223 401 in
255 376 299 402 eo
324 362 455 402 Nonio
487 375 606 412 quem
638 375 671 400 a.
696 363 819 412 1889,
853 377 929 413 quo
963 377 1064 403 anno
1096 367 1273 403 mortuus
1303 366 1373 413 est,
1404 378 1524 403 manu
1552 365 1743 415 scriptum

182 422 355 472 reliquit,
387 434 582 471 quemque
613 422 732 460 amici
763 423 845 460 eius
878 435 911 460 a.
941 424 1052 461 1895
1086 422 1228 462 Oxonii
1268 424 1459 462 edendum
1496 426 1743 474 curaverunt,

181 484 261 520 tres
287 481 409 520 libros
434 481 582 531 primos
609 481 656 518 de
682 481 959 530 compendiosa
979 481 1158 520 doctrina
1177 483 1392 521 multorum
1412 484 1452 521 et
1470 483 1662 522 bonorum
1683 496 1744 522 co-

182 541 313 579 dicum
340 553 413 590 ope
439 541 646 589 recensuit,
673 552 840 589 quorum
866 540 1084 589 scripturae
1110 541 1416 590 discrepantiam
1449 543 1652 581 commoda
1683 555 1745 580 ra-

181 601 290 638 tione
315 600 357 637 in
377 598 633 637 adnotatione
654 600 846 648 exposuit,
871 601 917 636 ut
936 599 1147 637 dolendum
1166 600 1220 638 sit
1237 600 1339 638 hanc
1358 613 1518 650 operam
1536 602 1746 651 perutilem

182 660 291 709 parti
315 660 474 697 tantum
493 659 627 707 Nonii,
652 670 731 696 non
756 659 911 708 integro
936 658 1141 707 profuisse.
1170 658 1245 696 Sed
1270 660 1304 696 is
1330 672 1484 708 quoque
1509 660 1551 697 in
1570 660 1745 699 versibus

182 719 433 768 potissimum
458 718 591 756 allatis
617 718 734 755 nimis
761 730 877 767 saepe
903 716 979 755 sibi
1004 719 1173 767 sumpsit
1198 719 1243 755 ut
1268 718 1480 769 corrigeret
1499 719 1561 756 vel
1582 721 1662 757 suis
1682 720 1745 757 vel

183 778 322 816 alienis
352 777 524 815 inventis
556 789 656 826 quae
688 776 905 825 depravata
935 776 1115 814 haberet:
1147 776 1248 814 unde
1279 776 1365 815 fieri
1392 790 1470 815 non
1495 778 1627 827 potuit
1652 779 1746 827 quin

182 836 309 874 multa
340 848 465 886 prava
497 837 537 874 et
566 835 789 873 reiectanea
820 848 890 873 suo
921 837 1033 873 textu
1064 837 1264 885 reciperet.
1299 836 1454 875 Tertius
1485 838 1544 875 est
1567 837 1747 875 Muelleri

185 895 351 945 Nonius,
377 907 454 945 quo
481 895 586 933 edito
612 894 695 933 vivi
719 895 970 944 pervenimus
997 896 1041 932 ut
1070 908 1186 944 quem
1217 895 1312 932 olim
1343 908 1443 934 unus
1474 895 1573 934 liber
1603 895 1747 934 modici

183 955 354 993 ambitus
378 954 541 993 tenebat
564 966 668 992 nunc
693 953 844 992 duobus
869 954 1135 992 voluminibus
1162 954 1382 1004 grandioris
1409 955 1557 992 formae
1578 956 1617 992 et
1635 956 1745 993 fasti-

184 1014 294 1052 diosa
318 1014 477 1052 luxuria
501 1014 591 1052 vilis
617 1014 899 1064 grammaticus
924 1014 1138 1062 impressus
1163 1014 1371 1062 prostaret.
1399 1013 1474 1051 Sed
1500 1014 1534 1051 si
1560 1015 1647 1062 quis
1669 1027 1747 1052 non

184 1075 343 1111 externo
370 1072 576 1123 splendore
603 1072 735 1111 oculos
760 1072 999 1123 praestringi
1031 1073 1210 1121 patiatur
1241 1074 1281 1110 et
1310 1073 1414 1110 hunc
1437 1072 1609 1110 Nonium
1640 1074 1747 1111 intus

183 1134 222 1170 et
246 1134 289 1170 in
315 1134 402 1170 cute
428 1133 595 1180 noverit,
619 1131 823 1180 fatebitur,
849 1132 1000 1181 opinor,
1025 1133 1067 1169 in
1093 1144 1244 1170 summa
1270 1132 1328 1169 rei
1351 1132 1452 1169 hauc
1471 1143 1549 1170 non
1569 1144 1650 1170 esse
1670 1132 1746 1170 nisi

183 1191 397 1230 doctiorem
422 1192 643 1230 inscitiam:
669 1204 761 1229 nam
787 1190 893 1240 quod
917 1191 1031 1229 unice
1056 1203 1139 1229 rem
1165 1192 1340 1229 continet
1364 1191 1519 1229 novisse
1545 1191 1674 1239 qualis
1695 1192 1747 1230 sit

182 1251 258 1289 iste
283 1250 436 1289 Nonius
462 1250 655 1290 librorum
681 1250 756 1288 fide
781 1251 1039 1300 propagatus,
1071 1263 1150 1288 non
1174 1250 1356 1288 futilibus
1382 1250 1632 1299 opinionibus
1657 1249 1745 1288 doc-

182 1311 314 1348 torum
345 1310 598 1359 deformatus,
632 1309 674 1348 id
705 1322 783 1348 non
816 1310 1011 1360 contingit
1043 1322 1088 1348 ex
1118 1309 1179 1348 his
1213 1308 1444 1359 ambagibus
1475 1309 1552 1348 nisi
1584 1321 1745 1359 operoso

183 1369 327 1408 labore.

302 1427 484 1467 Gratiore
510 1428 637 1478 specie
663 1428 812 1466 arridet
838 1427 997 1466 Servius
1024 1428 1214 1476 Thilonis‚
1244 1429 1281 1466 ei
1305 1428 1538 1477 praesertim
1563 1427 1626 1465 cui
1651 1428 1746 1465 olim

186 1501 341 1527 necesse
368 1490 454 1526 erat
479 1500 567 1526 cum
592 1487 820 1525 Burmanno
847 1488 1025 1526 evolvere
1050 1487 1225 1535 Lionem,
1249 1488 1287 1524 h.
1309 1499 1339 1525 e.
1361 1499 1449 1525 eum
1469 1487 1658 1524 editorem
1678 1487 1747 1536 qui

186 1547 282 1597 quid
306 1546 589 1597 praestandum
621 1548 723 1586 esset
753 1547 794 1584 in
821 1547 896 1585 hoc
921 1559 1062 1598 genere
1088 1559 1135 1584 ne
1163 1546 1288 1585 obiter
1314 1546 1472 1595 quidem
1497 1546 1744 1595 percepisset.

187 1606 380 1657 Georgius
407 1606 533 1656 Thilo,
566 1606 661 1644 mihi
696 1619 742 1644 ex
773 1606 993 1644 studiorum
1026 1606 1297 1644 communione
1328 1605 1528 1644 Bonnensi
1559 1606 1676 1643 notus
1708 1606 1747 1642 et

185 1666 346 1714 amicus,
372 1666 533 1704 memini
559 1678 647 1704 cum
673 1666 856 1704 tirocinio
883 1667 1019 1704 exacto
1045 1667 1091 1703 ut
1116 1667 1157 1702 in
1182 1665 1330 1703 maiore
1356 1677 1476 1714 opera
1506 1665 1609 1702 vires
1642 1677 1746 1702 exer-

184 1726 289 1763 ceret
313 1725 387 1763 hoc
413 1725 622 1763 consilium
648 1725 829 1775 capiebat
856 1724 985 1763 Servii
1010 1724 1311 1763 commentarios
1330 1723 1581 1774 Vergilianos
1608 1724 1663 1762 sic
1687 1723 1747 1760 uti

183 1797 257 1834 par
282 1785 384 1823 esset
408 1784 643 1823 restituendi
669 1786 709 1823 et
732 1785 981 1834 praeparatis
1007 1783 1187 1822 omnibus
1214 1796 1253 1822 se
1280 1782 1329 1821 ad
1353 1784 1499 1821 itinera
1518 1781 1747 1833 accingebat

183 1843 325 1893 quibus
351 1856 452 1894 quae
478 1856 575 1893 opus
596 1845 725 1882 essent
745 1844 1033 1894 colligerentur.
1059 1843 1192 1893 Atque
1212 1844 1427 1881 instructus
1448 1842 1627 1880 omnibus
1647 1854 1746 1890 quae

183 1902 396 1941 videndum
422 1904 508 1941 erat
532 1915 581 1941 ne
607 1903 785 1942 deessent
810 1903 940 1953 coepit
966 1915 999 1940 a.
1023 1903 1133 1940 1881
1164 1901 1343 1940 Servium
1370 1901 1482 1939 edere
1507 1901 1555 1939 iis
1580 1901 1745 1939 rationi-

182 1962 255 2001 bus
281 1975 381 2011 quae
406 1962 606 2000 hominem
625 1963 950 2012 circumspectum
970 1963 1010 1999 et
1029 1962 1162 1999 omnia
1180 1961 1406 1999 litterarum
1424 1972 1500 1998 usu
1518 1961 1746 1998 metientem

183 2021 390 2059 decebant:
422 2022 461 2059 et
491 2021 582 2059 inde
614 2021 662 2060 ab
686 2021 761 2059 hoc
788 2034 889 2059 anno
914 2034 985 2070 per
1010 2033 1076 2059 sex
1101 2033 1223 2058 annos
1248 2020 1447 2069 proximos
1472 2018 1664 2056 indefesso
1689 2019 1746 2055 la-

183 2080 275 2119 bore
300 2082 476 2131 integros
502 2081 803 2118 commentarios
830 2080 879 2117 ad
905 2081 1039 2117 omnia
1056 2079 1227 2129 Vergilii
1246 2078 1420 2116 carmina
1441 2078 1509 2126 qui
1530 2076 1657 2115 Servii
1676 2089 1744 2114 no-

184 2141 290 2178 mine
316 2140 544 2177 ferebantur
569 2152 640 2177 sua
665 2139 888 2177 recensione
915 2139 1070 2176 exactos
1096 2137 1246 2175 duobus
1272 2136 1538 2176 voluminibus
1564 2137 1604 2174 et
1627 2136 1745 2173 tertio

185 2198 394 2237 dimidiato
419 2198 649 2248 publicavit.
683 2196 790 2242 Quae
815 2197 991 2234 restabat
1020 2209 1112 2246 pars
1146 2197 1272 2234 altera
1302 2196 1413 2233 tertii
1443 2195 1655 2234 voluminis
1687 2206 1744 2232 ce-

185 2259 282 2296 teris
308 2257 599 2296 commentariis
624 2256 879 2307 Vergilianis,
905 2255 1181 2304 Beruensibus,
1205 2254 1508 2302 Veronensibus,
1534 2254 1653 2292 Probi
1677 2265 1744 2292 no-

184 2330 274 2355 men
301 2316 517 2355 ferentibus
550 2316 749 2355 destinata
781 2317 821 2353 et
845 2315 1064 2353 Hermanni
1088 2314 1244 2365 Hageni
1275 2326 1416 2364 operae
1448 2315 1518 2363 qui
1549 2312 1597 2351 ab
1629 2313 1745 2350 initio

184 2377 313 2426 operis
339 2377 465 2414 socius
498 2376 724 2425 assumptus
751 2376 835 2413 erat
865 2374 1015 2422 relicta,
1046 2375 1258 2424 postquam
1287 2373 1401 2411 ambo
1434 2371 1602 2411 editores
1633 2384 1745 2421 prae—

185 2437 384 2474 maturam
410 2436 579 2473 mortem
604 2434 799 2483 obierunt,
825 2433 1038 2471 verendum
1059 2434 1119 2472 est
1137 2445 1186 2471 ne
1205 2445 1285 2470 una
1304 2444 1392 2470 cum
1410 2431 1606 2469 indicibus
1625 2431 1746 2469 totius

186 2495 316 2543 operis
341 2494 642 2544 pernecessariis
668 2494 816 2532 frustra
842 2486 1139 2545 exspectetur.’³‘)
1173 2490 1301 2537 Quare
1330 2491 1430 2529 1111111
1462 2492 1640 2540 superest
1670 2490 1746 2527 nisi

184 2555 230 2591 ut
259 2554 321 2592 his
354 2553 645 2592 commentariis
684 2553 819 2602 quales
850 2551 972 2589 Keilii
1010 2553 1049 2589 et
1082 2551 1322 2590 Herrmanni
1359 2551 1399 2588 et
1435 2551 1559 2600 ipsius
1590 2549 1744 2599 Hageni

187 2612 328 2651 studiis
354 2613 451 2651 editi
476 2614 568 2651 sunt
592 2614 762 2651 utamur.

303 2726 335 2771 *)
360 2725 513 2760 Praeter
544 2723 860 2770 exspectationem
892 2734 1014 2758 meam
1045 2723 1103 2757 his
1130 2723 1275 2768 pridem
1299 2720 1515 2767 perscriptis
1542 2718 1679 2754 accidit
1702 2719 1745 2752 ut

186 2771 302 2807 Servii
319 2772 517 2807 voluminis
537 2772 640 2807 tertii
659 2782 745 2816 pars
766 2771 885 2805 altera
904 2781 1001 2814 quae
1019 2771 1118 2805 hunc
1136 2770 1327 2815 proprium
1339 2769 1499 2802 indicem
1513 2767 1585 2801 fert
1598 2766 1743 2810 Appen-

186 2819 252 2855 diac
271 2819 448 2855 Serviana
473 2824 602 2855 ceteros
615 2823 761 2864 praeter
780 2819 942 2853 Servium
968 2822 1001 2853 et
1018 2818 1155 2853 scholia
1174 2818 1378 2852 Bernensia
1406 2815 1742 2866 Veryiliipommen-

187 2870 318 2902 tatores
335 2868 532 2902 continens.
553 2867 636 2902 Rec.
658 2867 708 2901 H.
723 2866 867 2911 Hayen.
882 2866 1034 2909 Lipsiae
1050 2868 1139 2899 1902
1159 2866 1245 2909 post
1264 2864 1420 2897 mortem
1439 2861 1590 2895 editoris
1610 2859 1743 2893 bibho-

186 2913 296 2958 polae
321 2914 501 2949 beneficio
528 2924 550 2948 a
576 2913 695 2948 doctis
720 2912 932 2947 hominibus
959 2911 1079 2947 adiuti
1105 2912 1143 2946 in
1169 2911 1289 2945 lucem
1308 2908 1497 2954 publicam
1522 2906 1696 2951 prodiret.

1784 2974 1787 3001 ³
