2004 3278
144 1700 209 1725 cap.

227 1699 268 1718 111

290 202 465 238 CLXXIV
799 198 843 234 Π.
870 197 934 232 DE
954 196 1108 232 LIBRIS
1126 195 1359 232 ENNIANIS

281 316 404 363 panis
429 313 597 360 equitum
621 311 777 349 honoris
802 320 935 355 causa,
960 310 1054 357 quia
1078 321 1165 348 cum
1184 309 1344 348 Latinis
1361 309 1547 349 rebellare
1563 310 1844 349 noluissent...

287 374 423 411 civitas
446 372 530 409 sine
553 371 743 419 suffrayio
768 369 873 407 olata.
905 368 960 406 At
985 381 1034 406 ne
1059 381 1250 418 umquam
1274 367 1457 408 fidentius
1481 369 1708 418 iudicemus,
1740 369 1846 408 idem

286 430 423 469 Livius
456 430 575 468 etiam
601 441 703 466 xxm
723 429 791 477 31,
813 429 867 467 10
899 427 1036 466 scribit
1067 431 1102 466 et
1131 428 1177 466 de
1205 429 1379 466 trecentis
1404 429 1592 476 equitibus
1620 428 1846 477 Campanis,

286 491 353 538 qui
376 491 420 527 in
443 488 581 527 Sicilia
605 500 692 527 cum
716 488 793 535 fide
817 487 1019 536 stipendiis
1046 489 1211 526 eme-ritis
1235 487 1403 526 Romam
1425 490 1621 532 venerant,
1646 488 1769 526 latum
1793 488 1846 527 ad

279 549 483 597 populum,
514 551 558 586 ut
587 549 686 587 cives
711 547 883 585 Romani
913 549 1036 585 essent
1061 541 1113 599 (a.
1134 560 1173 584 11.
1194 560 1224 585 0.
1248 541 1362 599 539).
1396 546 1474 584 Sed
1505 550 1666 586 ansa-tas
1690 549 1847 586 mittunt

286 608 332 646 de
356 608 529 646 turribus
556 601 650 660 (vn)
676 606 718 644 in
744 619 822 656 qua
849 607 1139 656 expugnatione
1163 606 1285 654 urbis,
1311 618 1412 655 quae
1437 606 1587 644 multae
1606 606 1766 644 fuerunt
1784 606 1846 645 his

285 666 540 716 temporibus,
558 667 689 704 locum
707 666 850 704 habere
870 678 948 703 non
967 663 1126 714 potuit?
1146 665 1236 704 Non
1256 666 1399 703 certius
1418 665 1593 704 iudicare
1613 666 1707 704 licet
1725 665 1772 704 de
1786 678 1845 704 VI:

285 739 471 777 magnam
502 727 699 764 miseriam
727 726 786 763 ita
812 724 1042 774 describere,
1074 726 1119 762 ut
1144 725 1265 762 etiam
1290 725 1422 763 hostes
1454 725 1504 763 ad
1535 725 1847 764 misericordiam

285 798 442 824 movere
475 785 646 833 dicatur,
684 797 888 823 commune
920 797 1042 834 genus
1083 785 1273 822 sermonis
1312 786 1389 832 est,
1426 785 1530 833 quod
1563 785 1691 822 multa
1727 784 1847 823 habet

286 845 481 894 exempla:
514 845 635 882 Ennii
665 843 785 882 verba
816 844 996 892 cogebant
1019 844 1141 882 hostes
1166 844 1413 882 lacrimantes
1443 847 1487 882 ut
1515 845 1739 882 misererent
1769 856 1845 893 quo

284 905 481 953 pertinere
505 903 633 942 dicam
651 916 730 941 non
749 904 915 953 reperio,
940 903 1019 941 nisi
1039 902 1143 951 quod
1163 904 1203 941 et
1220 903 1293 941 hoc
1313 903 1361 941 de
1380 905 1607 954 expugnata
1624 903 1720 941 urbe
1741 903 1845 941 dica-

285 966 364 1008 tur,
397 976 515 1012 quam
545 963 767 1011 relinquere
800 962 927 1000 coacti
960 962 1212 1000 lacrimantes
1244 962 1437 1013 cogebant
1461 962 1593 1001 hostes
1619 964 1664 1000 ut
1688 963 1845 1000 misere-

285 1024 383 1060 rent.
412 1022 521 1070 Quod
538 1034 614 1070 per
638 1033 840 1060 amoenam
864 1022 997 1060 urbem
1023 1022 1099 1059 leni
1123 1022 1211 1068 fluit
1236 1023 1388 1070 agmine
1412 1023 1557 1068 flumen
1577 1016 1687 1074 (vm)
1713 1021 1846 1059 Lirem

287 1094 368 1120 esse
396 1083 435 1119 et
460 1081 596 1119 urbem
615 1080 849 1130 Minturnas,
877 1093 995 1129 quam
1015 1081 1211 1118 coloniam
1230 1080 1368 1119 Livius
1390 1075 1435 1134 (x
1457 1082 1524 1130 21,
1545 1075 1589 1132 8)
1612 1094 1645 1119 a.
1666 1094 1693 1118 u
1713 1093 1745 1119 0.
1760 1081 1844 1119 458

286 1140 496 1179 deductam
521 1140 656 1189 tradit,
682 1140 835 1178 Merula
855 1141 1077 1189 suspicatus
1098 1141 1157 1178 est
1175 1152 1252 1178 non
1273 1141 1406 1189 inepte
1426 1139 1492 1178 sed
1511 1153 1591 1178 non
1611 1141 1707 1179 satis
1728 1142 1845 1178 certo.

403 1200 583 1249 Denique
601 1201 646 1237 ut
664 1199 765 1237 nihil
781 1200 1135 1249 praetermittatur,
1155 1199 1259 1248 quod
1273 1212 1287 1236 1
1300 1200 1377 1238 feci
1395 1199 1532 1238 Iniioit
1548 1201 1733 1238 inritatus
1752 1202 1849 1238 tenet

285 1271 442 1298 occasus
466 1261 576 1297 iuvat
599 1270 672 1303 res,
697 1260 839 1307 putavi
865 1271 911 1296 ex
936 1259 1132 1308 singulari
1156 1259 1369 1296 certamine
1388 1259 1559 1308 petitum
1579 1270 1673 1307 esse,
1699 1260 1782 1298 sive
1801 1271 1846 1297 eo

287 1331 363 1367 quo
390 1318 432 1355 T.
453 1318 624 1355 Manlius
651 1316 808 1355 Gallum
834 1317 1004 1366 perculit
1030 1319 1069 1355 et
1095 1317 1240 1356 occidit
1267 1312 1423 1370 (Livius
1448 1330 1506 1357 vn
1529 1319 1582 1356 10
1609 1317 1657 1355 ad
1685 1330 1719 1355 a.
1741 1312 1845 1370 393)

286 1379 380 1425 sive,
401 1377 505 1426 quod
524 1377 659 1415 multis
681 1377 727 1414 de
748 1377 877 1415 causis
897 1376 1140 1426 probabilius
1160 1377 1395 1426 existimavi,
1415 1390 1492 1427 quo
1508 1377 1550 1414 T.
1565 1377 1737 1415 Manlius
1757 1390 1846 1415 con-

286 1437 383 1475 sulis
415 1436 521 1474 filius
552 1438 834 1485 provocantem
866 1437 1040 1485 equitem
1075 1436 1343 1475 Tusculanum
1381 1436 1479 1475 vicit
1516 1438 1556 1474 et
1593 1436 1847 1475 obtruncavit

286 1491 442 1549 (Livius
461 1508 535 1535 V111
557 1497 579 1533 7
602 1495 653 1533 ad
672 1508 708 1535 a.
728 1497 825 1543 414,
853 1494 1039 1533 Claudius
1067 1495 1351 1546 Quadrigarius
1377 1496 1482 1546 apud
1510 1494 1682 1534 Gellium
1700 1508 1743 1533 1x
1759 1490 1847 1548 13),

286 1555 393 1605 quod
418 1556 599 1593 accurate
626 1555 783 1593 caderet
806 1556 850 1592 in
874 1555 993 1593 huius
1019 1554 1113 1593 libri
1138 1555 1343 1604 ambitum,
1368 1555 1437 1594 sed
1462 1557 1507 1593 ut
1532 1555 1729 1593 dubitatio
1754 1555 1846 1593 hae-

285 1616 384 1663 reat,
409 1626 550 1652 verene
575 1615 657 1652 eius
684 1626 820 1653 versus
846 1615 1082 1652 sententiam
1107 1615 1333 1663 acceperim.

404 1673 451 1711 In
487 1673 548 1711 his
581 1675 772 1722 quattuor
802 1673 930 1722 libris,
968 1673 1015 1711 de
1048 1673 1189 1722 quibus
1221 1674 1346 1712 adhuc
1378 1673 1548 1724 egimus,
1585 1686 1655 1723 per
1695 1674 1846 1723 amplos

285 1732 417 1771 hiatus
449 1744 496 1770 ac
526 1733 688 1771 lacunas
721 1733 835 1782 quasi
860 1734 1010 1770 incerto
1035 1733 1204 1783 vestigio
1231 1732 1461 1771 erravimus.
1495 1732 1628 1770 Sexti
1656 1733 1846 1781 annalis

286 1791 554 1830 narrationem
584 1804 654 1841 per
690 1791 758 1829 fila
796 1792 989 1840 quaedam
1026 1794 1199 1830 retexere
1231 1794 1350 1841 atque
1382 1793 1523 1841 poetae
1555 1792 1635 1830 vim
1667 1794 1706 1830 et
1737 1793 1845 1843 inge-

286 1851 395 1889 nium
426 1851 571 1889 sentire
603 1851 737 1889 sinunt
767 1851 1002 1901 fragmenta.
1042 1851 1147 1901 Ergo
1180 1864 1226 1889 ex
1255 1864 1361 1896 mea,
1393 1864 1512 1901 quam
1537 1851 1689 1890 Merula
1719 1853 1847 1901 praei-

286 1911 357 1959 vit,
382 1910 639 1960 dispositione
663 1910 755 1948 huic
779 1910 880 1948 libro
900 1910 1131 1959 Pyrrhum
1155 1910 1291 1948 licebit
1308 1910 1530 1949 inscribere.
1556 1910 1710 1959 Pyrrho
1731 1912 1846 1959 enim,

286 1982 356 2007 nec
381 1982 473 2008 vero
500 1970 588 2007 aliis
614 1969 729 2007 rebus
755 1972 912 2018 praeter
931 1969 1128 2018 Pyrrhum
1152 1970 1215 2007 hic
1241 1969 1342 2007 liber
1367 1970 1520 2008 dicatus
1547 1971 1623 2007 est:
1648 1970 1743 2008 licet
1761 1983 1846 2008 ver-

286 2042 385 2077 sum,
412 2030 482 2078 qui
505 2028 638 2078 ipsum
656 2029 800 2078 Pyrrhi
824 2042 978 2077 nomen,
1004 2029 1066 2067 vel
1091 2029 1211 2067 Burri
1233 2042 1340 2067 more
1359 2029 1553 2077 Enniano,
1580 2029 1735 2067 exhibet
1755 2024 1846 2082 (IV),

287 2101 306 2126 e
340 2089 480 2138 quinto
511 2088 664 2126 Nonius
697 2101 734 2137 p.
757 2089 853 2136 226,
875 2089 931 2126 30
962 2088 1204 2136 laudaverit,
1237 2090 1349 2126 cuius
1381 2090 1514 2126 tamen
1544 2088 1773 2127 testimonio
1804 2089 1847 2125 in

286 2149 473 2197 promptu
505 2149 565 2185 est
596 2147 700 2196 quod
732 2149 957 2196 opponatur
987 2147 1107 2196 Festi,
1141 2149 1209 2197 qui
1234 2161 1271 2197 p.
1295 2149 1390 2196 170,
1412 2148 1465 2186 33
1481 2147 1551 2185 Th.
1577 2148 1624 2185 fr.
1651 2160 1708 2197 111,
1742 2147 1847 2197 quod

286 2219 374 2245 cum
399 2207 469 2245 illo
501 2219 694 2256 perquam
718 2206 979 2256 probabiliter
1003 2207 1156 2245 Merula
1182 2208 1397 2256 coniunxit,
1423 2220 1443 2245 0
1462 2220 1504 2246 vl
1524 2207 1660 2245 annali
1688 2208 1846 2246 citavit:

288 2266 438 2304 accedit
464 2265 568 2315 quod
595 2267 715 2304 etiam
740 2266 909 2315 reliqua,
936 2279 1037 2315 quae
1063 2266 1280 2304 afferuntur
1305 2279 1325 2304 e
1351 2269 1472 2315 sexto,
1503 2267 1584 2304 fere
1611 2278 1682 2304 sua
1707 2268 1846 2316 sponte

287 2337 326 2364 se
345 2325 437 2363 huic
457 2328 689 2376 argumento
709 2325 1016 2364 accommodant.
1042 2325 1165 2363 Porro
1186 2325 1380 2374 quidquid
1400 2325 1447 2363 de
1468 2327 1609 2375 quarto
1630 2326 1846 2375 quintoque

286 2383 387 2422 libro
415 2386 621 2433 statuetur,
647 2385 688 2421 in
716 2385 858 2434 quibus
883 2397 963 2422 non
988 2397 1125 2423 vereor
1149 2386 1194 2422 ut
1223 2384 1465 2433 disponendo
1496 2385 1667 2422 multum
1699 2397 1722 2423 a
1754 2396 1846 2424 vero

287 2443 522 2492 deflexerim,
553 2456 576 2481 a
607 2445 775 2493 septimo
806 2444 912 2482 bella
937 2444 1086 2482 Punica
1116 2443 1296 2482 inchoari
1327 2444 1423 2482 satis
1456 2445 1575 2491 certa,
1608 2456 1709 2492 quae
1740 2443 1847 2481 infra

287 2502 500 2552 explicabo,
525 2503 673 2541 indicia
698 2504 929 2541 monstrant.

404 2562 597 2600 Exorsum
630 2574 712 2600 esse
743 2562 889 2600 librum
921 2562 969 2600 ab
1003 2575 1048 2600 00
1075 2575 1191 2611 quem
1217 2562 1389 2611 primum
1413 2562 1530 2611 posui
1555 2573 1683 2611 versu,
1711 2560 1845 2599 Cicero

288 2620 393 2670 apud
418 2620 710 2666 Quintilianum
735 2634 778 2660 v1
799 2622 837 2670 3,
857 2622 925 2670 86,
950 2621 1046 2659 licet
1071 2622 1239 2660 editores
1264 2634 1343 2660 non
1367 2620 1551 2673 viderint,
1577 2633 1656 2659 non
1685 2620 1846 2659 obscure

286 2679 524 2729 prodiderat.
557 2680 669 2718 Unde
697 2681 866 2719 colorem
892 2681 1005 2718 duxit
1029 2682 1075 2728 is,
1107 2693 1130 2718 a
1156 2693 1233 2730 quo
1258 2680 1466 2718 Lucretius
1493 2680 1677 2729 quintum
1702 2680 1748 2717 de
1777 2692 1846 2718 na-

286 2740 377 2777 tura
401 2751 533 2777 rerum
556 2740 717 2788 incepit,
742 2741 829 2787 quis
846 2741 951 2787 potis
977 2743 1031 2778 est
1054 2740 1215 2788 dignum
1226 2740 1389 2788 pollenti
1400 2742 1553 2787 pectore
1573 2751 1727 2777 carmen
1749 2738 1847 2777 Gon-

287 2798 401 2836 dere?
438 2797 495 2836 Cf.
523 2798 643 2835 etiam
674 2799 874 2837 Ausonius
905 2798 1000 2836 Mos.
1029 2799 1112 2836 298
1147 2801 1232 2847 quis
1256 2800 1361 2846 potis·
1392 2799 1614 2836 innumeros
1650 2798 1847 2846 cultusque

286 2857 512 2905 habitusque
542 2859 711 2895 retexens
741 2858 918 2896 Pandere
949 2859 1151 2897 tectonicas
1178 2870 1254 2906 per
1283 2857 1440 2906 sinqula
1463 2857 1634 2905 praedia
1669 2857 1847 2905 formas?

287 2915 393 2966 Ergo
418 2916 510 2954 111110
535 2916 636 2955 libro
663 2917 861 2966 peculiare
885 2916 1083 2966 quoddam
1102 2917 1346 2967 prooemium
1366 2929 1443 2955 non
1463 2915 1601 2965 defuit,
1626 2917 1671 2954 ut
1690 2917 1847 2965 praeter
