2004 3278
681 172 939 208 ANNALIUM
965 173 1052 208 LIB.
1074 174 1090 207 Ι
1636 173 1662 215 9

192 293 236 336 N
238 308 284 336 ec
315 308 405 335 sese
437 293 553 335 dedit
584 293 629 335 in
660 296 934 348 conspectum
966 294 1091 336 corde
1123 294 1302 349 cupitus,

104 365 160 406 49
193 364 460 419 Quamquam
492 364 628 406 multa
659 379 809 407 manus
841 365 894 406 ad
925 364 1031 407 caeli
1062 365 1229 407 caerula
1259 365 1421 420 templa

193 435 436 478 Tendebam
467 435 706 478 lacrumans
738 439 781 478 et
810 435 968 478 blanda
998 450 1101 478 voce
1131 436 1348 478 vocabam.

106 507 159 548 51
194 506 280 549 Vix
312 521 438 563 aegro
471 520 567 548 cum
600 507 725 549 corde
756 521 852 548 meo
885 522 952 548 me
984 521 1158 549 somnus
1189 507 1398 562 reliquit.»

826 599 944 634 XXIX

106 661 163 702 52
196 660 278 703 «Te
310 661 395 703 sale
425 663 529 703 nata
558 674 718 716 precor,
737 660 896 716 Venus,
929 664 971 703 et
1002 661 1196 717 genetrix
1226 661 1360 716 patris
1390 661 1539 715 nostri,

193 731 255 775 Ut
286 747 353 774 me
385 732 436 774 de
467 731 583 774 caelo
615 732 727 774 visas
759 735 942 789 cognata
971 747 1210 788 parumper.

835 825 937 859 XXX

106 886 164 929 54
196 886 362 942 «Teque
392 888 514 941 pater
545 885 744 929 Tiberine
775 889 850 928 tuo
883 901 980 928 cum
1011 886 1187 929 flumine
1219 889 1365 929 sancto

826 979 945 1013 XXXI

107 1040 164 1082 55
197 1039 299 1082 «Ilia
330 1040 400 1083 dia
429 1054 562 1096 nepos
595 1055 699 1095 quas
732 1055 954 1083 aerumnas
986 1040 1181 1082 tetulisti.

107 1171 315 1205 nostrorum
335 1169 393 1204 vel
412 1169 635 1205 Graecorum
654 1170 860 1214 poetarum.
886 1170 1016 1204 narrat
1035 1169 1133 1204 enim
1153 1170 1192 1205 et
1211 1169 1311 1215 apud
1330 1169 1493 1204 Ennium
1506 1169 1669 1205 Vestalis

106 1223 173 1257 illa
193 1224 255 1259 «et
273 1223 348 1257 cita
360 1224 431 1268 (35)
448 1251 453 1257 .
471 1251 477 1257 .
495 1251 500 1257 .
515 1222 668 1267 reliquit
687 1223 809 1268 (51)».’

226 1276 345 1310 XXIX
365 1277 436 1322 (52)
486 1276 629 1311 Nonius
655 1289 689 1321 p.
712 1279 852 1319 378,15
880 1276 1100 1321 ‘parumper
1119 1276 1193 1311 cito
1223 1277 1260 1311 et
1285 1276 1467 1311 velociter.
1489 1275 1670 1321 Virgilius

107 1329 171 1364 lib.
187 1343 223 1364 v1
244 1330 355 1376 [382]
378 1330 519 1364 Ennius
540 1329 667 1364 annali
686 1329 750 1364 lib.
767 1343 779 1363 1
800 1331 859 1366 «te
878 1341 966 1365 saue
990 1334 1075 1365 ueta
1103 1331 1273 1375 <tesene
1301 1330 1407 1364 neta
1432 1329 1562 1374 Paris.)
1587 1340 1669 1374 pre-

109 1394 171 1418 cor
191 1411 196 1417 .
215 1411 220 1417 .
238 1411 243 1418 .
266 1384 427 1428 cognata
453 1384 661 1428 (cognota
689 1383 791 1418 Leid.
813 1383 914 1417 Harl.
935 1395 982 1417 m.
1003 1385 1072 1428 pr.)
1098 1393 1331 1428 parumper».
1353 1382 1453 1417 idem
1472 1382 1512 1417 in
1540 1382 1670 1417 eodem

111 1436 256 1482 [xmn].’

227 1489 327 1523 XXX
348 1491 423 1535 (54)
455 1489 680 1524 -.Macr0bius
707 1489 781 1524 Sat.
803 1503 839 1524 v1
861 1493 891 1532 1,
909 1493 951 1523 12
975 1490 1109 1533 ‘tuque
1130 1499 1151 1524 o
1171 1489 1311 1534 Thybri
1330 1490 1395 1524 tuo
1421 1490 1568 1535 genitor
1588 1500 1670 1524 cum

110 1542 261 1577 flumine
289 1544 417 1577 sancto
447 1543 549 1588 (Aen.
571 1556 635 1582 vm
657 1544 724 1588 72).
761 1543 903 1577 Ennius
931 1543 971 1577 in
999 1556 1012 1577 1
1041 1544 1175 1587 «teque
1196 1571 1202 1576 .
1226 1571 1231 1576 .
1255 1571 1260 1576 .
1284 1543 1461 1578 sancto».’
1584 1542 1671 1577 Por-

109 1595 243 1640 phyrio
262 1595 301 1630 in
326 1595 412 1630 Hor.
437 1607 546 1630 carm.
566 1609 578 1631 1
599 1600 629 1639 2,
647 1599 690 1630 18
713 1596 818 1631 ‘Iliae
839 1597 927 1630 dum
947 1606 985 1631 se
1004 1608 1038 1630 n.
1060 1608 1094 1640 q.
1113 1596 1135 1630 i.
1157 1608 1190 1630 u.
1206 1608 1254 1630 v.:
1285 1595 1355 1630 Ilia
1379 1597 1528 1630 auctore
1551 1595 1670 1631 Ennio

109 1649 148 1683 in
181 1659 327 1683 amnem
359 1648 523 1684 Tiberim
555 1649 658 1684 iussu
686 1649 826 1684 Amulii
857 1650 955 1695 regis
986 1649 1216 1684 Albanorum
1250 1649 1517 1694 praecipitata3
1560 1650 1672 1683 antea

110 1701 208 1736 enim
227 1701 362 1736 Anieni
381 1702 619 1737 matrimonio
639 1702 767 1737 iuncta
787 1704 852 1737 est.
883 1702 989 1748 atqui
1008 1703 1069 1737 hic
1088 1703 1255 1746 loquitur
1274 1702 1382 1746 quasi
1402 1702 1527 1737 Tiberi
1546 1702 1671 1747 potius

109 1755 302 1800 nupserit*
342 1754 394 1789 Cf.
418 1754 563 1790 Servius
592 1755 631 1790 in
657 1756 746 1790 Aen.
768 1770 780 1790 1
807 1760 874 1790 273
906 1757 1057 1791 ‘Remus
1086 1757 1124 1791 et
1147 1756 1302 1791 Romus:
1334 1767 1425 1801 quos
1452 1767 1535 1790 cum
1553 1757 1672 1790 matre

110 1808 280 1842 Amulius
306 1808 548 1853 praecipitari
573 1809 682 1844 iussit
706 1809 745 1844 in
766 1810 940 1845 Tiberim.
967 1811 1048 1844 tum
1075 1811 1118 1844 ut
1142 1809 1296 1853 quidam
1322 1809 1454 1844 dieunt
1471 1809 1580 1844 Iliam
1600 1809 1672 1843 sibi

110 1862 231 1896 Anien
256 1861 348 1896 fecit
370 1872 532 1906 uxorem,
558 1864 601 1896 ut
627 1862 703 1905 alii,
730 1863 828 1898 inter
853 1874 945 1908 quos
970 1863 1158 1906 Horatius,
1186 1863 1355 1897 Tiberis.'
1394 1862 1447 1897 Cf.
1472 1862 1673 1898 Stowasser

112 1915 252 1949 ‘Lexio
274 1915 366 1949 Krit.
390 1926 455 1949 aus
475 1915 668 1961 Porphy1·.'
694 1919 784 1951 1893
804 1929 839 1961 p.
863 1920 906 1950 14
928 1918 1020 1961 (xen.
1041 1917 1164 1951 Austr.
1186 1929 1199 1950 1
1218 1928 1252 1961 p.
1277 1917 1368 1962 152).

227 1968 345 2002 XXXI
360 1970 431 2014 (55)
460 1968 647 2005 Charisius
661 1983 673 2003 1
687 1982 721 2014 p.
738 1973 794 2015 90,
805 1974 848 2004 26
860 1970 902 2004 Κ.
921 1969 1063 2015 ‘neptis
1078 1970 1315 2015 grammatici
1328 1969 1461 2004 nolunt
1474 1969 1550 2004 dici
1565 1997 1570 2003 .
1589 1997 1595 2003 .
1613 1997 1619 2003 .
1635 1970 1673 2004 et

113 2094 269 2132 consilio
289 2093 461 2131 videlieet
480 2094 607 2131 eodem
627 2105 699 2141 quo
718 2105 842 2141 supra
861 2106 894 2132 vv.
917 2092 970 2140 38
992 2094 1104 2138 idem,
1124 2094 1233 2141 infra
1252 2105 1285 2131 v.
1303 2101 1324 2140 5
1337 2103 1350 2128 1
1380 2093 1492 2131 Vina.
1514 2096 1547 2131 et
1566 2094 1673 2141 apud

115 2151 284 2190 Gellium
314 2153 357 2190 in
381 2164 415 2189 v.
444 2160 522 2198 251
538 2162 552 2198 ;
579 2152 625 2199 ef.
646 2155 789 2199 quaest.
809 2152 914 2191 Eun.
936 2165 970 2190 a.
999 2150 1104 2199 1852
1127 2165 1170 2200 p.
1198 2160 1243 2199 17
1377 2153 1431 2190 49
1469 2151 1527 2200 Cf.
1553 2150 1673 2200 Apol-

114 2212 240 2249 lonius
265 2211 387 2249 Rleocl.
414 2223 429 2248 1
458 2208 539 2257 248
573 2210 618 2249 αἵ
641 2208 682 2249 δὲ
707 2214 892 2263 γυναῖκες
917 2210 1040 2250 πολλὰ
1067 2206 1150 2261 μάλ’
1179 2209 1439 2249 ἀθανάτοισιν
1465 2209 1504 2257 ἐς
1530 2209 1673 2263 αἰθέρα

112 2273 240 2323 χεῖρας
270 2267 404 2321 ἄειρον
435 2268 639 2321 εὐχόμεναι
668 2271 702 2307 h.
725 2282 751 2309 e.
779 2269 975 2316 πολλάκις,
1003 2273 1037 2308 et
1059 2271 1116 2309 sie
1139 2282 1253 2318 saepe
1278 2273 1357 2309 tam
1381 2269 1504 2309 πολλά
1526 2269 1674 2309 Graece

113 2360 231 2395 quam
254 2348 382 2385 multa
406 2346 551 2386 Latine
679 2348 730 2385 51
766 2360 854 2385 cum
869 2348 975 2386 Voss.
989 2347 1029 2385 B
1045 2348 1158 2387 Vina.
1172 2349 1260 2386 tum
1275 2348 1380 2386 Voss.
1396 2345 1436 2384 A
1544 2334 1672 2386 somii'

114 2408 305 2479 relinquit
325 2441 419 2468 eorr.
444 2430 555 2469 Vincl.
669 2431 722 2468 52
750 2431 830 2468 sale
850 2432 946 2468 nata
964 2432 1121 2479 scripsi:
1147 2432 1334 2469 saneneta
1415 2429 1472 2478 ΟΥ.
1498 2429 1674 2469 Catullus

116 2488 183 2536 36,
205 2499 219 2524 1
235 2499 248 2524 1
276 2502 298 2527 o
324 2489 503 2528 caeruleo
530 2491 661 2528 creata
686 2491 808 2539 ponto
818 2503 832 2535 ,·
858 2488 1060 2528 Ausonius
1086 2491 1202 2539 epiyr.
1226 2500 1279 2537 34
1293 2502 1336 2538 p.
1361 2498 1441 2538 205
1463 2489 1675 2528 Schenkelii

115 2550 201 2587 orta
227 2549 322 2596 salo,
342 2550 523 2598 suscepta
544 2549 626 2587 salo
725 2548 882 2595 Venus;
907 2549 1143 2588 Plutarchus
1168 2561 1288 2598 symp.
1309 2562 1335 2588 v
1368 2558 1430 2594 10,
1451 2558 1476 2595 4
1498 2543 1606 2599 οἶμαι
1632 2545 1674 2586 δὲ

114 2605 180 2646 καὶ
201 2606 274 2657 τὴν
291 2602 529 2659 Ἀφροδίτην
555 2605 747 2659 ἁλιγενῆ
774 2607 866 2654 τοὺς
888 2606 1052 2658 ποιητὰς
1071 2608 1374 2661 προσαγορεύειν
1478 2608 1558 2647 sale
1578 2609 1674 2645 nata

108 2679 183 2715 per
208 2678 248 2704 se
266 2668 398 2714 posita
418 2669 473 2705 est
490 2668 709 2715 appellatio,
729 2670 773 2705 ut
790 2668 881 2705 nate
901 2666 985 2712 dea,
1012 2669 1100 2706 sata
1121 2668 1258 2712 Nocte,
1278 2667 1452 2705 Anchisa
1477 2667 1672 2716 generate,

116 2726 208 2769 alia,
239 2726 302 2763 eui
326 2727 493 2773 appositi
518 2727 595 2764 loeo
619 2737 758 2764 nomeu
777 2727 969 2771 adhaeret,
989 2727 1091 2765 velut
1109 2727 1202 2765 Iove
1221 2728 1325 2775 nate,
1344 2726 1545 2772 Hercules,
1565 2725 1673 2763 salve

118 2779 277 2837 (Livius
296 2797 311 2822 1
333 2793 371 2835 7,
393 2779 461 2838 10)
471 2795 484 2822 .·
510 2786 613 2824 mule
630 2786 857 2832 intelliyitur·
875 2787 915 2823 te
935 2787 1124 2836 genetrix,
1146 2787 1247 2834 quod
1272 2787 1363 2823 olim
1387 2785 1588 2832 opinabar,
1608 2795 1672 2821 ue-

117 2845 327 2882 eessarium
344 2855 423 2881 uon
443 2856 522 2882 esse
680 2845 732 2881 53
762 2846 930 2894 cognata
948 2846 983 2883 h.
1005 2858 1033 2884 e.
1053 2848 1180 2893 utpote
1199 2847 1372 2893 eoquata,
1392 2846 1434 2881 ut
1452 2843 1674 2892 Hauptium

116 2914 194 2940 uon
211 2903 372 2950 probem
396 2903 570 2953 rogitata
587 2906 864 2951 proponeretem
