2020 3334
320 212 507 248 XXXVIII
878 211 904 246 Ι.
932 210 1158 247 HISTORIA
1183 211 1320 246 ENNII

323 338 423 374 quae
454 324 664 363 trochaicis
696 323 872 362 versibus
904 335 1086 373 expressa
1116 324 1220 371 sunt,
1252 322 1303 362 ad
1334 336 1450 372 quem
1480 326 1702 364 communio
1734 325 1888 363 numeri

324 385 364 422 et
401 382 619 422 sententiae
655 383 795 420 referri
830 382 942 420 iubet
978 382 1100 421 etiam
1136 382 1208 420 illa
1245 395 1346 431 quae
1382 383 1491 421 nullo
1530 385 1687 422 auctore
1723 384 1888 423 laudata

323 445 415 482 511111
439 443 580 490 friyori
603 442 735 480 miscet
759 453 838 491 eqs,
864 454 910 479 ea
936 441 985 479 ab
1010 440 1092 480 illis
1119 440 1277 491 quidem
1303 441 1458 480 diversa
1482 443 1586 491 sunt,
1610 442 1678 482 sed
1703 443 1886 482 Enniana

325 513 406 539 esse
440 513 485 539 ac
515 513 595 539 non
627 501 757 539 nescio
790 501 900 538 6111115
933 501 1105 539 auctoris
1131 500 1361 550 Epicharmi
1392 503 1444 538 ex'
1467 500 1541 539 hac
1570 503 1684 551 parte
1714 502 1888 553 intelligi
1955 536 1957 538 .

327 573 407 598 11011
438 560 581 609 potest.
643 559 780 610 Pergit
812 560 866 598 64
899 562 1004 598 terra
1035 571 1102 608 ops
1134 560 1235 608 quod
1264 560 1325 598 hic
1355 571 1464 598 omne
1494 571 1591 608 opus
1622 563 1657 599 et
1684 561 1757 600 hae
1791 573 1888 610 opus

323 620 375 658 ad
404 619 623 664 vivendum,
655 622 689 658 et
717 619 802 658 ideo
833 620 977 657 dieitur
1001 630 1069 667 ops
1093 621 1216 658 mater
1246 619 1347 668 quod
1372 622 1476 657 terra
1499 622 1632 658 mater.
1669 620 1762 659 haee
1787 621 1888 659 enim

324 675 452 717 ‘terris
486 679 610 727 qentis
641 680 765 717 ommis
789 680 942 726 peperit
972 681 1005 716 et
1034 679 1195 717 resumit
1224 674 1377 723 denuo’,
1413 690 1512 726 quae
1545 679 1614 717 dat
1643 679 1810 724 cibaria,
1846 682 1890 717 ut

323 739 379 776 ait
415 738 591 782 Ennius,
628 749 727 785 quae
763 738 864 785 quod
900 739 1000 786 yerit
1040 739 1172 786 fruyes
1213 736 1335 776 Ceres.
1379 739 1550 786 antiquis
1587 739 1690 776 enim
1722 737 1756 777 Ο
1788 739 1890 786 quod

326 809 431 835 nunc
465 796 513 835 G.
556 797 668 835 Idem
704 797 745 835 hi
781 797 843 835 dei
877 796 1035 835 Caelum
1073 799 1107 835 et
1141 797 1263 835 Terra
1293 797 1446 844 Iupiter
1482 799 1517 835 et
1546 797 1667 842 Iun0,
1698 798 1817 845 quod,
1847 800 1891 836 ut

327 858 384 895 ait
421 857 598 900 Ennius,
631 851 732 894 ‘istie
768 858 822 894 est
851 857 886 894 is
910 856 1063 904 Iupiter
1089 886 1097 894 .
1125 886 1133 893 .
1160 886 1168 894 .
1201 857 1325 894 omnis
1349 853 1484 894 iuvat?
1519 856 1628 904 Quod
1652 857 1740 895 hinc
1765 857 1890 895 omnis

325 918 359 954 et
400 916 471 953 sub
515 915 584 953 hoc
628 915 788 953 eusndem
825 915 1028 963 appellans
1071 915 1164 953 dicit
1206 911 1428 963 ‘divumque
1469 916 1739 964 hominumque
1774 918 1891 964 pater

324 970 418 1013 rex?
482 973 589 1018 Quae
621 973 739 1011 Ennii
778 986 860 1012 esse
897 974 957 1012 bis
994 975 1172 1024 proximo
1209 974 1421 1012 intervallo
1460 974 1633 1013 affirmat
1664 974 1790 1013 Varro
1829 973 1891 1022 (ut

326 1035 383 1072 ait
412 1032 603 1081 Ennius),
640 1034 687 1071 ut
724 1034 930 1072 mittamus
967 1034 1238 1072 hexametrum
1270 1034 1475 1082 divumque
1508 1035 1779 1082 hominumque
1810 1046 1889 1083 eqs,

329 1106 446 1142 quem
471 1092 591 1130 Ennii
623 1104 706 1131 esse
737 1104 840 1130 nunc
870 1105 948 1131 non
980 1092 1126 1131 dicitur
1157 1092 1224 1131 sed
1255 1092 1414 1131 aliunde
1445 1092 1646 1143 cognitum
1678 1094 1747 1141 est,
1779 1105 1825 1131 ea
1851 1094 1891 1130 et

335 1151 531 1190 sententia
569 1153 608 1189 et
644 1164 896 1190 numerorum
934 1165 1058 1202 genus
1095 1152 1306 1201 persuadet
1343 1152 1551 1190 coniuncta
1589 1164 1671 1190 6556
1708 1165 1798 1190 611111
1841 1152 1890 1190 115

330 1224 430 1261 quae
456 1223 575 1260 supra
600 1211 885 1258 Epicharmum
910 1211 1010 1249 dixit
1035 1211 1188 1249 dixisse.
1232 1211 1350 1249 Ratio
1379 1211 1625 1250 concluditur
1643 1211 1691 1250 iis
1712 1224 1813 1260 quae
1835 1212 1888 1249 68

328 1271 466 1309 scribit
491 1264 558 1321 (de
578 1263 691 1322 luna)
711 1271 800 1308 hinc
818 1271 1082 1318 Epicharmus
1102 1270 1229 1308 Ennii
1249 1271 1526 1318 Proserpinam
1545 1282 1692 1318 quoque
1711 1271 1891 1318 appellat,

327 1329 428 1378 quod
446 1330 539 1367 solet
557 1339 636 1367 esse
653 1329 724 1367 sub
745 1331 870 1374 terris,
896 1330 999 1368 dicta
1016 1330 1267 1377 Proserpina,
1292 1329 1393 1377 quod
1418 1331 1509 1368 haec
1533 1332 1576 1367 ut
1599 1341 1755 1377 serpens
1780 1330 1891 1368 modo

326 1390 370 1427 in
406 1389 601 1427 deoeteram
637 1388 748 1426 modo
791 1389 835 1426 in
876 1390 1098 1427 sinisteram
1135 1391 1291 1435 partem
1333 1389 1408 1427 late
1447 1391 1629 1426 movetur.
1673 1388 1746 1427 His
1788 1389 1892 1427 enim

329 1447 487 1486 demum
519 1446 740 1495 conficitur,
778 1448 818 1485 et
849 1460 895 1486 ea
927 1459 1027 1497 quae
1059 1447 1343 1497 Epicharmum
1375 1447 1511 1486 scribit
1541 1447 1685 1486 dixisse
1717 1449 1756 1486 et
1790 1460 1892 1497 quae

329 1520 418 1545 cum
454 1506 534 1545 illis
572 1507 781 1545 coniuncta
813 1506 997 1555 Ennium,
1039 1506 1089 1545 ad
1126 1519 1250 1544 unum
1281 1507 1563 1556 Epicharmum
1595 1507 1715 1544 Ennii
1751 1507 1892 1555 redire,

329 1567 370 1605 in
408 1578 531 1615 eoque
569 1567 741 1604 carmine
779 1567 872 1615 quia
904 1566 1058 1604 Ennius
1090 1566 1373 1615 Epicharmum
1404 1578 1494 1604 suas
1527 1567 1741 1605 sententias
1777 1578 1891 1615 expo-

328 1626 488 1663 nentem
513 1625 618 1672 fecit,
641 1624 780 1673 Varro,
804 1627 851 1662 ut
876 1622 1213 1675 Agamemnonem
1233 1626 1272 1662 et
1290 1625 1470 1663 Medeam
1495 1625 1636 1663 maluit
1663 1638 1783 1674 quam
1809 1637 1890 1663 eas-

330 1684 418 1722 dem
460 1683 685 1735 tragoedias
729 1684 884 1732 afferre‚
928 1685 984 1722 sic
1021 1684 1305 1731 Epicharmum
1347 1684 1410 1721 vel
1447 1684 1730 1731 Epicharmum
1767 1685 1893 1722 Ennii

329 1744 454 1782 dicere
485 1743 622 1781 scribit
651 1743 784 1792 potius
816 1756 934 1793 quam
966 1742 1139 1780 Ennium
1170 1744 1212 1780 in
1243 1743 1491 1792 Epicharmo.

450 1802 618 1840 Restant
642 1813 778 1840 versus
804 1802 893 1851 duo,
924 1802 1149 1840 hexameter
1174 1802 1286 1851 alter,
1318 1802 1419 1840 alter
1444 1803 1700 1852 septenarius,
1733 1803 1892 1840 auctore

330 1861 459 1899 Ennio
485 1862 600 1900 citati
624 1874 683 1900 vn
704 1863 754 1899 71
784 1862 910 1901 decem
941 1862 1087 1900 coelites
1118 1873 1215 1909 quas
1245 1862 1437 1899 montibus
1461 1863 1623 1900 summis
1648 1862 1810 1909 Ripaeis
1835 1863 1892 1909 fo-

333 1921 422 1960 dere
453 1914 545 1972 (sat.
571 1920 645 1958 inc.
671 1914 776 1972 vm),
807 1934 865 1960 v11
885 1921 939 1959 35
971 1921 1109 1959 subulo
1140 1921 1335 1968 quondam
1359 1922 1537 1959 marinas
1555 1923 1716 1968 propter
1741 1921 1894 1959 astabat

326 1981 471 2028 placas
503 1974 596 2032 (sat.
626 1980 702 2017 inc.
727 1975 807 2032 Ἦ),
845 1992 1014 2029 quorum
1045 1980 1241 2018 sententia
1261 1981 1307 2018 et
1336 1980 1463 2018 forma
1495 1993 1540 2018 ea
1573 1981 1632 2018 est
1662 1981 1707 2017 ut
1732 1980 1798 2017 vix
1835 1981 1892 2018 vi-

332 2039 500 2078 deantur
526 2040 678 2089 aptiore
703 2039 788 2077 loco
814 2052 934 2088 quam
959 2039 1001 2076 in
1026 2040 1171 2078 saturis
1190 2039 1294 2089 poni.
1321 2038 1434 2084 Quod
1452 2039 1497 2087 si,
1523 2040 1775 2088 consequitur
1793 2039 1893 2078 Var-

332 2111 467 2137 ronem
498 2111 546 2136 ne
578 2099 731 2136 saturas
764 2098 923 2147 quidem
954 2098 1074 2136 Ennii
1104 2111 1183 2136 non
1214 2099 1406 2148 attigisse.

451 2157 631 2207 Denique
668 2158 787 2195 fallor
822 2159 892 2196 aut
928 2158 1002 2196 hac
1038 2158 1307 2208 recognitione
1344 2157 1615 2196 Ennianorum
1660 2170 1759 2206 quae
1802 2158 1894 2196 sunt

334 2216 441 2266 apud
478 2217 698 2255 Varronem
740 2217 783 2254 in
820 2217 931 2255 libris
970 2217 1016 2255 de
1053 2217 1191 2267 lingua
1227 2216 1372 2254 Latina
1408 2217 1482 2255 hoc
1519 2229 1676 2266 quoque
1715 2216 1894 2264 efficitur,

335 2277 380 2314 ut
419 2275 468 2313 iis
506 2288 607 2324 quae
638 2289 665 2315 v
697 2277 750 2314 86
790 2276 976 2327 leguntur
1012 2271 1079 2328 (de
1116 2270 1337 2327 fetialibus)
1368 2288 1437 2323 per
1473 2277 1540 2314 hos
1572 2277 1686 2314 etiam
1716 2288 1821 2315 nune
1851 2277 1896 2322 fit

334 2335 488 2384 foedus,
535 2335 636 2383 quod
678 2336 782 2383 fidus
819 2336 978 2374 Ennius
1014 2336 1149 2374 scribit
1184 2335 1328 2374 dictum
1365 2329 1457 2387 (inc.
1484 2328 1629 2387 xtvm)
1666 2335 1894 2385 intelligant

336 2394 443 2432 docti
479 2395 657 2432 nostrum
689 2394 862 2432 Ennium
900 2394 988 2433 dici.
1050 2394 1190 2443 Neque
1226 2395 1331 2432 enim
1367 2394 1409 2431 hi
1446 2394 1538 2431 libri
1574 2395 1720 2432 norunt
1757 2394 1893 2440 alium,

338 2455 378 2492 et
407 2454 450 2491 in
481 2453 554 2491 hoc
584 2453 669 2503 ipso
701 2454 802 2492 libro
829 2447 892 2506 (v)
918 2454 1000 2491 iam
1029 2454 1148 2492 toties
1174 2452 1397 2502 appellatus
1424 2454 1483 2491 est
1507 2453 1658 2491 Ennius
1684 2454 1729 2490 ut
1753 2453 1893 2490 mirere

337 2512 466 2551 subito
505 2511 639 2551 eodem
676 2512 833 2551 nomine
870 2513 993 2550 alium
1030 2512 1118 2550 dici.
1163 2511 1335 2550 Ennium
1370 2513 1502 2550 autem
1539 2524 1609 2549 our
1644 2511 1743 2550 talia
1781 2510 1892 2549 dede-

338 2584 423 2610 cere
460 2571 642 2619 dicimus,
681 2584 796 2620 quem
833 2572 1024 2622 originem
1062 2583 1203 2609 vocum
1240 2572 1434 2610 sectatum
1470 2583 1559 2609 cum
1596 2570 1674 2608 alia
1706 2571 1791 2608 tum
1822 2570 1893 2608 illa

340 2696 586 2741 Epicharmus
617 2696 706 2730 dicit
737 2696 779 2730 de
809 2699 923 2731 mente
953 2696 1130 2731 humana:
1168 2695 1303 2730 deinde
1335 2695 1486 2730 subiicit
1516 2706 1660 2730 versum
1691 2693 1893 2739 praemisso

339 2744 410 2785 ait,
442 2742 550 2786 quasi
585 2742 687 2777 dicat
718 2743 772 2777 ait
802 2743 916 2778 enim.-
946 2742 1042 2777 nihil
1068 2743 1167 2777 certe
1198 2741 1412 2777 offensionis
1446 2744 1501 2777 est
1532 2742 1571 2776 in
1606 2741 1718 2776 verbo
1751 2741 1891 2776 addito.

339 2788 529 2835 (Conferas
544 2789 594 2823 sis
615 2789 672 2824 vel
693 2788 784 2824 Gell.
800 2803 861 2824 xix
881 2793 914 2833 8,
928 2790 973 2828 6).
1000 2790 1142 2835 Pergit:
1164 2790 1257 2824 idem
1276 2790 1384 2825 solem
1404 2789 1481 2824 scil.
1503 2790 1602 2833 dicit,
1623 2788 1752 2823 addito
1769 2799 1891 2822 versu:

339 2838 439 2882 isque
464 2840 559 2872 totus
583 2837 711 2872 mentis
735 2841 794 2872 est.
830 2836 961 2881 Neque
991 2836 1113 2871 minus
1144 2837 1244 2872 recte
1274 2837 1369 2872 idem
1398 2838 1506 2872 solem
1532 2847 1643 2881 quam
1669 2846 1780 2880 supra
1805 2836 1895 2870 dicit

341 2885 383 2919 de
408 2888 522 2919 mente
530 2897 542 2926 ,-
568 2883 620 2918 516
645 2884 762 2919 Varro
787 2897 810 2918 v
830 2888 874 2918 23
900 2888 998 2919 terra
1022 2888 1063 2919 ut
1083 2887 1220 2928 putant
1244 2885 1367 2919 eadem
1390 2887 1423 2919 et
1446 2885 1595 2919 humus:
1620 2883 1699 2918 ideo
1725 2884 1894 2918 Ennium

341 2932 383 2965 in
408 2935 541 2966 terram
565 2932 730 2967 cadentes
753 2932 869 2966 dicere
895 2931 1040 2967 ‘cubitis
1063 2932 1253 2975 pinsibant
1276 2931 1438 2966 humum’
1466 2932 1576 2976 (scen.
1603 2932 1696 2974 411).
