<?xml version="1.0" encoding="UTF-8"?>
<!DOCTYPE html PUBLIC "-//W3C//DTD XHTML 1.0 Transitional//EN"
    "http://www.w3.org/TR/xhtml1/DTD/xhtml1-transitional.dtd">
<html xmlns="http://www.w3.org/1999/xhtml" xml:lang="en" lang="en">
 <head>
  <title>
</title>
<meta http-equiv="Content-Type" content="text/html;charset=utf-8" />
  <meta name='ocr-system' content='tesseract 3.04.00' />
  <meta name='ocr-capabilities' content='ocr_page ocr_carea ocr_par ocr_line ocrx_word'/>
</head>
<body>
  <div class='ocr_page' id='page_1' title='image "./ennianaepoesisre00enniuoft/ennianaepoesisre00enniuoft_0191.png"; bbox 0 0 2004 3278; ppageno 0'>
   <div class='ocr_carea' id='block_1_1' title="bbox 704 189 1727 225">
    <p class='ocr_par' dir='ltr' id='par_1_1' title="bbox 704 189 1727 225">
     <span class='ocr_line' id='line_1_1' title="bbox 704 189 1727 225; baseline -0.001 -1"><span class='ocrx_word' id='word_1_1' title='bbox 704 189 964 225; x_wconf 88' lang='lat' dir='ltr'>ANNALIUM</span> <span class='ocrx_word' id='word_1_2' title='bbox 989 189 1076 225; x_wconf 90' lang='lat' dir='ltr'><strong>LIB.</strong></span> <span class='ocrx_word' id='word_1_3' title='bbox 1097 190 1182 225; x_wconf 89' lang='lat' dir='ltr'><strong>VIII</strong></span> <span class='ocrx_word' id='word_1_4' title='bbox 1497 189 1727 225; x_wconf 86' lang='lat' dir='ltr'>CLXXXVII</span> 
     </span>
    </p>
   </div>
   <div class='ocr_carea' id='block_1_2' title="bbox 160 301 1733 2963">
    <p class='ocr_par' dir='ltr' id='par_1_2' title="bbox 160 301 1733 2545">
     <span class='ocr_line' id='line_1_2' title="bbox 286 301 1728 354; baseline 0.001 -14"><span class='ocrx_word' id='word_1_5' title='bbox 286 301 446 341; x_wconf 94' lang='lat' dir='ltr'>Ceterae</span> <span class='ocrx_word' id='word_1_6' title='bbox 471 302 662 352; x_wconf 82' lang='lat' dir='ltr'>reliquiae</span> <span class='ocrx_word' id='word_1_7' title='bbox 688 302 835 341; x_wconf 92' lang='lat' dir='ltr'>bellum</span> <span class='ocrx_word' id='word_1_8' title='bbox 860 304 991 353; x_wconf 91' lang='lat' dir='ltr'>ipsum</span> <span class='ocrx_word' id='word_1_9' title='bbox 1016 304 1232 354; x_wconf 85' lang='lat' dir='ltr'>attingunt,</span> <span class='ocrx_word' id='word_1_10' title='bbox 1258 316 1426 352; x_wconf 90' lang='lat' dir='ltr'>quarum</span> <span class='ocrx_word' id='word_1_11' title='bbox 1445 315 1536 353; x_wconf 90' lang='lat' dir='ltr'>pars</span> <span class='ocrx_word' id='word_1_12' title='bbox 1556 304 1728 341; x_wconf 83' lang='lat' dir='ltr'>maxima</span> 
     </span>
     <span class='ocr_line' id='line_1_3' title="bbox 165 357 1727 415; baseline 0 -15"><span class='ocrx_word' id='word_1_13' title='bbox 165 357 274 414; x_wconf 89' lang='lat' dir='ltr'>(inde</span> <span class='ocrx_word' id='word_1_14' title='bbox 300 374 323 400; x_wconf 89' lang='lat' dir='ltr'>a</span> <span class='ocrx_word' id='word_1_15' title='bbox 348 375 375 401; x_wconf 93' lang='lat' dir='ltr'>v</span> <span class='ocrx_word' id='word_1_16' title='bbox 400 374 524 412; x_wconf 91' lang='lat' dir='ltr'>usque</span> <span class='ocrx_word' id='word_1_17' title='bbox 550 362 599 400; x_wconf 87' lang='lat' dir='ltr'>ad</span> <span class='ocrx_word' id='word_1_18' title='bbox 626 357 699 415; x_wconf 84' lang='lat' dir='ltr'>xx)</span> <span class='ocrx_word' id='word_1_19' title='bbox 727 362 776 400; x_wconf 91' lang='lat' dir='ltr'>ad</span> <span class='ocrx_word' id='word_1_20' title='bbox 802 362 953 400; x_wconf 83' lang='lat' dir='ltr'>cladem</span> <span class='ocrx_word' id='word_1_21' title='bbox 980 361 1233 411; x_wconf 91' lang='lat' dir='ltr'>Cannensem,</span> <span class='ocrx_word' id='word_1_22' title='bbox 1268 363 1308 400; x_wconf 91' lang='lat' dir='ltr'>in</span> <span class='ocrx_word' id='word_1_23' title='bbox 1336 375 1414 412; x_wconf 89' lang='lat' dir='ltr'>qua</span> <span class='ocrx_word' id='word_1_24' title='bbox 1439 363 1612 400; x_wconf 87' lang='lat' dir='ltr'>Ennium</span> <span class='ocrx_word' id='word_1_25' title='bbox 1637 375 1727 412; x_wconf 92' lang='lat' dir='ltr'>pro-</span> 
     </span>
     <span class='ocr_line' id='line_1_4' title="bbox 163 421 1728 471; baseline 0 -12"><span class='ocrx_word' id='word_1_26' title='bbox 163 421 294 459; x_wconf 87' lang='lat' dir='ltr'>babile</span> <span class='ocrx_word' id='word_1_27' title='bbox 320 423 379 459; x_wconf 90' lang='lat' dir='ltr'>est</span> <span class='ocrx_word' id='word_1_28' title='bbox 397 434 475 460; x_wconf 92' lang='lat' dir='ltr'>non</span> <span class='ocrx_word' id='word_1_29' title='bbox 494 433 611 471; x_wconf 89' lang='lat' dir='ltr'>parce</span> <span class='ocrx_word' id='word_1_30' title='bbox 631 423 831 460; x_wconf 86' lang='lat' dir='ltr'>versatum</span> <span class='ocrx_word' id='word_1_31' title='bbox 851 434 945 470; x_wconf 87' lang='lat' dir='ltr'>esse,</span> <span class='ocrx_word' id='word_1_32' title='bbox 970 422 1172 471; x_wconf 86' lang='lat' dir='ltr'>pertinuit.</span> <span class='ocrx_word' id='word_1_33' title='bbox 1194 421 1291 459; x_wconf 89' lang='lat' dir='ltr'>Post</span> <span class='ocrx_word' id='word_1_34' title='bbox 1309 423 1388 460; x_wconf 86' lang='lat' dir='ltr'>tres</span> <span class='ocrx_word' id='word_1_35' title='bbox 1410 422 1539 460; x_wconf 89' lang='lat' dir='ltr'>clades</span> <span class='ocrx_word' id='word_1_36' title='bbox 1560 421 1728 460; x_wconf 87' lang='lat' dir='ltr'>Romani</span> 
     </span>
     <span class='ocr_line' id='line_1_5' title="bbox 163 480 1728 530; baseline 0.001 -12"><span class='ocrx_word' id='word_1_37' title='bbox 163 493 299 519; x_wconf 87' lang='lat' dir='ltr'>rursus</span> <span class='ocrx_word' id='word_1_38' title='bbox 318 480 415 518; x_wconf 87' lang='lat' dir='ltr'>belli</span> <span class='ocrx_word' id='word_1_39' title='bbox 433 480 656 530; x_wconf 88' lang='lat' dir='ltr'>periculum</span> <span class='ocrx_word' id='word_1_40' title='bbox 675 481 912 530; x_wconf 72' lang='lat' dir='ltr'>temptaturi</span> <span class='ocrx_word' id='word_1_41' title='bbox 932 482 1056 519; x_wconf 87' lang='lat' dir='ltr'>socios</span> <span class='ocrx_word' id='word_1_42' title='bbox 1076 480 1248 530; x_wconf 88' lang='lat' dir='ltr'>undique</span> <span class='ocrx_word' id='word_1_43' title='bbox 1270 482 1481 529; x_wconf 86' lang='lat' dir='ltr'>arcessunt,</span> <span class='ocrx_word' id='word_1_44' title='bbox 1507 482 1612 519; x_wconf 81' lang='lat' dir='ltr'>inter</span> <span class='ocrx_word' id='word_1_45' title='bbox 1630 493 1728 530; x_wconf 88' lang='lat' dir='ltr'>quos</span> 
     </span>
     <span class='ocr_line' id='line_1_6' title="bbox 163 534 1727 592; baseline 0.001 -15"><span class='ocrx_word' id='word_1_46' title='bbox 163 540 325 588; x_wconf 90' lang='lat' dir='ltr'>Marsos,</span> <span class='ocrx_word' id='word_1_47' title='bbox 345 539 542 590; x_wconf 85' lang='lat' dir='ltr'>Pelignos,</span> <span class='ocrx_word' id='word_1_48' title='bbox 561 539 745 578; x_wconf 79' lang='lat' dir='ltr'>Vestinos</span> <span class='ocrx_word' id='word_1_49' title='bbox 767 534 842 592; x_wconf 87' lang='lat' dir='ltr'>(v),</span> <span class='ocrx_word' id='word_1_50' title='bbox 870 552 966 589; x_wconf 90' lang='lat' dir='ltr'>quos</span> <span class='ocrx_word' id='word_1_51' title='bbox 987 540 1154 589; x_wconf 90' lang='lat' dir='ltr'>populos</span> <span class='ocrx_word' id='word_1_52' title='bbox 1175 541 1402 578; x_wconf 87' lang='lat' dir='ltr'>coniunctos</span> <span class='ocrx_word' id='word_1_53' title='bbox 1426 541 1582 589; x_wconf 87' lang='lat' dir='ltr'>saepius</span> <span class='ocrx_word' id='word_1_54' title='bbox 1606 542 1727 589; x_wconf 87' lang='lat' dir='ltr'>scrip-</span> 
     </span>
     <span class='ocr_line' id='line_1_7' title="bbox 164 599 1729 647; baseline 0 -10"><span class='ocrx_word' id='word_1_55' title='bbox 164 601 268 637; x_wconf 86' lang='lat' dir='ltr'>tores</span> <span class='ocrx_word' id='word_1_56' title='bbox 301 599 420 637; x_wconf 91' lang='lat' dir='ltr'>etiam</span> <span class='ocrx_word' id='word_1_57' title='bbox 453 599 541 637; x_wconf 88' lang='lat' dir='ltr'>aliis</span> <span class='ocrx_word' id='word_1_58' title='bbox 575 599 844 638; x_wconf 82' lang='lat' dir='ltr'>occasionibus</span> <span class='ocrx_word' id='word_1_59' title='bbox 877 600 1202 647; x_wconf 87' lang='lat' dir='ltr'>commemorant,</span> <span class='ocrx_word' id='word_1_60' title='bbox 1236 599 1346 637; x_wconf 86' lang='lat' dir='ltr'>velut</span> <span class='ocrx_word' id='word_1_61' title='bbox 1377 601 1422 636; x_wconf 91' lang='lat' dir='ltr'>ut</span> <span class='ocrx_word' id='word_1_62' title='bbox 1458 600 1531 637; x_wconf 90' lang='lat' dir='ltr'>hoc</span> <span class='ocrx_word' id='word_1_63' title='bbox 1568 599 1729 637; x_wconf 87' lang='lat' dir='ltr'>afferam</span> 
     </span>
     <span class='ocr_line' id='line_1_8' title="bbox 163 657 1726 707; baseline 0 -11"><span class='ocrx_word' id='word_1_64' title='bbox 163 657 300 697; x_wconf 81' lang='lat' dir='ltr'>Livius</span> <span class='ocrx_word' id='word_1_65' title='bbox 320 671 394 698; x_wconf 83' lang='lat' dir='ltr'>vm</span> <span class='ocrx_word' id='word_1_66' title='bbox 416 659 482 707; x_wconf 85' lang='lat'>29,</span> <span class='ocrx_word' id='word_1_67' title='bbox 504 660 528 696; x_wconf 87' lang='lat'>4</span> <span class='ocrx_word' id='word_1_68' title='bbox 551 660 589 696; x_wconf 90' lang='lat' dir='ltr'>et</span> <span class='ocrx_word' id='word_1_69' title='bbox 608 671 649 695; x_wconf 86' lang='lat' dir='ltr'>1x</span> <span class='ocrx_word' id='word_1_70' title='bbox 667 659 733 706; x_wconf 86' lang='lat'>19,</span> <span class='ocrx_word' id='word_1_71' title='bbox 749 659 774 695; x_wconf 98' lang='lat'>4</span> <span class='ocrx_word' id='word_1_72' title='bbox 801 657 973 705; x_wconf 82' lang='lat' dir='ltr'>(Marsis</span> <span class='ocrx_word' id='word_1_73' title='bbox 997 658 1242 707; x_wconf 74' lang='lat' dir='ltr'>Peliynisqice</span> <span class='ocrx_word' id='word_1_74' title='bbox 1267 670 1313 696; x_wconf 90' lang='lat' dir='ltr'>ac</span> <span class='ocrx_word' id='word_1_75' title='bbox 1340 658 1524 705; x_wconf 72' lang='lat' dir='ltr'>Vestinis)</span> <span class='ocrx_word' id='word_1_76' title='bbox 1550 658 1590 695; x_wconf 90' lang='lat' dir='ltr'>in</span> <span class='ocrx_word' id='word_1_77' title='bbox 1618 658 1726 696; x_wconf 89' lang='lat' dir='ltr'>Sam-</span> 
     </span>
     <span class='ocr_line' id='line_1_9' title="bbox 163 717 1727 767; baseline 0.001 -12"><span class='ocrx_word' id='word_1_78' title='bbox 163 719 307 755; x_wconf 87' lang='lat' dir='ltr'>nitium</span> <span class='ocrx_word' id='word_1_79' title='bbox 325 718 452 765; x_wconf 88' lang='lat' dir='ltr'>bellis,</span> <span class='ocrx_word' id='word_1_80' title='bbox 477 717 579 755; x_wconf 88' lang='lat' dir='ltr'>unde</span> <span class='ocrx_word' id='word_1_81' title='bbox 600 718 634 756; x_wconf 90' lang='lat' dir='ltr'>si</span> <span class='ocrx_word' id='word_1_82' title='bbox 653 717 752 754; x_wconf 86' lang='lat' dir='ltr'>nihil</span> <span class='ocrx_word' id='word_1_83' title='bbox 773 717 881 755; x_wconf 88' lang='lat' dir='ltr'>aliud</span> <span class='ocrx_word' id='word_1_84' title='bbox 901 717 973 755; x_wconf 91' lang='lat' dir='ltr'>hoc</span> <span class='ocrx_word' id='word_1_85' title='bbox 993 717 1230 767; x_wconf 83' lang='lat' dir='ltr'>perspicitur</span> <span class='ocrx_word' id='word_1_86' title='bbox 1250 719 1400 766; x_wconf 90' lang='lat' dir='ltr'>quanto</span> <span class='ocrx_word' id='word_1_87' title='bbox 1421 730 1535 767; x_wconf 89' lang='lat' dir='ltr'>opere</span> <span class='ocrx_word' id='word_1_88' title='bbox 1556 718 1628 756; x_wconf 90' lang='lat' dir='ltr'>hae</span> <span class='ocrx_word' id='word_1_89' title='bbox 1648 720 1727 756; x_wconf 89' lang='lat' dir='ltr'>tres</span> 
     </span>
     <span class='ocr_line' id='line_1_10' title="bbox 164 775 1727 828; baseline 0 -13"><span class='ocrx_word' id='word_1_90' title='bbox 164 778 299 828; x_wconf 86' lang='lat' dir='ltr'>gentes</span> <span class='ocrx_word' id='word_1_91' title='bbox 318 776 423 814; x_wconf 91' lang='lat' dir='ltr'>inter</span> <span class='ocrx_word' id='word_1_92' title='bbox 442 788 481 814; x_wconf 93' lang='lat' dir='ltr'>se</span> <span class='ocrx_word' id='word_1_93' title='bbox 501 777 658 814; x_wconf 90' lang='lat' dir='ltr'>iunctae</span> <span class='ocrx_word' id='word_1_94' title='bbox 678 776 835 814; x_wconf 87' lang='lat' dir='ltr'>fuerint.</span> <span class='ocrx_word' id='word_1_95' title='bbox 864 775 939 814; x_wconf 85' lang='lat' dir='ltr'>Sed</span> <span class='ocrx_word' id='word_1_96' title='bbox 961 777 1079 814; x_wconf 83' lang='lat' dir='ltr'>Ennii</span> <span class='ocrx_word' id='word_1_97' title='bbox 1099 789 1255 815; x_wconf 84' lang='lat' dir='ltr'>versum</span> <span class='ocrx_word' id='word_1_98' title='bbox 1275 778 1320 814; x_wconf 91' lang='lat' dir='ltr'>ut</span> <span class='ocrx_word' id='word_1_99' title='bbox 1340 777 1389 814; x_wconf 88' lang='lat' dir='ltr'>ad</span> <span class='ocrx_word' id='word_1_100' title='bbox 1407 776 1509 815; x_wconf 90' lang='lat' dir='ltr'>hanc</span> <span class='ocrx_word' id='word_1_101' title='bbox 1527 790 1610 814; x_wconf 89' lang='lat' dir='ltr'>rem</span> <span class='ocrx_word' id='word_1_102' title='bbox 1629 778 1727 815; x_wconf 89' lang='lat' dir='ltr'>refe-</span> 
     </span>
     <span class='ocr_line' id='line_1_11' title="bbox 164 830 1726 888; baseline 0.001 -15"><span class='ocrx_word' id='word_1_103' title='bbox 164 849 250 874; x_wconf 91' lang='lat' dir='ltr'>ram</span> <span class='ocrx_word' id='word_1_104' title='bbox 270 849 358 874; x_wconf 87' lang='lat' dir='ltr'>cum</span> <span class='ocrx_word' id='word_1_105' title='bbox 377 836 566 885; x_wconf 85' lang='lat' dir='ltr'>Polybius</span> <span class='ocrx_word' id='word_1_106' title='bbox 587 830 637 888; x_wconf 80' lang='lat' dir='ltr'>(n</span> <span class='ocrx_word' id='word_1_107' title='bbox 659 830 732 884; x_wconf 78' lang='lat'>24)</span> <span class='ocrx_word' id='word_1_108' title='bbox 752 848 813 874; x_wconf 88' lang='lat' dir='ltr'>me</span> <span class='ocrx_word' id='word_1_109' title='bbox 833 837 976 885; x_wconf 88' lang='lat' dir='ltr'>movet,</span> <span class='ocrx_word' id='word_1_110' title='bbox 996 837 1065 885; x_wconf 89' lang='lat' dir='ltr'>qui</span> <span class='ocrx_word' id='word_1_111' title='bbox 1085 835 1151 874; x_wconf 80' lang='grc' dir='ltr'><em>ἴνα</em></span> <span class='ocrx_word' id='word_1_112' title='bbox 1171 833 1374 886; x_wconf 81' lang='grc' dir='ltr'><em>συμφανὲς</em></span> <span class='ocrx_word' id='word_1_113' title='bbox 1394 831 1450 874; x_wconf 82' lang='grc' dir='ltr'>ἐπ’</span> <span class='ocrx_word' id='word_1_114' title='bbox 1466 834 1597 874; x_wconf 80' lang='grc' dir='ltr'><em>αὐτῶν</em></span> <span class='ocrx_word' id='word_1_115' title='bbox 1615 834 1726 887; x_wconf 83' lang='grc' dir='ltr'><em>γένη-</em></span> 
     </span>
     <span class='ocr_line' id='line_1_12' title="bbox 168 889 1728 948; baseline 0 -15"><span class='ocrx_word' id='word_1_116' title='bbox 168 910 230 933; x_wconf 90' lang='grc' dir='ltr'><em>ται</em></span> <span class='ocrx_word' id='word_1_117' title='bbox 255 900 331 933; x_wconf 84' lang='grc' dir='ltr'>τῶν</span> <span class='ocrx_word' id='word_1_118' title='bbox 357 894 480 948; x_wconf 74' lang='grc' dir='ltr'><em>ἔργων</em></span> <span class='ocrx_word' id='word_1_119' title='bbox 505 892 655 945; x_wconf 79' lang='grc' dir='ltr'><em>ἡλίκοις</em></span> <span class='ocrx_word' id='word_1_120' title='bbox 677 889 860 945; x_wconf 82' lang='grc' dir='ltr'><strong><em>Ἀννίβας</em></strong></span> <span class='ocrx_word' id='word_1_121' title='bbox 887 892 1069 945; x_wconf 81' lang='grc' dir='ltr'><em>ἐτόλμησε</em></span> <span class='ocrx_word' id='word_1_122' title='bbox 1094 894 1318 947; x_wconf 79' lang='grc' dir='ltr'><em>πράγμασιν</em></span> <span class='ocrx_word' id='word_1_123' title='bbox 1343 893 1554 933; x_wconf 81' lang='grc' dir='ltr'><strong><em>ἐπιθέσθαι</em></strong></span> <span class='ocrx_word' id='word_1_124' title='bbox 1587 895 1728 945; x_wconf 88' lang='lat' dir='ltr'>quibus</span> 
     </span>
     <span class='ocr_line' id='line_1_13' title="bbox 166 954 1726 1004; baseline 0.001 -12"><span class='ocrx_word' id='word_1_125' title='bbox 166 955 335 993; x_wconf 88' lang='lat' dir='ltr'>Romani</span> <span class='ocrx_word' id='word_1_126' title='bbox 366 955 489 1004; x_wconf 89' lang='lat' dir='ltr'>copiis</span> <span class='ocrx_word' id='word_1_127' title='bbox 522 954 673 993; x_wconf 86' lang='lat' dir='ltr'>civibus</span> <span class='ocrx_word' id='word_1_128' title='bbox 706 956 745 992; x_wconf 89' lang='lat' dir='ltr'>et</span> <span class='ocrx_word' id='word_1_129' title='bbox 777 954 891 993; x_wconf 88' lang='lat' dir='ltr'>sociis</span> <span class='ocrx_word' id='word_1_130' title='bbox 924 955 1000 992; x_wconf 90' lang='lat' dir='ltr'>niti</span> <span class='ocrx_word' id='word_1_131' title='bbox 1030 956 1233 1004; x_wconf 90' lang='lat' dir='ltr'>potuerint</span> <span class='ocrx_word' id='word_1_132' title='bbox 1269 956 1488 1003; x_wconf 88' lang='lat' dir='ltr'>enumerat,</span> <span class='ocrx_word' id='word_1_133' title='bbox 1524 956 1566 993; x_wconf 93' lang='lat' dir='ltr'>in</span> <span class='ocrx_word' id='word_1_134' title='bbox 1597 955 1645 993; x_wconf 88' lang='lat' dir='ltr'>iis</span> <span class='ocrx_word' id='word_1_135' title='bbox 1675 956 1726 993; x_wconf 84' lang='lat'>12</span> 
     </span>
     <span class='ocr_line' id='line_1_14' title="bbox 165 1009 1729 1067; baseline 0.001 -16"><span class='ocrx_word' id='word_1_136' title='bbox 165 1013 348 1067; x_wconf 84' lang='grc' dir='ltr'><em>Μάρσων</em></span> <span class='ocrx_word' id='word_1_137' title='bbox 375 1011 415 1052; x_wconf 80' lang='grc' dir='ltr'>δὲ</span> <span class='ocrx_word' id='word_1_138' title='bbox 441 1012 506 1052; x_wconf 85' lang='grc' dir='ltr'><em>καὶ</em></span> <span class='ocrx_word' id='word_1_139' title='bbox 526 1013 823 1066; x_wconf 80' lang='grc' dir='ltr'><em>Μαρρουκίνων</em></span> <span class='ocrx_word' id='word_1_140' title='bbox 849 1012 913 1052; x_wconf 80' lang='grc' dir='ltr'><em>καὶ</em></span> <span class='ocrx_word' id='word_1_141' title='bbox 937 1013 1206 1065; x_wconf 78' lang='grc' dir='ltr'><em>Φερεντάνων,</em></span> <span class='ocrx_word' id='word_1_142' title='bbox 1232 1012 1285 1051; x_wconf 78' lang='grc' dir='ltr'>ἔτι</span> <span class='ocrx_word' id='word_1_143' title='bbox 1312 1009 1348 1051; x_wconf 78' lang='grc' dir='ltr'>δ’</span> <span class='ocrx_word' id='word_1_144' title='bbox 1376 1012 1596 1052; x_wconf 83' lang='grc' dir='ltr'><em>Ούεστίνων</em></span> <span class='ocrx_word' id='word_1_145' title='bbox 1622 1012 1729 1060; x_wconf 81' lang='grc' dir='ltr'><em>πεζοὶ</em></span> 
     </span>
     <span class='ocr_line' id='line_1_15' title="bbox 166 1070 1729 1125; baseline -0.001 -13"><span class='ocrx_word' id='word_1_146' title='bbox 166 1070 236 1125; x_wconf 83' lang='grc' dir='ltr'>μὲν</span> <span class='ocrx_word' id='word_1_147' title='bbox 260 1075 340 1123; x_wconf 79' lang='grc' dir='ltr'><em>κτλ,</em></span> <span class='ocrx_word' id='word_1_148' title='bbox 365 1075 451 1111; x_wconf 91' lang='lat' dir='ltr'>tum</span> <span class='ocrx_word' id='word_1_149' title='bbox 476 1074 644 1112; x_wconf 85' lang='lat' dir='ltr'>maxime</span> <span class='ocrx_word' id='word_1_150' title='bbox 671 1071 792 1111; x_wconf 84' lang='lat' dir='ltr'>Silius</span> <span class='ocrx_word' id='word_1_151' title='bbox 820 1072 889 1122; x_wconf 90' lang='lat' dir='ltr'>qui</span> <span class='ocrx_word' id='word_1_152' title='bbox 915 1073 1050 1112; x_wconf 90' lang='lat' dir='ltr'>eadem</span> <span class='ocrx_word' id='word_1_153' title='bbox 1074 1073 1369 1123; x_wconf 87' lang='lat' dir='ltr'>opportunitate</span> <span class='ocrx_word' id='word_1_154' title='bbox 1395 1073 1465 1112; x_wconf 89' lang='lat' dir='ltr'>has</span> <span class='ocrx_word' id='word_1_155' title='bbox 1491 1075 1626 1124; x_wconf 86' lang='lat' dir='ltr'>gentes</span> <span class='ocrx_word' id='word_1_156' title='bbox 1648 1073 1729 1122; x_wconf 87' lang='lat' dir='ltr'>ple-</span> 
     </span>
     <span class='ocr_line' id='line_1_16' title="bbox 165 1133 1731 1182; baseline 0 -11"><span class='ocrx_word' id='word_1_157' title='bbox 165 1133 253 1171; x_wconf 89' lang='lat' dir='ltr'>nius</span> <span class='ocrx_word' id='word_1_158' title='bbox 274 1133 488 1182; x_wconf 86' lang='lat' dir='ltr'>descriptas</span> <span class='ocrx_word' id='word_1_159' title='bbox 508 1134 682 1171; x_wconf 87' lang='lat' dir='ltr'>recenset</span> <span class='ocrx_word' id='word_1_160' title='bbox 701 1146 774 1172; x_wconf 92' lang='lat' dir='ltr'>v111</span> <span class='ocrx_word' id='word_1_161' title='bbox 795 1134 878 1171; x_wconf 84' lang='lat'>495</span> <span class='ocrx_word' id='word_1_162' title='bbox 907 1135 947 1171; x_wconf 88' lang='lat' dir='ltr'>at</span> <span class='ocrx_word' id='word_1_163' title='bbox 965 1134 1146 1172; x_wconf 82' lang='lat' dir='ltr'>Marsica</span> <span class='ocrx_word' id='word_1_164' title='bbox 1157 1134 1282 1181; x_wconf 86' lang='lat' dir='ltr'>pubes</span> <span class='ocrx_word' id='word_1_165' title='bbox 1303 1154 1356 1159; x_wconf 82' lang='lat'>——</span> <span class='ocrx_word' id='word_1_166' title='bbox 1378 1134 1624 1181; x_wconf 72' lang='lat' dir='ltr'>coniunyitur</span> <span class='ocrx_word' id='word_1_167' title='bbox 1643 1144 1731 1171; x_wconf 87' lang='lat' dir='ltr'>acer</span> 
     </span>
     <span class='ocr_line' id='line_1_17' title="bbox 165 1187 1730 1245; baseline -0.001 -15"><span class='ocrx_word' id='word_1_168' title='bbox 165 1193 348 1239; x_wconf 69' lang='lat' dir='ltr'>Peliynus</span> <span class='ocrx_word' id='word_1_169' title='bbox 376 1193 575 1241; x_wconf 73' lang='lat' dir='ltr'>yelidoque</span> <span class='ocrx_word' id='word_1_170' title='bbox 605 1194 712 1240; x_wconf 90' lang='lat' dir='ltr'>rapit</span> <span class='ocrx_word' id='word_1_171' title='bbox 734 1191 917 1230; x_wconf 83' lang='lat' dir='ltr'>Sulmone</span> <span class='ocrx_word' id='word_1_172' title='bbox 943 1193 1109 1231; x_wconf 76' lang='lat' dir='ltr'>cohortes</span> <span class='ocrx_word' id='word_1_173' title='bbox 1135 1187 1260 1245; x_wconf 77' lang='lat'>(510)</span> <span class='ocrx_word' id='word_1_174' title='bbox 1286 1214 1344 1218; x_wconf 89' lang='lat'><strong>—</strong></span> <span class='ocrx_word' id='word_1_175' title='bbox 1369 1193 1476 1230; x_wconf 81' lang='lat' dir='ltr'>haucl</span> <span class='ocrx_word' id='word_1_176' title='bbox 1500 1193 1579 1230; x_wconf 87' lang='lat' dir='ltr'>ullo</span> <span class='ocrx_word' id='word_1_177' title='bbox 1611 1193 1730 1230; x_wconf 80' lang='lat' dir='ltr'>levior</span> 
     </span>
     <span class='ocr_line' id='line_1_18' title="bbox 167 1246 1729 1304; baseline -0.001 -14"><span class='ocrx_word' id='word_1_178' title='bbox 167 1253 274 1291; x_wconf 86' lang='lat' dir='ltr'>bellis</span> <span class='ocrx_word' id='word_1_179' title='bbox 301 1252 457 1290; x_wconf 85' lang='lat' dir='ltr'>Vestina</span> <span class='ocrx_word' id='word_1_180' title='bbox 477 1253 654 1290; x_wconf 81' lang='lat' dir='ltr'>iuventus</span> <span class='ocrx_word' id='word_1_181' title='bbox 672 1253 830 1300; x_wconf 74' lang='lat' dir='ltr'>aymina</span> <span class='ocrx_word' id='word_1_182' title='bbox 857 1252 1031 1290; x_wconf 70' lang='lat' dir='ltr'>densae-it</span> <span class='ocrx_word' id='word_1_183' title='bbox 1052 1246 1187 1304; x_wconf 79' lang='lat'>(515).</span> <span class='ocrx_word' id='word_1_184' title='bbox 1216 1251 1445 1290; x_wconf 86' lang='lat' dir='ltr'>Adveniunt</span> <span class='ocrx_word' id='word_1_185' title='bbox 1465 1252 1616 1300; x_wconf 85' lang='lat' dir='ltr'>equites</span> <span class='ocrx_word' id='word_1_186' title='bbox 1637 1246 1729 1304; x_wconf 75' lang='grc' dir='ltr'>(Ἦ),</span> 
     </span>
     <span class='ocr_line' id='line_1_19' title="bbox 166 1310 1730 1360; baseline -0.001 -12"><span class='ocrx_word' id='word_1_187' title='bbox 166 1310 413 1349; x_wconf 87' lang='lat' dir='ltr'>Numidaene</span> <span class='ocrx_word' id='word_1_188' title='bbox 432 1310 669 1349; x_wconf 86' lang='lat' dir='ltr'>Hannibalis</span> <span class='ocrx_word' id='word_1_189' title='bbox 696 1324 745 1349; x_wconf 89' lang='lat' dir='ltr'>an</span> <span class='ocrx_word' id='word_1_190' title='bbox 765 1311 945 1360; x_wconf 84' lang='lat' dir='ltr'>Romani,</span> <span class='ocrx_word' id='word_1_191' title='bbox 972 1312 1059 1360; x_wconf 87' lang='lat' dir='ltr'>quis</span> <span class='ocrx_word' id='word_1_192' title='bbox 1084 1311 1158 1349; x_wconf 91' lang='lat' dir='ltr'>hoc</span> <span class='ocrx_word' id='word_1_193' title='bbox 1185 1311 1355 1359; x_wconf 80' lang='lat' dir='ltr'>dirimat,</span> <span class='ocrx_word' id='word_1_194' title='bbox 1382 1313 1420 1348; x_wconf 89' lang='lat' dir='ltr'>et</span> <span class='ocrx_word' id='word_1_195' title='bbox 1445 1312 1576 1348; x_wconf 88' lang='lat' dir='ltr'>utrum</span> <span class='ocrx_word' id='word_1_196' title='bbox 1597 1311 1638 1348; x_wconf 93' lang='lat' dir='ltr'>in</span> <span class='ocrx_word' id='word_1_197' title='bbox 1657 1311 1730 1348; x_wconf 88' lang='lat' dir='ltr'>hac</span> 
     </span>
     <span class='ocr_line' id='line_1_20' title="bbox 166 1369 1729 1421; baseline -0.001 -13"><span class='ocrx_word' id='word_1_198' title='bbox 166 1383 300 1421; x_wconf 86' lang='lat' dir='ltr'>pugna</span> <span class='ocrx_word' id='word_1_199' title='bbox 335 1383 385 1408; x_wconf 90' lang='lat' dir='ltr'>an</span> <span class='ocrx_word' id='word_1_200' title='bbox 420 1372 462 1408; x_wconf 90' lang='lat' dir='ltr'>in</span> <span class='ocrx_word' id='word_1_201' title='bbox 499 1371 696 1419; x_wconf 86' lang='lat' dir='ltr'>prioribus</span> <span class='ocrx_word' id='word_1_202' title='bbox 729 1369 941 1408; x_wconf 88' lang='lat' dir='ltr'>Cannensi:</span> <span class='ocrx_word' id='word_1_203' title='bbox 981 1370 1047 1408; x_wconf 88' lang='lat' dir='ltr'>sed</span> <span class='ocrx_word' id='word_1_204' title='bbox 1082 1370 1183 1408; x_wconf 85' lang='lat' dir='ltr'>nihil</span> <span class='ocrx_word' id='word_1_205' title='bbox 1213 1370 1390 1420; x_wconf 88' lang='lat' dir='ltr'>impedit.</span> <span class='ocrx_word' id='word_1_206' title='bbox 1430 1369 1648 1408; x_wconf 87' lang='lat' dir='ltr'>Varronem</span> <span class='ocrx_word' id='word_1_207' title='bbox 1679 1369 1729 1407; x_wconf 88' lang='lat' dir='ltr'>ad</span> 
     </span>
     <span class='ocr_line' id='line_1_21' title="bbox 166 1429 1729 1480; baseline -0.001 -13"><span class='ocrx_word' id='word_1_208' title='bbox 166 1430 359 1480; x_wconf 87' lang='lat' dir='ltr'>proelium</span> <span class='ocrx_word' id='word_1_209' title='bbox 391 1429 544 1467; x_wconf 86' lang='lat' dir='ltr'>fervida</span> <span class='ocrx_word' id='word_1_210' title='bbox 574 1430 797 1468; x_wconf 83' lang='lat' dir='ltr'>temeritate</span> <span class='ocrx_word' id='word_1_211' title='bbox 828 1431 1081 1479; x_wconf 88' lang='lat' dir='ltr'>proruentem</span> <span class='ocrx_word' id='word_1_212' title='bbox 1111 1429 1259 1467; x_wconf 86' lang='lat' dir='ltr'>Paulus</span> <span class='ocrx_word' id='word_1_213' title='bbox 1292 1429 1424 1467; x_wconf 86' lang='lat' dir='ltr'>studet</span> <span class='ocrx_word' id='word_1_214' title='bbox 1456 1441 1602 1467; x_wconf 86' lang='lat' dir='ltr'>arcere:</span> <span class='ocrx_word' id='word_1_215' title='bbox 1642 1430 1729 1478; x_wconf 88' lang='lat' dir='ltr'>quis</span> 
     </span>
     <span class='ocr_line' id='line_1_22' title="bbox 168 1483 1730 1541; baseline -0.001 -14"><span class='ocrx_word' id='word_1_216' title='bbox 168 1490 271 1527; x_wconf 89' lang='lat' dir='ltr'>enim</span> <span class='ocrx_word' id='word_1_217' title='bbox 296 1490 337 1526; x_wconf 93' lang='lat' dir='ltr'>in</span> <span class='ocrx_word' id='word_1_218' title='bbox 363 1489 424 1527; x_wconf 90' lang='lat' dir='ltr'>his</span> <span class='ocrx_word' id='word_1_219' title='bbox 443 1500 614 1537; x_wconf 75' lang='lat' dir='ltr'>praecox</span> <span class='ocrx_word' id='word_1_220' title='bbox 632 1501 772 1537; x_wconf 70' lang='lat' dir='ltr'>puyna</span> <span class='ocrx_word' id='word_1_221' title='bbox 798 1492 851 1527; x_wconf 88' lang='lat' dir='ltr'>est</span> <span class='ocrx_word' id='word_1_222' title='bbox 877 1483 971 1541; x_wconf 84' lang='lat' dir='ltr'>(vn)</span> <span class='ocrx_word' id='word_1_223' title='bbox 999 1490 1038 1526; x_wconf 87' lang='lat' dir='ltr'>et</span> <span class='ocrx_word' id='word_1_224' title='bbox 1064 1491 1207 1527; x_wconf 84' lang='lat' dir='ltr'>certare</span> <span class='ocrx_word' id='word_1_225' title='bbox 1233 1489 1401 1527; x_wconf 86' lang='lat' dir='ltr'>abnueo:</span> <span class='ocrx_word' id='word_1_226' title='bbox 1425 1491 1548 1527; x_wconf 90' lang='lat' dir='ltr'>metuo</span> <span class='ocrx_word' id='word_1_227' title='bbox 1574 1489 1730 1537; x_wconf 73' lang='lat' dir='ltr'>leqioni-</span> 
     </span>
     <span class='ocr_line' id='line_1_23' title="bbox 169 1542 1730 1600; baseline -0.001 -14"><span class='ocrx_word' id='word_1_228' title='bbox 169 1550 238 1586; x_wconf 85' lang='lat' dir='ltr'>bus</span> <span class='ocrx_word' id='word_1_229' title='bbox 264 1549 388 1586; x_wconf 87' lang='lat' dir='ltr'>labem</span> <span class='ocrx_word' id='word_1_230' title='bbox 408 1542 518 1600; x_wconf 82' lang='lat' dir='ltr'>(vm)</span> <span class='ocrx_word' id='word_1_231' title='bbox 545 1560 623 1586; x_wconf 90' lang='lat' dir='ltr'>non</span> <span class='ocrx_word' id='word_1_232' title='bbox 650 1550 839 1598; x_wconf 85' lang='lat' dir='ltr'>agnoscat</span> <span class='ocrx_word' id='word_1_233' title='bbox 863 1548 979 1586; x_wconf 91' lang='lat' dir='ltr'>Pauli</span> <span class='ocrx_word' id='word_1_234' title='bbox 1004 1547 1244 1586; x_wconf 88' lang='lat' dir='ltr'>laudabilem</span> <span class='ocrx_word' id='word_1_235' title='bbox 1265 1560 1399 1586; x_wconf 87' lang='lat' dir='ltr'>curam</span> <span class='ocrx_word' id='word_1_236' title='bbox 1420 1549 1459 1586; x_wconf 90' lang='lat' dir='ltr'>et</span> <span class='ocrx_word' id='word_1_237' title='bbox 1479 1546 1730 1585; x_wconf 75' lang='lat' dir='ltr'>cautionem?</span> 
     </span>
     <span class='ocr_line' id='line_1_24' title="bbox 169 1602 1731 1660; baseline -0.001 -15"><span class='ocrx_word' id='word_1_238' title='bbox 169 1607 224 1645; x_wconf 90' lang='lat' dir='ltr'>Cf.</span> <span class='ocrx_word' id='word_1_239' title='bbox 246 1606 382 1646; x_wconf 84' lang='lat' dir='ltr'>Livius</span> <span class='ocrx_word' id='word_1_240' title='bbox 403 1620 487 1645; x_wconf 83' lang='lat' dir='ltr'>xxn</span> <span class='ocrx_word' id='word_1_241' title='bbox 509 1608 576 1655; x_wconf 85' lang='lat'>44,</span> <span class='ocrx_word' id='word_1_242' title='bbox 600 1609 621 1645; x_wconf 82' lang='lat'>7</span> <span class='ocrx_word' id='word_1_243' title='bbox 648 1608 712 1646; x_wconf 88' lang='lat' dir='ltr'>ille</span> <span class='ocrx_word' id='word_1_244' title='bbox 739 1602 924 1660; x_wconf 86' lang='lat' dir='ltr'>(Paulus)</span> <span class='ocrx_word' id='word_1_245' title='bbox 949 1609 985 1646; x_wconf 90' lang='lat' dir='ltr'>si</span> <span class='ocrx_word' id='word_1_246' title='bbox 1009 1608 1103 1656; x_wconf 76' lang='lat' dir='ltr'>quid</span> <span class='ocrx_word' id='word_1_247' title='bbox 1120 1609 1305 1656; x_wconf 81' lang='lat' dir='ltr'>proiectis</span> <span class='ocrx_word' id='word_1_248' title='bbox 1331 1620 1376 1646; x_wconf 89' lang='lat' dir='ltr'>ac</span> <span class='ocrx_word' id='word_1_249' title='bbox 1394 1608 1563 1655; x_wconf 83' lang='lat' dir='ltr'>proditis</span> <span class='ocrx_word' id='word_1_250' title='bbox 1589 1607 1642 1645; x_wconf 84' lang='lat' dir='ltr'>ad</span> <span class='ocrx_word' id='word_1_251' title='bbox 1672 1609 1731 1645; x_wconf 86' lang='lat' dir='ltr'>in-</span> 
     </span>
     <span class='ocr_line' id='line_1_25' title="bbox 167 1667 1731 1716; baseline -0.001 -11"><span class='ocrx_word' id='word_1_252' title='bbox 167 1668 381 1706; x_wconf 75' lang='lat' dir='ltr'>consultam</span> <span class='ocrx_word' id='word_1_253' title='bbox 400 1669 511 1715; x_wconf 77' lang='lat' dir='ltr'>atque</span> <span class='ocrx_word' id='word_1_254' title='bbox 533 1667 792 1715; x_wconf 80' lang='lat' dir='ltr'>improvidam</span> <span class='ocrx_word' id='word_1_255' title='bbox 804 1679 984 1716; x_wconf 73' lang='lat' dir='ltr'>puynam</span> <span class='ocrx_word' id='word_1_256' title='bbox 1003 1667 1214 1716; x_wconf 73' lang='lat' dir='ltr'>leyionibus</span> <span class='ocrx_word' id='word_1_257' title='bbox 1234 1667 1430 1711; x_wconf 84' lang='lat' dir='ltr'>accideret,</span> <span class='ocrx_word' id='word_1_258' title='bbox 1448 1678 1488 1705; x_wconf 89' lang='lat' dir='ltr'>se</span> <span class='ocrx_word' id='word_1_259' title='bbox 1509 1668 1634 1705; x_wconf 84' lang='lat' dir='ltr'>omnis</span> <span class='ocrx_word' id='word_1_260' title='bbox 1653 1667 1731 1704; x_wconf 88' lang='lat' dir='ltr'>cul-</span> 
     </span>
     <span class='ocr_line' id='line_1_26' title="bbox 160 1725 1731 1775; baseline -0.001 -11"><span class='ocrx_word' id='word_1_261' title='bbox 160 1738 240 1774; x_wconf 87' lang='lat' dir='ltr'>pae</span> <span class='ocrx_word' id='word_1_262' title='bbox 275 1729 458 1765; x_wconf 73' lang='lat' dir='ltr'>exsortem</span> <span class='ocrx_word' id='word_1_263' title='bbox 492 1727 616 1765; x_wconf 88' lang='lat' dir='ltr'>omnis</span> <span class='ocrx_word' id='word_1_264' title='bbox 651 1729 804 1765; x_wconf 86' lang='lat' dir='ltr'>eventus</span> <span class='ocrx_word' id='word_1_265' title='bbox 832 1728 1067 1775; x_wconf 71' lang='lat' dir='ltr'>participem</span> <span class='ocrx_word' id='word_1_266' title='bbox 1101 1728 1184 1774; x_wconf 86' lang='lat' dir='ltr'>fore</span> <span class='ocrx_word' id='word_1_267' title='bbox 1218 1727 1358 1765; x_wconf 81' lang='lat' dir='ltr'>diceret</span> <span class='ocrx_word' id='word_1_268' title='bbox 1394 1727 1434 1764; x_wconf 90' lang='lat' dir='ltr'>et</span> <span class='ocrx_word' id='word_1_269' title='bbox 1471 1725 1659 1775; x_wconf 84' lang='lat' dir='ltr'>Polybius</span> <span class='ocrx_word' id='word_1_270' title='bbox 1685 1738 1731 1762; x_wconf 89' lang='lat'>111</span> 
     </span>
     <span class='ocr_line' id='line_1_27' title="bbox 172 1779 1729 1841; baseline -0.001 -18"><span class='ocrx_word' id='word_1_271' title='bbox 172 1786 268 1834; x_wconf 88' lang='lat'>110,</span> <span class='ocrx_word' id='word_1_272' title='bbox 289 1786 314 1823; x_wconf 87' lang='lat'>4</span> <span class='ocrx_word' id='word_1_273' title='bbox 341 1790 410 1836; x_wconf 82' lang='grc' dir='ltr'>τῆς</span> <span class='ocrx_word' id='word_1_274' title='bbox 436 1780 472 1823; x_wconf 81' lang='grc' dir='ltr'>δ’</span> <span class='ocrx_word' id='word_1_275' title='bbox 501 1782 712 1837; x_wconf 78' lang='grc' dir='ltr'><em>ἡγεμονίας</em></span> <span class='ocrx_word' id='word_1_276' title='bbox 737 1787 788 1839; x_wconf 77' lang='grc' dir='ltr'>τῷ</span> <span class='ocrx_word' id='word_1_277' title='bbox 815 1785 922 1841; x_wconf 80' lang='grc' dir='ltr'><em>Γαίῳ</em></span> <span class='ocrx_word' id='word_1_278' title='bbox 949 1779 1158 1839; x_wconf 81' lang='lat' dir='ltr'>(Varroni)</span> <span class='ocrx_word' id='word_1_279' title='bbox 1185 1785 1442 1835; x_wconf 74' lang='grc' dir='ltr'><em>καθηκούσης</em></span> <span class='ocrx_word' id='word_1_280' title='bbox 1469 1784 1524 1832; x_wconf 84' lang='grc' dir='ltr'>εἰς</span> <span class='ocrx_word' id='word_1_281' title='bbox 1550 1783 1621 1835; x_wconf 79' lang='grc' dir='ltr'>τὴν</span> <span class='ocrx_word' id='word_1_282' title='bbox 1647 1783 1729 1823; x_wconf 82' lang='grc' dir='ltr'><em>ἐπι-</em></span> 
     </span>
     <span class='ocr_line' id='line_1_28' title="bbox 169 1841 1729 1897; baseline -0.001 -14"><span class='ocrx_word' id='word_1_283' title='bbox 169 1850 291 1883; x_wconf 86' lang='grc' dir='ltr'><em>οῦσαν</em></span> <span class='ocrx_word' id='word_1_284' title='bbox 317 1841 466 1896; x_wconf 78' lang='grc' dir='ltr'><em>ἡμέραν</em></span> <span class='ocrx_word' id='word_1_285' title='bbox 487 1875 493 1882; x_wconf 95' lang='grc'><strong><em>.</em></strong></span> <span class='ocrx_word' id='word_1_286' title='bbox 516 1875 523 1882; x_wconf 96' lang='grc'><em>.</em></span> <span class='ocrx_word' id='word_1_287' title='bbox 546 1875 553 1882; x_wconf 90' lang='grc'><strong>.</strong></span> <span class='ocrx_word' id='word_1_288' title='bbox 586 1843 995 1897; x_wconf 82' lang='grc' dir='ltr'><em>ἀναστρατοπεδεύσας</em></span> <span class='ocrx_word' id='word_1_289' title='bbox 1027 1850 1173 1897; x_wconf 85' lang='grc' dir='ltr'><em>προῆγε</em></span> <span class='ocrx_word' id='word_1_290' title='bbox 1198 1843 1438 1896; x_wconf 83' lang='grc' dir='ltr'><em>βουλόμενος</em></span> <span class='ocrx_word' id='word_1_291' title='bbox 1470 1842 1616 1896; x_wconf 82' lang='grc' dir='ltr'><em>ἐγγίσαι</em></span> <span class='ocrx_word' id='word_1_292' title='bbox 1649 1846 1729 1890; x_wconf 84' lang='grc' dir='ltr'><em>τοῖς</em></span> 
     </span>
     <span class='ocr_line' id='line_1_29' title="bbox 167 1901 1730 1957; baseline -0.001 -15"><span class='ocrx_word' id='word_1_293' title='bbox 167 1903 380 1955; x_wconf 76' lang='grc' dir='ltr'><em>πολεμίοις,</em></span> <span class='ocrx_word' id='word_1_294' title='bbox 405 1902 551 1942; x_wconf 81' lang='grc' dir='ltr'><em>πολλὰ</em></span> <span class='ocrx_word' id='word_1_295' title='bbox 572 1901 1017 1957; x_wconf 81' lang='grc' dir='ltr'><em>διαμαρτυρομένου</em></span> <span class='ocrx_word' id='word_1_296' title='bbox 1037 1902 1115 1943; x_wconf 83' lang='grc' dir='ltr'><em>καὶ</em></span> <span class='ocrx_word' id='word_1_297' title='bbox 1134 1903 1500 1950; x_wconf 82' lang='grc' dir='ltr'><em>κωλύοντοςτοῦ</em></span> <span class='ocrx_word' id='word_1_298' title='bbox 1519 1902 1730 1942; x_wconf 81' lang='grc' dir='ltr'><em>Λευκίου</em></span> 
     </span>
     <span class='ocr_line' id='line_1_30' title="bbox 170 1959 1732 2015; baseline -0.001 -13"><span class='ocrx_word' id='word_1_299' title='bbox 170 1964 209 2002; x_wconf 88' lang='lat' dir='ltr'>et</span> <span class='ocrx_word' id='word_1_300' title='bbox 229 1964 253 2001; x_wconf 90' lang='grc'>8</span> <span class='ocrx_word' id='word_1_301' title='bbox 281 1963 335 2009; x_wconf 87' lang='grc' dir='ltr'>εἰς</span> <span class='ocrx_word' id='word_1_302' title='bbox 362 1960 402 2002; x_wconf 85' lang='grc' dir='ltr'>δὲ</span> <span class='ocrx_word' id='word_1_303' title='bbox 428 1961 500 2013; x_wconf 82' lang='grc' dir='ltr'>τὴν</span> <span class='ocrx_word' id='word_1_304' title='bbox 526 1961 716 2015; x_wconf 83' lang='grc' dir='ltr'><em>ἐπαύριον</em></span> <span class='ocrx_word' id='word_1_305' title='bbox 737 1961 757 2002; x_wconf 86' lang='grc' dir='ltr'><em>ὅ</em></span> <span class='ocrx_word' id='word_1_306' title='bbox 777 1964 951 2010; x_wconf 79' lang='grc' dir='ltr'><em>Λεύκιος</em></span> <span class='ocrx_word' id='word_1_307' title='bbox 971 1961 1077 2003; x_wconf 67' lang='grc' dir='ltr'><em>οὔτε</em></span> <span class='ocrx_word' id='word_1_308' title='bbox 1097 1962 1331 2015; x_wconf 77' lang='grc' dir='ltr'><em>μάχεσθαι</em></span> <span class='ocrx_word' id='word_1_309' title='bbox 1349 1962 1524 2014; x_wconf 83' lang='grc' dir='ltr'><em>κρίνων</em></span> <span class='ocrx_word' id='word_1_310' title='bbox 1544 1959 1631 2000; x_wconf 75' lang='grc' dir='ltr'><em>οὔτε</em></span> <span class='ocrx_word' id='word_1_311' title='bbox 1652 1960 1732 2012; x_wconf 85' lang='grc' dir='ltr'>μὴν</span> 
     </span>
     <span class='ocr_line' id='line_1_31' title="bbox 170 2020 1732 2075; baseline -0.002 -14"><span class='ocrx_word' id='word_1_312' title='bbox 170 2020 333 2074; x_wconf 79' lang='grc' dir='ltr'><em>ἀπάγειν</em></span> <span class='ocrx_word' id='word_1_313' title='bbox 360 2021 545 2072; x_wconf 75' lang='grc' dir='ltr'><em>ἀσφαλῶς</em></span> <span class='ocrx_word' id='word_1_314' title='bbox 570 2021 642 2072; x_wconf 83' lang='grc' dir='ltr'>τὴν</span> <span class='ocrx_word' id='word_1_315' title='bbox 669 2021 850 2075; x_wconf 79' lang='grc' dir='ltr'><em>στρατιὰν</em></span> <span class='ocrx_word' id='word_1_316' title='bbox 876 2021 926 2061; x_wconf 76' lang='grc' dir='ltr'>ἔτι</span> <span class='ocrx_word' id='word_1_317' title='bbox 955 2022 1176 2073; x_wconf 82' lang='grc' dir='ltr'><em>δυνάμενος</em></span> <span class='ocrx_word' id='word_1_318' title='bbox 1207 2024 1247 2060; x_wconf 86' lang='lat' dir='ltr'>et</span> <span class='ocrx_word' id='word_1_319' title='bbox 1273 2021 1393 2060; x_wconf 80' lang='lat' dir='ltr'>Silius</span> <span class='ocrx_word' id='word_1_320' title='bbox 1412 2034 1455 2059; x_wconf 89' lang='lat' dir='ltr'>IX</span> <span class='ocrx_word' id='word_1_321' title='bbox 1476 2022 1530 2059; x_wconf 82' lang='lat'>44</span> <span class='ocrx_word' id='word_1_322' title='bbox 1544 2033 1626 2070; x_wconf 87' lang='lat' dir='ltr'>sqq.</span> <span class='ocrx_word' id='word_1_323' title='bbox 1653 2021 1732 2059; x_wconf 88' lang='lat' dir='ltr'>Ubi</span> 
     </span>
     <span class='ocr_line' id='line_1_32' title="bbox 168 2081 1731 2130; baseline -0.001 -11"><span class='ocrx_word' id='word_1_324' title='bbox 168 2083 249 2120; x_wconf 90' lang='lat' dir='ltr'>iam</span> <span class='ocrx_word' id='word_1_325' title='bbox 274 2082 315 2119; x_wconf 90' lang='lat' dir='ltr'>in</span> <span class='ocrx_word' id='word_1_326' title='bbox 341 2094 385 2120; x_wconf 89' lang='lat' dir='ltr'>eo</span> <span class='ocrx_word' id='word_1_327' title='bbox 412 2083 472 2120; x_wconf 89' lang='lat' dir='ltr'>est</span> <span class='ocrx_word' id='word_1_328' title='bbox 493 2083 538 2120; x_wconf 89' lang='lat' dir='ltr'>ut</span> <span class='ocrx_word' id='word_1_329' title='bbox 557 2094 695 2120; x_wconf 89' lang='lat' dir='ltr'>manus</span> <span class='ocrx_word' id='word_1_330' title='bbox 723 2084 941 2130; x_wconf 86' lang='lat' dir='ltr'>conserant,</span> <span class='ocrx_word' id='word_1_331' title='bbox 966 2082 1168 2120; x_wconf 87' lang='lat' dir='ltr'>Hannibal</span> <span class='ocrx_word' id='word_1_332' title='bbox 1194 2082 1424 2120; x_wconf 86' lang='lat' dir='ltr'>cohortatur</span> <span class='ocrx_word' id='word_1_333' title='bbox 1448 2081 1594 2119; x_wconf 87' lang='lat' dir='ltr'>milites</span> <span class='ocrx_word' id='word_1_334' title='bbox 1619 2092 1731 2130; x_wconf 88' lang='lat' dir='ltr'>prae-</span> 
     </span>
     <span class='ocr_line' id='line_1_33' title="bbox 169 2134 1732 2193; baseline -0.001 -15"><span class='ocrx_word' id='word_1_335' title='bbox 169 2141 250 2178; x_wconf 88' lang='lat' dir='ltr'>mia</span> <span class='ocrx_word' id='word_1_336' title='bbox 275 2142 510 2190; x_wconf 88' lang='lat' dir='ltr'>promittens</span> <span class='ocrx_word' id='word_1_337' title='bbox 535 2140 689 2188; x_wconf 82' lang='lat' dir='ltr'>Poenis,</span> <span class='ocrx_word' id='word_1_338' title='bbox 717 2142 886 2179; x_wconf 81' lang='lat' dir='ltr'>externis</span> <span class='ocrx_word' id='word_1_339' title='bbox 914 2141 1115 2178; x_wconf 87' lang='lat' dir='ltr'>civitatem</span> <span class='ocrx_word' id='word_1_340' title='bbox 1142 2134 1233 2193; x_wconf 78' lang='lat' dir='ltr'>(Ix).</span> <span class='ocrx_word' id='word_1_341' title='bbox 1261 2139 1412 2189; x_wconf 89' lang='lat' dir='ltr'>Sequor</span> <span class='ocrx_word' id='word_1_342' title='bbox 1436 2140 1540 2178; x_wconf 91' lang='lat' dir='ltr'>enim</span> <span class='ocrx_word' id='word_1_343' title='bbox 1565 2139 1607 2177; x_wconf 87' lang='lat' dir='ltr'>in</span> <span class='ocrx_word' id='word_1_344' title='bbox 1626 2152 1672 2178; x_wconf 89' lang='lat' dir='ltr'>ea</span> <span class='ocrx_word' id='word_1_345' title='bbox 1690 2152 1732 2177; x_wconf 87' lang='lat' dir='ltr'>re</span> 
     </span>
     <span class='ocr_line' id='line_1_34' title="bbox 170 2199 1731 2248; baseline -0.001 -11"><span class='ocrx_word' id='word_1_346' title='bbox 170 2199 335 2238; x_wconf 88' lang='lat' dir='ltr'>eundem</span> <span class='ocrx_word' id='word_1_347' title='bbox 362 2213 478 2248; x_wconf 89' lang='lat' dir='ltr'>quem</span> <span class='ocrx_word' id='word_1_348' title='bbox 504 2202 594 2237; x_wconf 87' lang='lat' dir='ltr'>ante</span> <span class='ocrx_word' id='word_1_349' title='bbox 622 2199 764 2237; x_wconf 88' lang='lat' dir='ltr'>Silium</span> <span class='ocrx_word' id='word_1_350' title='bbox 790 2212 831 2237; x_wconf 86' lang='lat' dir='ltr'>1x</span> <span class='ocrx_word' id='word_1_351' title='bbox 854 2201 936 2238; x_wconf 84' lang='lat'>209</span> <span class='ocrx_word' id='word_1_352' title='bbox 964 2202 1030 2248; x_wconf 75' lang='lat' dir='ltr'>qui</span> <span class='ocrx_word' id='word_1_353' title='bbox 1055 2211 1143 2238; x_wconf 83' lang='lat' dir='ltr'>vero</span> <span class='ocrx_word' id='word_1_354' title='bbox 1176 2202 1326 2238; x_wconf 73' lang='lat' dir='ltr'>externo</span> <span class='ocrx_word' id='word_1_355' title='bbox 1356 2200 1483 2237; x_wconf 84' lang='lat' dir='ltr'>socius</span> <span class='ocrx_word' id='word_1_356' title='bbox 1514 2200 1610 2237; x_wconf 81' lang='lat' dir='ltr'>mihi</span> <span class='ocrx_word' id='word_1_357' title='bbox 1641 2211 1731 2237; x_wconf 92' lang='lat' dir='ltr'>san-</span> 
     </span>
     <span class='ocr_line' id='line_1_35' title="bbox 166 2258 1732 2307; baseline -0.001 -11"><span class='ocrx_word' id='word_1_358' title='bbox 166 2260 284 2307; x_wconf 69' lang='lat' dir='ltr'>quine</span> <span class='ocrx_word' id='word_1_359' title='bbox 305 2259 458 2307; x_wconf 66' lang='lat' dir='ltr'>Byrsae</span> <span class='ocrx_word' id='word_1_360' title='bbox 476 2260 590 2307; x_wconf 73' lang='lat' dir='ltr'>siyna</span> <span class='ocrx_word' id='word_1_361' title='bbox 609 2271 746 2303; x_wconf 84' lang='lat' dir='ltr'>moves,</span> <span class='ocrx_word' id='word_1_362' title='bbox 773 2259 947 2297; x_wconf 71' lang='lat' dir='ltr'>dextram</span> <span class='ocrx_word' id='word_1_363' title='bbox 965 2258 1147 2297; x_wconf 84' lang='lat' dir='ltr'>Ausonia</span> <span class='ocrx_word' id='word_1_364' title='bbox 1168 2260 1203 2296; x_wconf 88' lang='lat' dir='ltr'>si</span> <span class='ocrx_word' id='word_1_365' title='bbox 1225 2259 1337 2297; x_wconf 81' lang='lat' dir='ltr'>caede</span> <span class='ocrx_word' id='word_1_366' title='bbox 1357 2261 1554 2297; x_wconf 80' lang='lat' dir='ltr'>cruentam</span> <span class='ocrx_word' id='word_1_367' title='bbox 1574 2259 1732 2302; x_wconf 81' lang='lat' dir='ltr'>attolles,</span> 
     </span>
     <span class='ocr_line' id='line_1_36' title="bbox 169 2317 1733 2366; baseline 0 -10"><span class='ocrx_word' id='word_1_368' title='bbox 169 2319 258 2356; x_wconf 77' lang='lat' dir='ltr'>hinc</span> <span class='ocrx_word' id='word_1_369' title='bbox 282 2320 363 2356; x_wconf 90' lang='lat' dir='ltr'>iam</span> <span class='ocrx_word' id='word_1_370' title='bbox 383 2320 476 2356; x_wconf 79' lang='lat' dir='ltr'>civis</span> <span class='ocrx_word' id='word_1_371' title='bbox 500 2318 748 2366; x_wconf 61' lang='lat' dir='ltr'>Carthaginis</span> <span class='ocrx_word' id='word_1_372' title='bbox 769 2321 855 2363; x_wconf 80' lang='lat' dir='ltr'>esto,</span> <span class='ocrx_word' id='word_1_373' title='bbox 882 2331 969 2356; x_wconf 92' lang='lat' dir='ltr'>cum</span> <span class='ocrx_word' id='word_1_374' title='bbox 990 2318 1126 2356; x_wconf 86' lang='lat' dir='ltr'>Livius</span> <span class='ocrx_word' id='word_1_375' title='bbox 1147 2317 1293 2356; x_wconf 88' lang='lat' dir='ltr'>similia</span> <span class='ocrx_word' id='word_1_376' title='bbox 1312 2318 1505 2366; x_wconf 89' lang='lat' dir='ltr'>promissa</span> <span class='ocrx_word' id='word_1_377' title='bbox 1527 2317 1733 2366; x_wconf 88' lang='lat' dir='ltr'>perhibeat</span> 
     </span>
     <span class='ocr_line' id='line_1_37' title="bbox 169 2371 1731 2429; baseline 0 -15"><span class='ocrx_word' id='word_1_378' title='bbox 169 2377 435 2415; x_wconf 88' lang='lat' dir='ltr'>Hannibalem</span> <span class='ocrx_word' id='word_1_379' title='bbox 461 2390 549 2415; x_wconf 89' lang='lat' dir='ltr'>cum</span> <span class='ocrx_word' id='word_1_380' title='bbox 575 2377 625 2415; x_wconf 90' lang='lat' dir='ltr'>ad</span> <span class='ocrx_word' id='word_1_381' title='bbox 645 2378 828 2416; x_wconf 89' lang='lat' dir='ltr'>Ticinum</span> <span class='ocrx_word' id='word_1_382' title='bbox 854 2390 1027 2427; x_wconf 85' lang='lat' dir='ltr'>pugnam</span> <span class='ocrx_word' id='word_1_383' title='bbox 1047 2379 1207 2427; x_wconf 89' lang='lat' dir='ltr'>pararet</span> <span class='ocrx_word' id='word_1_384' title='bbox 1227 2376 1394 2415; x_wconf 85' lang='lat' dir='ltr'>edidisse</span> <span class='ocrx_word' id='word_1_385' title='bbox 1416 2371 1503 2429; x_wconf 80' lang='lat' dir='ltr'>(XXI</span> <span class='ocrx_word' id='word_1_386' title='bbox 1525 2377 1591 2426; x_wconf 84' lang='lat'>45,</span> <span class='ocrx_word' id='word_1_387' title='bbox 1608 2377 1645 2414; x_wconf 91' lang='lat'>4.</span> <span class='ocrx_word' id='word_1_388' title='bbox 1669 2371 1731 2429; x_wconf 82' lang='lat'>6):</span> 
     </span>
     <span class='ocr_line' id='line_1_38' title="bbox 171 2437 1733 2485; baseline -0.001 -10"><span class='ocrx_word' id='word_1_389' title='bbox 171 2437 378 2475; x_wconf 84' lang='lat' dir='ltr'>Hannibal</span> <span class='ocrx_word' id='word_1_390' title='bbox 397 2467 405 2474; x_wconf 88' lang='lat'><strong>.</strong></span> <span class='ocrx_word' id='word_1_391' title='bbox 428 2467 435 2474; x_wconf 96' lang='lat'>.</span> <span class='ocrx_word' id='word_1_392' title='bbox 461 2439 604 2475; x_wconf 82' lang='lat' dir='ltr'>voeatis</span> <span class='ocrx_word' id='word_1_393' title='bbox 631 2437 683 2475; x_wconf 81' lang='lat' dir='ltr'>ad</span> <span class='ocrx_word' id='word_1_394' title='bbox 708 2438 919 2475; x_wconf 90' lang='lat' dir='ltr'>contionem</span> <span class='ocrx_word' id='word_1_395' title='bbox 944 2439 1046 2475; x_wconf 89' lang='lat' dir='ltr'>certa</span> <span class='ocrx_word' id='word_1_396' title='bbox 1064 2438 1248 2484; x_wconf 83' lang='lat' dir='ltr'>praemia</span> <span class='ocrx_word' id='word_1_397' title='bbox 1265 2438 1500 2485; x_wconf 86' lang='lat' dir='ltr'>pronuntiat</span> <span class='ocrx_word' id='word_1_398' title='bbox 1520 2466 1527 2474; x_wconf 92' lang='lat'><strong>.</strong></span> <span class='ocrx_word' id='word_1_399' title='bbox 1550 2466 1556 2472; x_wconf 94' lang='lat'>.</span> <span class='ocrx_word' id='word_1_400' title='bbox 1583 2437 1650 2484; x_wconf 77' lang='lat' dir='ltr'>qui</span> <span class='ocrx_word' id='word_1_401' title='bbox 1673 2447 1733 2474; x_wconf 86' lang='lat' dir='ltr'>so-</span> 
     </span>
     <span class='ocr_line' id='line_1_39' title="bbox 171 2495 1566 2545; baseline -0.001 -11"><span class='ocrx_word' id='word_1_402' title='bbox 171 2497 318 2534; x_wconf 88' lang='lat' dir='ltr'>ciorum</span> <span class='ocrx_word' id='word_1_403' title='bbox 343 2497 441 2534; x_wconf 76' lang='lat' dir='ltr'>cives</span> <span class='ocrx_word' id='word_1_404' title='bbox 471 2495 807 2545; x_wconf 71' lang='lat' dir='ltr'>Carthayinienses</span> <span class='ocrx_word' id='word_1_405' title='bbox 832 2497 919 2543; x_wconf 72' lang='lat' dir='ltr'>fieri</span> <span class='ocrx_word' id='word_1_406' title='bbox 944 2496 1090 2540; x_wconf 85' lang='lat' dir='ltr'>vellent,</span> <span class='ocrx_word' id='word_1_407' title='bbox 1108 2499 1334 2544; x_wconf 84' lang='lat' dir='ltr'>potestatem</span> <span class='ocrx_word' id='word_1_408' title='bbox 1357 2497 1566 2544; x_wconf 83' lang='lat' dir='ltr'>facturum.</span> 
     </span>
    </p>

    <p class='ocr_par' dir='ltr' id='par_1_3' title="bbox 171 2549 1733 2963">
     <span class='ocr_line' id='line_1_40' title="bbox 289 2549 1733 2607; baseline -0.001 -15"><span class='ocrx_word' id='word_1_409' title='bbox 289 2555 530 2606; x_wconf 87' lang='lat' dir='ltr'>Depingitur</span> <span class='ocrx_word' id='word_1_410' title='bbox 561 2556 686 2605; x_wconf 88' lang='lat' dir='ltr'>ipsius</span> <span class='ocrx_word' id='word_1_411' title='bbox 719 2555 943 2593; x_wconf 87' lang='lat' dir='ltr'>certaminis</span> <span class='ocrx_word' id='word_1_412' title='bbox 974 2555 1086 2593; x_wconf 90' lang='lat' dir='ltr'>labor</span> <span class='ocrx_word' id='word_1_413' title='bbox 1112 2549 1452 2607; x_wconf 77' lang='lat' dir='ltr'>(X.X1.xn.X111).</span> <span class='ocrx_word' id='word_1_414' title='bbox 1485 2555 1607 2592; x_wconf 89' lang='lat' dir='ltr'>Nolui</span> <span class='ocrx_word' id='word_1_415' title='bbox 1638 2555 1733 2592; x_wconf 88' lang='lat' dir='ltr'>haec</span> 
     </span>
     <span class='ocr_line' id='line_1_41' title="bbox 171 2613 1730 2665; baseline -0.001 -14"><span class='ocrx_word' id='word_1_416' title='bbox 171 2614 394 2664; x_wconf 82' lang='lat' dir='ltr'>fragmenta</span> <span class='ocrx_word' id='word_1_417' title='bbox 420 2614 586 2665; x_wconf 87' lang='lat' dir='ltr'>diiungi,</span> <span class='ocrx_word' id='word_1_418' title='bbox 613 2627 853 2664; x_wconf 87' lang='lat' dir='ltr'>quamquam</span> <span class='ocrx_word' id='word_1_419' title='bbox 879 2614 1071 2652; x_wconf 89' lang='lat' dir='ltr'>eiusmodi</span> <span class='ocrx_word' id='word_1_420' title='bbox 1095 2627 1228 2653; x_wconf 80' lang='lat' dir='ltr'>versus</span> <span class='ocrx_word' id='word_1_421' title='bbox 1254 2615 1295 2652; x_wconf 86' lang='lat' dir='ltr'>in</span> <span class='ocrx_word' id='word_1_422' title='bbox 1322 2615 1432 2652; x_wconf 89' lang='lat' dir='ltr'>nulla</span> <span class='ocrx_word' id='word_1_423' title='bbox 1452 2626 1584 2664; x_wconf 87' lang='lat' dir='ltr'>pugna</span> <span class='ocrx_word' id='word_1_424' title='bbox 1603 2613 1730 2651; x_wconf 90' lang='lat' dir='ltr'>locum</span> 
     </span>
     <span class='ocr_line' id='line_1_42' title="bbox 171 2671 1732 2723; baseline -0.001 -13"><span class='ocrx_word' id='word_1_425' title='bbox 171 2673 314 2711; x_wconf 89' lang='lat' dir='ltr'>habere</span> <span class='ocrx_word' id='word_1_426' title='bbox 346 2686 423 2711; x_wconf 95' lang='lat' dir='ltr'>non</span> <span class='ocrx_word' id='word_1_427' title='bbox 455 2676 631 2723; x_wconf 86' lang='lat' dir='ltr'>possunt,</span> <span class='ocrx_word' id='word_1_428' title='bbox 663 2675 708 2711; x_wconf 88' lang='lat' dir='ltr'>ut</span> <span class='ocrx_word' id='word_1_429' title='bbox 739 2686 838 2711; x_wconf 90' lang='lat' dir='ltr'>unus</span> <span class='ocrx_word' id='word_1_430' title='bbox 870 2673 934 2711; x_wconf 86' lang='lat' dir='ltr'>vel</span> <span class='ocrx_word' id='word_1_431' title='bbox 966 2674 1067 2711; x_wconf 89' lang='lat' dir='ltr'>alter</span> <span class='ocrx_word' id='word_1_432' title='bbox 1098 2686 1232 2711; x_wconf 90' lang='lat' dir='ltr'>eorum</span> <span class='ocrx_word' id='word_1_433' title='bbox 1264 2674 1314 2711; x_wconf 90' lang='lat' dir='ltr'>ad</span> <span class='ocrx_word' id='word_1_434' title='bbox 1344 2673 1497 2721; x_wconf 82' lang='lat' dir='ltr'>reliqua</span> <span class='ocrx_word' id='word_1_435' title='bbox 1527 2685 1626 2720; x_wconf 88' lang='lat' dir='ltr'>quae</span> <span class='ocrx_word' id='word_1_436' title='bbox 1659 2671 1732 2708; x_wconf 88' lang='lat' dir='ltr'>hoc</span> 
     </span>
     <span class='ocr_line' id='line_1_43' title="bbox 172 2730 1732 2782; baseline -0.002 -13"><span class='ocrx_word' id='word_1_437' title='bbox 172 2732 273 2770; x_wconf 87' lang='lat' dir='ltr'>libro</span> <span class='ocrx_word' id='word_1_438' title='bbox 300 2732 563 2770; x_wconf 88' lang='lat' dir='ltr'>narrabantur</span> <span class='ocrx_word' id='word_1_439' title='bbox 595 2733 746 2782; x_wconf 89' lang='lat' dir='ltr'>proelia</span> <span class='ocrx_word' id='word_1_440' title='bbox 777 2733 992 2781; x_wconf 87' lang='lat' dir='ltr'>pertineat,</span> <span class='ocrx_word' id='word_1_441' title='bbox 1025 2733 1120 2781; x_wconf 86' lang='lat' dir='ltr'>quin</span> <span class='ocrx_word' id='word_1_442' title='bbox 1153 2733 1250 2771; x_wconf 89' lang='lat' dir='ltr'>adeo</span> <span class='ocrx_word' id='word_1_443' title='bbox 1282 2732 1414 2770; x_wconf 87' lang='lat' dir='ltr'>nullus</span> <span class='ocrx_word' id='word_1_444' title='bbox 1446 2732 1610 2769; x_wconf 84' lang='lat' dir='ltr'>sortasse</span> <span class='ocrx_word' id='word_1_445' title='bbox 1641 2730 1732 2767; x_wconf 90' lang='lat' dir='ltr'>huic</span> 
     </span>
     <span class='ocr_line' id='line_1_44' title="bbox 173 2789 1731 2841; baseline -0.002 -13"><span class='ocrx_word' id='word_1_446' title='bbox 173 2791 277 2828; x_wconf 88' lang='lat' dir='ltr'>cladi</span> <span class='ocrx_word' id='word_1_447' title='bbox 306 2793 410 2829; x_wconf 90' lang='lat' dir='ltr'>recte</span> <span class='ocrx_word' id='word_1_448' title='bbox 443 2793 637 2841; x_wconf 87' lang='lat' dir='ltr'>ascriptus</span> <span class='ocrx_word' id='word_1_449' title='bbox 670 2793 732 2830; x_wconf 89' lang='lat' dir='ltr'>sit.</span> <span class='ocrx_word' id='word_1_450' title='bbox 773 2791 848 2828; x_wconf 80' lang='lat' dir='ltr'>Sed</span> <span class='ocrx_word' id='word_1_451' title='bbox 884 2791 972 2829; x_wconf 89' lang='lat' dir='ltr'>vide</span> <span class='ocrx_word' id='word_1_452' title='bbox 1012 2791 1187 2830; x_wconf 89' lang='lat' dir='ltr'>eiusdem</span> <span class='ocrx_word' id='word_1_453' title='bbox 1225 2791 1346 2829; x_wconf 91' lang='lat' dir='ltr'>cladis</span> <span class='ocrx_word' id='word_1_454' title='bbox 1385 2790 1490 2839; x_wconf 92' lang='lat' dir='ltr'>apud</span> <span class='ocrx_word' id='word_1_455' title='bbox 1523 2789 1664 2826; x_wconf 86' lang='lat' dir='ltr'>Silium</span> <span class='ocrx_word' id='word_1_456' title='bbox 1690 2801 1731 2825; x_wconf 78' lang='lat' dir='ltr'>ix</span> 
     </span>
     <span class='ocr_line' id='line_1_45' title="bbox 176 2849 1732 2901; baseline -0.002 -14"><span class='ocrx_word' id='word_1_457' title='bbox 176 2851 352 2898; x_wconf 84' lang='lat' dir='ltr'>3lOsqq.</span> <span class='ocrx_word' id='word_1_458' title='bbox 380 2850 692 2901; x_wconf 85' lang='lat' dir='ltr'>descriptionem.</span> <span class='ocrx_word' id='word_1_459' title='bbox 720 2850 829 2888; x_wconf 88' lang='lat' dir='ltr'>Unus</span> <span class='ocrx_word' id='word_1_460' title='bbox 854 2851 985 2888; x_wconf 89' lang='lat' dir='ltr'>tamen</span> <span class='ocrx_word' id='word_1_461' title='bbox 1006 2853 1065 2889; x_wconf 89' lang='lat' dir='ltr'>est</span> <span class='ocrx_word' id='word_1_462' title='bbox 1083 2852 1125 2888; x_wconf 89' lang='lat' dir='ltr'>in</span> <span class='ocrx_word' id='word_1_463' title='bbox 1144 2851 1205 2889; x_wconf 88' lang='lat' dir='ltr'>his</span> <span class='ocrx_word' id='word_1_464' title='bbox 1225 2850 1413 2896; x_wconf 87' lang='lat' dir='ltr'>versibus,</span> <span class='ocrx_word' id='word_1_465' title='bbox 1440 2849 1508 2897; x_wconf 87' lang='lat' dir='ltr'>qui</span> <span class='ocrx_word' id='word_1_466' title='bbox 1526 2860 1605 2885; x_wconf 89' lang='lat' dir='ltr'>non</span> <span class='ocrx_word' id='word_1_467' title='bbox 1624 2849 1732 2897; x_wconf 84' lang='lat' dir='ltr'>pote-</span> 
     </span>
     <span class='ocr_line' id='line_1_46' title="bbox 173 2904 1733 2963; baseline -0.001 -17"><span class='ocrx_word' id='word_1_468' title='bbox 173 2911 237 2946; x_wconf 90' lang='lat' dir='ltr'>rat</span> <span class='ocrx_word' id='word_1_469' title='bbox 261 2910 339 2947; x_wconf 90' lang='lat' dir='ltr'>nisi</span> <span class='ocrx_word' id='word_1_470' title='bbox 364 2910 406 2947; x_wconf 91' lang='lat' dir='ltr'>in</span> <span class='ocrx_word' id='word_1_471' title='bbox 432 2923 565 2960; x_wconf 84' lang='lat' dir='ltr'>pugna</span> <span class='ocrx_word' id='word_1_472' title='bbox 593 2909 790 2949; x_wconf 85' lang='lat' dir='ltr'>Cannensi</span> <span class='ocrx_word' id='word_1_473' title='bbox 821 2909 951 2948; x_wconf 91' lang='lat' dir='ltr'>locum</span> <span class='ocrx_word' id='word_1_474' title='bbox 982 2909 1124 2948; x_wconf 87' lang='lat' dir='ltr'>habere</span> <span class='ocrx_word' id='word_1_475' title='bbox 1150 2904 1230 2963; x_wconf 69' lang='grc' dir='ltr'>(Χῖ)</span> <span class='ocrx_word' id='word_1_476' title='bbox 1257 2909 1426 2957; x_wconf 83' lang='lat' dir='ltr'>amplius</span> <span class='ocrx_word' id='word_1_477' title='bbox 1456 2919 1640 2955; x_wconf 62' lang='lat' dir='ltr'>exaugere</span> <span class='ocrx_word' id='word_1_478' title='bbox 1671 2907 1733 2944; x_wconf 87' lang='lat' dir='ltr'>ob-</span> 
     </span>
    </p>
   </div>
   <div class='ocr_carea' id='block_1_3' title="bbox 1774 2974 1777 3002">
    <p class='ocr_par' dir='ltr' id='par_1_4' title="bbox 1774 2974 1777 3002">
     <span class='ocr_line' id='line_1_47' title="bbox 1774 2974 1777 3002; baseline 0 0"><span class='ocrx_word' id='word_1_479' title='bbox 1774 2974 1777 3002; x_wconf 68' lang='lat'>³</span> 
     </span>
    </p>
   </div>
  </div>
 </body>
</html>
