2004 3278
262 187 291 228 2
830 181 1089 217 ANNALIUM
1112 180 1200 215 Lm.
1219 181 1237 214 1

1016 297 1069 333 IV

261 363 290 405 5
614 374 763 402 somno
795 359 881 401 leni
911 358 1165 413 placidoque
1194 358 1410 400 revinctus

1020 473 1055 508 V

261 540 287 580 6
714 535 829 577 visus
861 534 1074 576 Homerus
1106 534 1251 577 adesse
1282 537 1411 589 poeta

262 689 330 723 bus
351 699 462 734 supra
482 687 591 722 dictis
611 688 720 731 (nom.
736 696 810 721 acc.
825 687 918 732 voc.)
937 686 1017 721 sine
1036 686 1285 732 ambiguitate
1303 686 1425 721 brevis
1445 688 1501 722 est
1514 687 1673 733 (syllaba
1685 687 1820 734 finalis)

261 742 409 777 Graecis
429 740 645 785 Latinisque
664 739 892 774 nominibus:
918 750 986 784 per
1003 739 1273 774 nominativum
1291 741 1335 774 ut
1354 739 1478 786 (Verg.
1500 741 1565 775 001.
1587 744 1619 783 8,
1641 742 1699 787 69)
1720 752 1822 778 «car—

259 795 361 829 mina
387 794 444 829 vel
470 793 572 828 caelo
597 803 668 838 p.»,
694 803 762 837 per
781 792 1034 827 accusativum
1051 794 1095 827 ut
1114 793 1217 838 (Aen.
1239 802 1319 828 vm
1339 795 1420 838 220)
1441 804 1568 830 «arma
1588 805 1736 837 manu»,
1755 805 1823 839 per

258 847 465 883 vocativum
484 846 587 891 (Aen.
608 855 641 879 Π
661 847 743 891 241)
764 857 808 881 «o
827 846 962 890 patria,
989 857 1010 881 o
1030 846 1157 880 divum
1182 846 1313 881 domus
1339 846 1462 891 (Ilium
1490 849 1528 882 et
1555 847 1699 882 incluta
1722 847 1821 883 bello

258 900 405 935 moenia
427 899 723 934 Dardanidum»:
745 898 838 933 haec
863 899 963 935 enim
988 899 1162 934 addenda
1187 901 1274 934 sunt
1297 901 1340 933 ut
1361 900 1457 935 ratio
1483 902 1658 946 constet);
1690 900 1821 935 Graeci

262 954 374 988 etiam
393 952 552 988 nominis
572 951 742 996 exempla
762 951 1023 987 subiiciamus:
1044 952 1186 986 Ennius
1205 952 1245 986 in
1262 952 1383 997 primo
1403 964 1513 989 «nam
1529 982 1534 987 .
1553 982 1559 988 .
1577 982 1583 988 .
1598 955 1726 988 nostra
1745 953 1821 988 clu-

258 1007 392 1041 ebant»
413 1007 451 1040 et
469 1005 509 1039 in
528 1004 695 1050 Vergilio
715 1005 819 1050 (Aen.
839 1014 903 1039 ΧΠ
923 1007 1005 1051 518)
1031 1005 1202 1041 «Arcada
1226 1005 1394 1050 piscosae
1420 1006 1480 1041 cui
1505 1007 1643 1041 circum
1667 1006 1823 1041 flumina

257 1059 446 1094 Lernae».’
570 1057 621 1092 Cf.
643 1058 806 1092 Lucretii
825 1067 841 1092 1
863 1062 930 1093 119
950 1059 999 1093 ad
1018 1069 1046 1094 v
1066 1058 1305 1104 adscriptum.

376 1113 426 1147 IV
446 1114 495 1157 (ὁ)
543 1111 591 1145 M.
621 1110 756 1146 Caesar
787 1112 836 1146 ad
861 1112 1085 1147 Frontonem
1110 1125 1123 1146 1
1148 1116 1170 1146 4
1194 1124 1230 1157 p.
1254 1116 1295 1146 11
1322 1111 1417 1146 Nab.
1447 1112 1615 1148 ‘transeo
1643 1124 1742 1147 1111110
1771 1113 1820 1147 ad

257 1165 297 1208 Q.
319 1165 478 1199 Ennium
503 1166 679 1207 nostrum,
707 1175 818 1209 quem
842 1166 884 1199 tu
910 1165 966 1199 ais
986 1176 1030 1200 ex
1049 1177 1176 1200 somno
1196 1167 1235 1200 et
1253 1165 1395 1200 somnio
1414 1165 1565 1200 initium
1584 1165 1657 1200 sibi
1675 1165 1820 1201 fecisse.

257 1219 321 1254 sed
346 1218 511 1263 profecto
531 1218 604 1252 nisi
624 1229 669 1252 ex
688 1229 814 1253 somno
835 1218 1034 1253 suscitatus
1054 1220 1160 1261 esset,
1181 1229 1385 1262 numquam
1410 1218 1593 1253 somnium
1612 1230 1719 1253 suum
1737 1230 1820 1254 nar-

255 1272 404 1306 rasset.'
526 1271 663 1306 Fronto
684 1271 732 1305 ad
751 1271 800 1305 M.
822 1271 1018 1307 Caesarem
1036 1285 1050 1306 1
1070 1276 1091 1306 5
1110 1284 1146 1317 p.
1164 1275 1207 1306 12
1226 1271 1322 1306 Nab.
1347 1272 1357 1288 ‘
1369 1282 1453 1306 0000
1480 1273 1606 1307 autem
1631 1272 1730 1307 circa
1748 1272 1821 1306 En-

255 1325 357 1359 nium
378 1324 491 1359 aliam
509 1324 737 1359 malitiosam
755 1324 898 1369 peltam
918 1325 1067 1367 dedisti,
1089 1337 1173 1360 cum
1192 1325 1257 1367 ais,
1278 1325 1352 1359 nisi
1372 1335 1416 1359 ex
1435 1336 1562 1360 somno
1576 1325 1821 1360 exsuscitatus

255 1379 360 1420 esset,
381 1388 584 1422 numquam
604 1378 788 1412 somnium
808 1389 915 1412 suum
934 1380 1132 1413 narrasset.
1144 1379 1154 1394 '
1272 1378 1375 1412 Idem
1401 1378 1449 1412 ad
1475 1379 1583 1412 eund.
1604 1391 1642 1413 1v
1662 1382 1706 1412 12
1724 1391 1760 1424 p.
1777 1382 1821 1412 74

254 1431 349 1465 Nab.
373 1431 383 1447 ‘
397 1431 428 1464 si
448 1431 598 1476 quando
620 1432 659 1465 te
679 1442 830 1466 «somno
849 1431 949 1467 leni»
969 1433 1013 1466 ut
1030 1433 1143 1476 poeta
1163 1431 1218 1466 ait
1231 1431 1479 1476 «placidoque
1491 1431 1700 1467 revinctus»
1713 1431 1821 1466 video

254 1484 294 1518 in
313 1484 459 1526 somnis,
481 1495 684 1529 numquam
704 1485 761 1519 est
781 1484 872 1529 quin
892 1484 1099 1529 amplectar
1117 1486 1156 1519 et
1174 1484 1383 1519 exosculer.
1402 1512 1408 1518 .
1425 1513 1431 1518 .
1449 1513 1455 1518 .
1470 1484 1541 1519 1100
1558 1496 1675 1519 unum
1693 1496 1738 1519 ex
1757 1495 1822 1519 an-

255 1537 402 1572 nalibus
423 1538 612 1582 sumptum
632 1537 767 1572 amoris
786 1538 860 1572 mei
875 1539 1136 1584 argumentum
1148 1537 1337 1583 poeticum
1352 1539 1389 1572 et
1402 1548 1491 1572 sane
1505 1537 1819 1572 somniculosum?

371 1590 405 1625 V
423 1592 473 1636 (6)
495 1589 621 1625 Cicero
641 1590 782 1625 Lucull.
806 1594 860 1633 16,
877 1595 919 1625 51
947 1591 1056 1625 ‘num
1082 1602 1207 1625 censes
1233 1591 1395 1625 Ennium
1421 1602 1504 1625 cum
1530 1591 1570 1625 in
1594 1591 1712 1625 hortis
1738 1602 1821 1626 cum

256 1643 379 1679 Servio
400 1643 522 1678 Galba
539 1643 661 1678 vicino
682 1655 747 1678 suo
768 1644 1033 1679 ambulavisset
1058 1644 1195 1679 dixisse
1221 1644 1343 1680 «visus
1369 1655 1449 1678 sum
1473 1644 1567 1678 mihi
1592 1655 1676 1678 cum
1701 1643 1822 1679 Galba

254 1696 492 1732 ambularem
518 1698 559 1732 at
584 1708 669 1731 cum
695 1697 902 1739 somniavit,
930 1697 986 1732 ita
1011 1697 1177 1732 narravit
1196 1697 1318 1733 «visus
1340 1725 1346 1731 .
1364 1726 1370 1731 .
1387 1725 1394 1731 .
1415 1698 1561 1742 poeta».
1582 1697 1756 1742 idemque
1781 1697 1821 1731 111

254 1749 476 1795 Epicharmo
498 1750 569 1797 [1].'
682 1750 786 1784 Idem
804 1750 895 1784 ibid.
912 1753 967 1793 27,
982 1753 1027 1784 88
1050 1751 1060 1767 ‘
1071 1750 1336 1785 dormientium
1356 1751 1394 1784 et
1412 1750 1687 1785 vinulentorum
1706 1752 1745 1785 et
1763 1750 1821 1784 fu-

254 1804 432 1838 riosorum
452 1803 532 1838 visa
550 1802 786 1838 inbecilliora
806 1814 885 1838 esse
899 1803 1050 1838 dicebas
1065 1814 1177 1848 quam
1190 1803 1429 1849 vigilantium
1443 1803 1623 1838 siccorum
1636 1814 1819 1838 sanorum.

254 1868 326 1901 quo
345 1856 480 1891 modo?
505 1856 595 1901 quia
614 1868 699 1891 cum
724 1858 958 1901 experrectus
978 1858 1075 1891 esset
1093 1856 1234 1891 Ennius
1259 1868 1333 1891 non
1359 1856 1500 1891 diceret
1525 1867 1563 1891 se
1590 1856 1728 1891 vidisse
1746 1856 1820 1891 Ho-

253 1921 404 1952 merum,
426 1910 491 1944 sed
510 1909 629 1943 visum
652 1910 757 1944 esse.’
874 1910 978 1944 Idem
997 1909 1043 1944 de
1062 1921 1104 1944 re
1123 1922 1158 1954 p.
1173 1923 1211 1944 v1
1232 1913 1336 1952 10,1o
1358 1910 1421 1944 ‘fit
1440 1910 1539 1944 enim
1558 1909 1635 1945 fere
1656 1912 1699 1944 ut
1720 1911 1821 1956 cogi-

254 1963 414 1998 tationes
437 1973 696 2007 sermonesque
715 1963 832 1997 nostri
850 1962 1002 2007 pariant
1021 1962 1165 2007 aliquid
1186 1963 1225 1997 in
1239 1974 1365 1998 somno
1380 1963 1456 1998 tale
1470 1962 1581 2008 quale
1601 1963 1647 1998 de
1660 1963 1820 1998 Homero

255 2016 383 2050 scribit
393 2016 545 2059 Ennius,
561 2016 606 2050 de
621 2026 693 2060 quo
707 2015 883 2051 videlicet
896 2016 1111 2061 saepissime
1125 2015 1285 2061 vigilans
1299 2016 1445 2051 solebat
1458 2016 1624 2061 cogitare
1638 2018 1676 2051 et
1688 2016 1818 2061 loqui.'

342 2069 478 2104 Fronto
498 2069 544 2104 de
564 2068 657 2114 eloq.
678 2081 713 2114 p.
731 2073 798 2103 146
817 2069 912 2104 Nab.
937 2069 1137 2115 ‘magistra
1156 2069 1307 2104 Homeri
1328 2068 1507 2114 Calliopa,
1525 2069 1706 2114 magister
1723 2069 1820 2104 Enni

254 2122 434 2157 Homerus
448 2124 486 2157 et
499 2122 681 2157 Somnus.'
745 2122 937 2157 Lucretius
951 2136 965 2156 1
979 2126 1046 2156 112
1067 2122 1281 2168 ‘ignoratur
1297 2122 1396 2157 enim
1413 2133 1510 2167 quae
1527 2123 1577 2156 sit
1592 2123 1728 2157 natura
1741 2122 1821 2157 ani-

254 2176 329 2209 mai
345 2204 351 2209 .
366 2204 371 2209 .
386 2204 392 2209 .
410 2175 457 2195 ¹¹⁶
471 2186 518 2210 an
531 2176 693 2220 pecudes
708 2175 801 2210 alias
816 2175 995 2210 divinitus
1007 2176 1173 2211 insinuet
1185 2187 1234 2218 se,
1249 2175 1390 2210 Ennius
1403 2177 1447 2210 ut
1459 2176 1585 2210 noster
1595 2175 1740 2217 cecinit,
1755 2175 1820 2220 qui

254 2229 394 2273 primus
408 2239 562 2263 amoeno
576 2228 713 2263 detulit
725 2239 770 2263 ex
782 2228 961 2264 Helicone
973 2229 1128 2274 perenni
1140 2228 1271 2264 fronde
1286 2239 1468 2271 coronam,
1482 2239 1550 2274 per
1563 2229 1693 2274 gentes
1705 2228 1820 2263 Italas

254 2281 445 2316 hominum
465 2293 560 2326 quae
580 2281 681 2316 clara
701 2281 856 2325 clueret3
877 2282 948 2316 etsi
966 2283 1162 2327 praeterea
1185 2283 1311 2317 tamen
1340 2292 1419 2316 esse
1447 2281 1652 2316 Acherusia
1679 2281 1821 2326 templa

255 2333 395 2368 Ennius
415 2335 576 2369 aeternis
596 2335 749 2380 exponit
767 2335 932 2370 versibus
946 2335 1069 2377 edem,
1085 2346 1158 2380 quo
1171 2345 1291 2380 neque
1304 2336 1527 2379 permanent
1539 2335 1687 2369 animae
1699 2345 1819 2379 neque

256 2398 409 2431 corpora
433 2389 568 2430 nostra,
596 2389 661 2422 sed
687 2387 873 2433 quaedam
898 2388 1098 2423 simulacra
1122 2387 1243 2422 modis
1268 2387 1452 2432 pallentia
1477 2388 1598 2431 miris;
1622 2387 1722 2422 unde
1747 2387 1819 2421 sibi

255 2441 420 2475 exortam
445 2451 589 2485 semper
612 2440 777 2476 florentis
796 2441 947 2476 Homeri
972 2442 1235 2476 commemorat
1259 2441 1421 2485 speciem
1439 2440 1611 2475 lacrimas
1631 2439 1819 2475 effundere

256 2492 372 2527 salsas
392 2493 557 2538 coepisse
577 2495 615 2528 et
633 2505 755 2529 rerum
773 2495 947 2529 naturam
966 2494 1175 2540 expandere
1196 2494 1334 2528 dictis?

255 2664 384 2702 dicam
414 2675 468 2701 an
498 2664 551 2701 ad
579 2664 743 2702 alterum
767 2676 861 2704 casu
880 2666 981 2713 quod
998 2666 1260 2711 interciderit;
1280 2663 1502 2702 Cluvebunt
1526 2664 1656 2702 Ianus
1680 2664 1819 2701 Dousa

257 2722 374 2760 Clara
398 2721 586 2760 cluebunt
609 2723 639 2759 I
642 2723 809 2770 lber-qius
942 2726 965 2762 6
998 2725 1040 2761 111
1066 2725 1212 2762 somnis
1237 2724 1335 2761 mihi
1362 2724 1452 2761 add.
1481 2722 1670 2761 Columna
1679 2736 1693 2768 ,·
1718 2723 1818 2770 conf.

264 2783 373 2829 Very.
387 2779 485 2819 Aen.
499 2793 530 2818 11
552 2788 636 2828 270
651 2782 693 2818 111
713 2783 859 2820 somnis
879 2795 964 2820 ecce
985 2785 1076 2821 ante
1096 2783 1229 2821 oculos
1248 2782 1531 2820 maestissimus
1545 2781 1692 2819 Hector
1710 2782 1817 2819 visus

257 2840 390 2878 adesse
421 2840 518 2877 mihi
548 2841 758 2890 largosque
785 2841 983 2879 effundere
1008 2842 1146 2888 fietus;
1178 2854 1340 2890 quorum
1369 2843 1404 2879 et
1426 2841 1519 2878 haec
1542 2843 1740 2888 postrema
1766 2841 1818 2877 ad

255 2899 432 2937 Ennium
456 2900 583 2937 redire
610 2899 784 2937 Iascretii
809 2902 1065 2938 testimoniium
1090 2902 1143 2938 acl
1167 2914 1193 2939 v
1219 2901 1381 2938 allatum
1406 2901 1510 2938 docet
