2054 3282
945 751 1201 797 INCERTA

1063 858 1080 893 1

329 925 349 965 1
845 921 907 976 [in
934 919 1105 975 templis
1131 919 1285 975 isdem]

1056 1024 1089 1058 H

324 1091 351 1131 2
867 1086 978 1128 inter
1002 1086 1246 1141 ponendum

1050 1196 1101 1230 [11

326 1261 352 1303 3
849 1261 990 1300 versat
1014 1271 1260 1300 mucronem

1049 1373 1100 1408 IV

326 1437 353 1479 4
852 1435 947 1491 quis
974 1438 1015 1477 te
1042 1435 1254 1491 persuasit

1056 1551 1090 1586 V

326 1614 353 1655 5
853 1613 906 1655 ob
933 1613 1104 1655 Troiam
1131 1613 1254 1655 duxit

414 1754 625 1789 INCERTA
650 1755 666 1789 Ι
683 1756 733 1800 (1)
759 1754 885 1789 Cicero
900 1755 991 1789 orat.
1003 1756 1060 1796 47,
1075 1757 1141 1788 157
1156 1753 1314 1790 ‘«isdem
1331 1764 1484 1798 campus
1497 1753 1634 1789 habet»
1649 1753 1774 1798 inquit
1785 1753 1856 1787 En-

298 1808 380 1842 nius
395 1809 491 1853 (ann.
507 1810 589 1853 477)
604 1809 642 1843 et
655 1809 717 1844 «in
731 1807 882 1853 templis
902 1807 1071 1842 isdem».’
1089 1807 1159 1842 hoc
1181 1807 1339 1842 alterum
1352 1806 1564 1841 Ennianum
1577 1818 1651 1842 non
1665 1817 1744 1841 esse
1759 1806 1859 1851 quod

300 1860 389 1895 olim
409 1861 550 1896 credidi
570 1872 654 1896 cum
674 1861 784 1907 vulgo
804 1861 1068 1906 Heerdegenus
1087 1860 1277 1905 probavit3
1303 1860 1388 1894 vide
1408 1860 1455 1894 ad
1476 1870 1559 1894 ann.
1578 1859 1601 1894 l.
1618 1871 1644 1894 s.
1667 1860 1858 1894 adnotata.

417 1913 449 1948 II
463 1916 512 1959 (2)
546 1914 691 1949 Sewius
712 1915 751 1948 in
771 1914 836 1949 ecl.
850 1918 882 1956 9,
896 1917 939 1948 23
956 1914 1075 1948 ‘inter
1089 1913 1292 1959 agendum:
1311 1913 1399 1947 dum
1418 1913 1510 1958 agis.
1526 1914 1564 1947 et
1582 1913 1739 1947 honesta
1758 1912 1859 1947 locu-

298 1967 350 2001 tio
374 1968 439 2009 est,
466 1967 497 2001 si
524 1967 707 2002 dicamus:
731 1967 829 2002 inter
855 1967 1062 2002 cenandum
1080 1966 1151 2001 hoc
1170 1978 1251 2000 sum
1273 1966 1445 2001 locutus.’
1468 1966 1552 2000 add.
1576 1965 1654 2001 cod.
1676 1966 1858 2000 Lemovic.

302 2020 495 2054 ‘Afranius
516 2022 597 2065 (422
618 2021 676 2065 R.)
698 2021 819 2056 «inter
838 2020 1099 2065 loquendum».
1114 2019 1256 2054 Ennius
1278 2019 1398 2055 «inter
1416 2019 1680 2064 ponendum».’

416 2073 465 2107 ΠΙ
485 2075 534 2119 (3)
567 2073 713 2108 Servius
734 2073 920 2108 Danielin.
936 2074 976 2108 in
991 2074 1082 2108 Aen.
1097 2086 1135 2107 1x
1157 2077 1223 2108 744
1242 2085 1277 2118 p.
1295 2076 1373 2116 376,
1390 2076 1433 2107 31
1455 2072 1550 2108 Thil.
1569 2073 1725 2107 ‘versam
1746 2072 1861 2107 librat

299 2126 432 2169 iactat3
453 2128 490 2160 et
509 2128 565 2161 est
584 2127 795 2162 Ennianum
815 2128 961 2163 «versat
978 2127 1242 2162 mucronem».’

417 2179 467 2213 IV
481 2181 530 2224 (4)
558 2179 703 2215 Servius
721 2180 905 2215 Danielin.
918 2180 957 2214 in
970 2179 1060 2214 Aen.
1076 2192 1098 2214 x
1115 2183 1157 2214 10
1170 2191 1206 2224 p.
1220 2183 1299 2222 383,
1311 2183 1354 2213 21
1369 2178 1465 2214 Thil.
1483 2179 1494 2196 ‘
1504 2178 1594 2214 ordo
1615 2179 1739 2213 autem
1753 2178 1860 2224 «quis

299 2232 419 2266 metus
445 2233 562 2267 suasit
587 2234 652 2267 aut
672 2233 740 2268 hos
761 2244 863 2268 arma
889 2233 994 2278 sequi
1013 2232 1225 2278 ferrumque
1244 2233 1458 2268 lacessere».
1479 2244 1554 2267 non
1574 2233 1630 2267 est
1652 2232 1751 2267 enim
1770 2232 1860 2268 «hos

301 2285 453 2328 suasit»,
473 2296 518 2320 ne
538 2286 603 2320 fiat
622 2285 884 2329 σολοικοειὸές;
905 2286 1072 2331 quamvis
1086 2286 1298 2321 inveniatur
1309 2286 1420 2321 huius
1433 2284 1535 2320 modi
1549 2285 1684 2331 figuram
1701 2286 1744 2320 ut
1756 2285 1859 2330 (Aen.

300 2351 352 2372 111
371 2339 454 2382 813)
475 2338 688 2374 «Inturnam
712 2339 847 2375 misero
874 2339 995 2375 fateor
1020 2349 1231 2374 succurrere
1256 2338 1364 2374 fratri
1390 2339 1512 2374 suasi»
1534 2339 1571 2373 et
1592 2338 1733 2373 Ennius
1754 2339 1861 2383 «quis

300 2392 338 2426 te
350 2391 584 2436 persuasit».'
678 2393 731 2428 De
745 2404 851 2428 versu
865 2393 1024 2439 Vergilii
1037 2393 1274 2428 alucinantur
1287 2392 1522 2438 grammatici
1536 2394 1637 2438 (nam
1650 2392 1861 2427 Macrobius

301 2455 448 2489 quoque
469 2444 542 2479 Sat.
558 2458 594 2479 v1
616 2449 647 2489 6,
664 2450 704 2480 11
727 2446 775 2481 ad
795 2457 879 2481 eum
899 2446 1094 2482 adnotavit
1112 2446 1263 2481 solitum
1277 2456 1357 2480 esse
1371 2445 1446 2481 dici
1462 2445 1657 2480 ‘Iuturnae
1674 2445 1811 2480 suadeo
1822 2446 1860 2490 ')‚

300 2499 343 2532 ut
368 2497 537 2543 ambigas
563 2498 608 2532 de
628 2498 747 2534 Ennio
774 2500 864 2544 quid
890 2499 1132 2535 iudicandum
1158 2499 1215 2542 sit,
1243 2509 1468 2544 quamquam
1493 2499 1708 2534 Petronium
1732 2499 1862 2534 notum

302 2551 359 2586 est
376 2550 599 2596 persuadere
619 2550 782 2596 aliquem
802 2552 950 2588 dixisse.

420 2603 453 2638 V
471 2605 522 2650 (5)
559 2603 696 2639 Paulus
716 2604 817 2639 Festi
835 2617 871 2650 p.
889 2609 966 2648 193,
984 2610 1025 2641 13
1043 2606 1109 2640 Th.
1128 2606 1195 2641 ‘ob
1211 2633 1218 2640 .
1235 2634 1242 2640 .
1259 2634 1265 2640 .
1280 2617 1347 2651 pro
1368 2606 1427 2648 ad,
1447 2606 1490 2640 ut
1509 2605 1650 2640 Ennius
1665 2606 1762 2650 (ann.
1779 2607 1861 2649 297)

303 2657 373 2693 «ob
392 2657 549 2692 Romam
568 2658 680 2692 noctu
699 2657 866 2703 legiones
886 2659 1020 2694 ducere
1040 2659 1213 2704 coepit»)
1229 2659 1359 2693 Festus
1375 2659 1439 2684 ‘—
1455 2680 1498 2684 —
1511 2658 1581 2694 «ob
1594 2658 1751 2693 Romam
1769 2669 1838 2692 noc
1855 2658 1859 2703 Ι

303 2732 346 2736 —
363 2732 406 2736 —
421 2710 492 2746 «ob
506 2710 655 2745 Troiam
675 2711 802 2746 duxit»)
814 2711 818 2757 l
831 2712 853 2745 .'
958 2712 1095 2747 Paulus
1108 2725 1143 2757 p.
1158 2716 1236 2755 131,
1250 2715 1291 2746 11
1307 2711 1373 2746 Th.
1391 2712 1567 2746 ‘mortem
1580 2710 1703 2746 obisse
1719 2721 1763 2745 ea
1777 2721 1861 2745 con-

303 2764 501 2799 suetudine
520 2763 668 2806 dicitur,
689 2775 763 2808 qua
784 2764 957 2799 dixerunt
976 2765 1121 2810 antiqui
1135 2765 1205 2801 «ob
1219 2765 1377 2811 Romam
1392 2764 1558 2810 legiones
1573 2764 1725 2799 ductas»
1741 2764 1778 2798 et
1792 2763 1861 2800 «ob

303 2816 453 2851 Troiam
479 2816 587 2852 duxit
611 2817 834 2853 exercitum»
860 2829 926 2862 pro
953 2819 1027 2853 ad.’
1138 2818 1244 2853 Hanc
1269 2818 1493 2863 particulam
1519 2829 1541 2852 a
1565 2816 1682 2852 Paulo
1707 2816 1862 2851 liberius

307 2869 461 2958 Cimffi
480 2870 592 2905 Ennii
617 2870 731 2906 fuisse
755 2870 950 2916 probabile
969 2873 1035 2915 est,
1057 2872 1122 2906 sed
1142 2882 1186 2907 ea
1205 2871 1411 2907 hexametri
1430 2870 1544 2906 fuerit
1563 2881 1610 2905 an
1629 2869 1788 2905 trimetri
1807 2869 1863 2905 in-

307 2933 348 2957 00
451 2951 457 2957 .
