2054 3282
752 166 987 204 HECTORIS
1007 167 1171 203 LYTRA
1661 169 1742 212 151

184 287 264 329 191
299 285 471 331 Infrena
497 289 539 330 et
563 288 703 344 iunge,
728 287 870 330 valida
895 302 1077 344 quorum
1102 289 1313 343 infrenari
1337 290 1498 332 tenacia

298 358 429 401 Minis

919 441 1003 476 XXI

183 502 266 544 193
1049 502 1234 544 inferum
1266 505 1408 545 vastos
1440 518 1590 558 specus

838 702 1079 747 HECUBA

954 808 971 842 Ι

755 875 951 902 Ροιγοοηι
971 875 1099 902 UMBRA
1119 875 1158 909 (3)

179 931 263 973 194
1048 928 1183 972 Cissei

174 1089 258 1125 nius
278 1088 462 1124 haectoris
482 1088 597 1125 listris
612 1087 793 1135 (lystris
803 1117 811 1133 ‚
830 1088 977 1135 litris>
992 1088 1141 1126 «ducet.
1158 1117 1164 1124 .
1182 1118 1188 1123 .
1204 1090 1242 1124 et
1255 1090 1338 1136 iuye
1353 1118 1359 1124 .
1376 1118 1382 1124 .
1399 1090 1543 1126 tenacia
1556 1090 1741 1135 infrenari

215 1142 222 1150 .
256 1142 263 1150 .
325 1143 336 1160 ‚

173 1153 377 1231 mlms}m
397 1197 493 1242 (193)
530 1195 674 1231 Nonius
693 1208 728 1241 p.
745 1199 824 1240 222,
841 1199 884 1231 32
901 1196 1053 1242 ‘specus
1076 1206 1211 1242 genere
1230 1196 1437 1232 masculino
1453 1225 1459 1231 .
1477 1225 1483 1231 .
1501 1225 1507 1231 .
1522 1196 1664 1232 Ennius
1684 1196 1747 1242 ly<

173 1251 240 1286 tris
260 1250 443 1287 «inferum
462 1262 493 1285 v.
509 1250 689 1295 specus».’
800 1249 981 1285 Referunt
1000 1250 1049 1285 ad.
1067 1249 1231 1285 Patrocli
1250 1250 1387 1285 mortui
1410 1250 1600 1295 querelam
1620 1249 1740 1292 αὔτως

173 1304 357 1350 ἀλάλημαι
377 1302 438 1339 ἀν’
459 1304 660 1348 εὐρυπυλὲς
672 1300 787 1345 Ἄιδος
804 1305 856 1338 δῶ
875 1303 916 1338 11.
931 1316 1022 1338 xxm
1038 1307 1098 1348 743
1120 1304 1184 1338 sed
1204 1305 1242 1338 et
1261 1304 1523 1339 Andromacha
1542 1304 1739 1339 Hectorem

172 1357 399 1393 lamentatur
408 1357 534 1392 llxxn
546 1361 613 1391 482
626 1362 695 1393 νῦν
706 1357 747 1392 δὲ
762 1357 804 1391 σὺ
819 1355 885 1402 μέν
899 1354 934 1402 ῥ’
945 1355 1069 1392 Ἀίδαο
1085 1355 1223 1402 δόμους
1233 1357 1305 1392 ὑπὸ
1320 1357 1471 1393 κεύθεσι
1485 1355 1593 1403 γαίης
1605 1357 1736 1404 ἔρχεαι.

290 1440 486 1476 HECUBA
523 1440 577 1475 Ex
596 1439 787 1484 Euripidis
801 1439 956 1475 Hecuba
975 1451 1187 1485 expressam
1208 1451 1287 1475 esse
1306 1441 1349 1475 ut
1361 1451 1419 1475 res
1434 1440 1543 1492 docet
1555 1440 1611 1475 ita
1623 1441 1737 1476 testa-

172 1496 233 1530 tur
247 1494 387 1530 Gellius
408 1494 456 1529 ad
475 1506 498 1528 v
518 1493 664 1529 citatus.
680 1493 862 1538 Pleraque
877 1492 1019 1529 Graeca
1038 1493 1115 1529 iam
1135 1492 1314 1529 Columna
1333 1495 1432 1529 recte
1453 1505 1537 1529 cum
1555 1493 1737 1529 Ennianis

172 1547 338 1583 versibus
359 1547 576 1593 composuit.

290 1602 307 1636 I
326 1603 423 1647 (194)
457 1600 601 1636 Servius
615 1600 655 1635 in
667 1600 757 1635 Aen.
773 1613 824 1636 vn
838 1604 907 1635 320
924 1600 934 1618 ‘
945 1600 1095 1636 Cisseis:
1117 1601 1249 1647 regina
1261 1601 1417 1636 Hecuba
1435 1600 1515 1636 filia
1535 1601 1737 1636 secundum

171 1655 388 1700 Euripidem
408 1654 534 1697 Cissei,
561 1658 671 1699 quem
689 1654 830 1689 Ennius
850 1654 1031 1689 Pacuvius
1052 1655 1090 1689 et
1102 1654 1290 1700 Vergilius
1310 1656 1530 1699 sequuntur:
1557 1666 1644 1689 nam
1663 1654 1737 1689 Ho-

170 1719 291 1744 merus
311 1708 508 1753 Dymantis
529 1707 646 1742 dicit?
662 1707 759 1742 Hinc
772 1708 989 1743 Lactantius
1002 1707 1042 1742 in
1056 1707 1148 1743 Stat.
1163 1708 1297 1743 Achill.
1312 1722 1325 1742 1
1340 1712 1383 1742 22
1401 1708 1411 1725 ‘
1421 1708 1575 1743 Hecuba
1594 1708 1672 1742 filia
1687 1736 1693 1743 .
1708 1736 1714 1742 .
1729 1736 1735 1742 .

171 1762 370 1798 secuntur.’
393 1761 445 1796 Cf.
466 1761 651 1807 mythogr.
666 1760 786 1796 Vatic.
802 1775 829 1796 11
848 1761 923 1797 fab.
940 1764 1018 1796 197,
1146 1761 1344 1807 Euripides
1364 1762 1452 1797 Hec.
1469 1766 1488 1796 3
1510 1761 1737 1806 Πολύδωρος

166 1815 329 1864 Ἑκάβης
347 1821 436 1857 παῖς
455 1815 569 1861 γεγὼς
586 1820 651 1860 τῆς
669 1814 833 1857 Κισσέως
852 1815 1026 1860 Πριάμου
1045 1829 1084 1851 τε
1102 1813 1253 1860 πατρός.

169 1965 266 2003 nihil
295 1967 350 2003 est
374 1965 452 2002 nisi
480 1966 650 2002 mutatus
679 1965 771 2002 ordo
803 1977 836 2002 v.
861 1964 1018 2002 tenacia
1044 1963 1234 2002 infrenari
1252 1975 1329 2011 pro
1357 1964 1548 2001 infrenari
1577 1964 1734 2003 tenacia

170 2025 271 2072 quod
294 2025 449 2071 reposui
474 2023 620 2070 duplica·
644 2024 755 2061 metri
774 2025 980 2070 offensione
999 2024 1200 2061 suadente:
1226 2023 1327 2070 quod
1352 2034 1439 2060 vero
1459 2022 1534 2061 duc
1555 2024 1594 2060 et
1612 2024 1733 2071 scrip-

169 2085 204 2121 si
221 2094 298 2131 pro
324 2082 440 2120 ducet
458 2084 618 2130 propter
642 2083 880 2130 insequentes
906 2083 1221 2129 imperatio-orum
1247 2082 1396 2129 formas
1426 2084 1460 2119 et
1486 2082 1587 2130 quod
1614 2082 1733 2133 iunge

171 2137 291 2195 (quod
309 2143 351 2179 in
371 2141 500 2189 aliquo
526 2142 650 2179 codice
668 2141 741 2189 leyi
760 2135 965 2194 testantur)
986 2152 1062 2189 pro
1086 2142 1189 2191 iuge,
1212 2152 1277 2179 eae
1300 2153 1349 2178 ne
1367 2143 1459 2179 sunt
1476 2141 1629 2189 quidem
1654 2153 1733 2180 cor-

168 2203 372 2246 rectione&
397 2201 443 2239 de
468 2201 585 2251 iunge
613 2201 659 2248 cf.
682 2200 821 2238 Tibull.
842 2213 857 2237 1
879 2209 916 2249 2,
933 2208 979 2248 71
1011 2200 1130 2238 boves
1152 2212 1241 2238 mea
1267 2200 1301 2238 si
1325 2201 1456 2238 tecum
1481 2200 1597 2238 modo
1618 2200 1735 2239 Delia

168 2262 317 2311 possim
341 2261 526 2311 iungere,·
557 2258 695 2298 Catull.
718 2257 786 2308 63,
803 2258 854 2306 76
882 2260 1017 2297 iuncta
1042 2260 1137 2310 iuga
1161 2259 1381 2305 resolvens;
1407 2260 1453 2298 de
1477 2260 1595 2298 minis
1623 2259 1732 2299 Ovid.

170 2332 214 2358 ex
232 2320 339 2358 Pont.
361 2333 375 2357 1
396 2317 500 2368 8,56
521 2319 604 2369 ipse
625 2332 696 2370 ego
717 2349 748 2356 ..
770 2318 934 2357 ducam
958 2318 1148 2357 ruricolas
1170 2318 1252 2357 sub
1278 2320 1391 2370 iuga
1417 2331 1537 2358 curva
1555 2318 1674 2357 boves
1695 2321 1734 2358 et

169 2380 329 2428 discam,
355 2378 481 2417 Getici
509 2391 608 2427 quae
636 2380 782 2417 norunt
807 2378 927 2416 verba
954 2378 1122 2427 iuvenci,
1147 2378 1330 2417 adsuetas
1358 2378 1439 2417 illis
1470 2378 1733 2428 adiiciamque

167 2441 320 2477 minas
327 2452 341 2484 ,·
367 2439 413 2477 dc
437 2439 593 2476 tenacia
616 2439 706 2487 equi
727 2437 836 2476 Ouid.
857 2449 931 2475 am.
952 2449 998 2475 111
1019 2447 1058 2487 4,
1078 2446 1125 2484 13
1258 2437 1432 2476 Ceterum
1451 2439 1551 2486 quod
1567 2438 1661 2476 haec
1680 2439 1733 2477 ad

168 2496 332 2536 Achillis
352 2508 465 2546 equos
483 2498 657 2545 referunt
676 2499 710 2535 et
728 2509 774 2535 ea
792 2508 890 2545 quae
905 2496 959 2534 Il.
973 2509 1044 2535 xvi
1062 2509 1088 2535 a
1104 2509 1138 2535 v.
1153 2506 1167 2532 1
1178 2505 1231 2545 45
1249 2499 1479 2542 narrantur,
1497 2508 1561 2546 eqo
1581 2497 1732 2546 lonqius

168 2558 331 2601 discedo,
347 2559 380 2595 et
397 2557 490 2595 haec
509 2568 552 2596 em
565 2557 795 2605 philosopha
813 2556 1025 2604 moralique
1041 2557 1299 2605 disputatione
1310 2559 1495 2605 prompta
1511 2557 1618 2601 duco,
1638 2557 1732 2595 haec

170 2619 203 2654 et
227 2629 312 2661 xm,
340 2628 438 2665 quae
462 2616 622 2654 Priamo
646 2617 764 2654 nimis
787 2617 934 2654 incerta
959 2617 1136 2664 opinione
1155 2617 1396 2655 tribuuntur:
1423 2617 1619 2654 domanda
1646 2617 1731 2663 equi

169 2677 319 2714 tenacia
337 2678 468 2715 notum
489 2678 542 2714 est
560 2676 731 2723 quotiens
751 2676 791 2713 in
813 2675 876 2713 illo
892 2687 1028 2724 qenere
1049 2675 1215 2724 exemplo
1233 2676 1370 2723 fuerit:
1390 2673 1443 2726 μή
1464 2669 1504 2725 μ’
1527 2672 1731 2713 ἀέκοντα

168 2735 236 2790 βίῃ
256 2740 403 2773 κεντῶν
422 2730 491 2773 ὑπ’
511 2732 666 2785 ἅμαξαν
685 2732 822 2772 ἔλαυνε
844 2735 1009 2782 Theoyn.
1027 2742 1104 2783 371
1118 2749 1132 2781 ,·
1153 2736 1201 2783 cf.
1220 2734 1390 2783 Sophocl.
1405 2733 1536 2781 Antiy.
1553 2741 1634 2781 477
1651 2744 1728 2782 sqq.

168 2794 351 2843 Euripid.
371 2794 503 2833 Plu-ix.
522 2795 572 2842 fr.
590 2791 640 2830 82
654 2803 667 2829 1
689 2788 858 2846 (Nauck.
878 2788 927 2847 11)
942 2805 1040 2842 quae
1062 2793 1192 2833 Cicero
1211 2796 1322 2832 vertit
1342 2793 1495 2832 Tuscul.
1514 2805 1560 2830 111
1579 2790 1645 2841 28,
1661 2791 1728 2840 67.

172 2852 301 2891 Cicero
322 2854 405 2901 ipse
429 2854 475 2891 cle
494 2855 556 2901 off.
571 2866 585 2891 1
608 2851 672 2901 26,
691 2862 768 2901 90,·
787 2853 833 2891 dc
851 2865 929 2901 rep.
945 2865 976 2891 11
997 2863 1064 2901 40,
1080 2851 1132 2901 67
1154 2866 1263 2892 mens
1288 2865 1367 2891 non
1392 2864 1512 2890 unam
1533 2846 1726 2904 (beluam)

170 2914 239 2950 aut
262 2913 420 2951 facilem
446 2913 495 2951 ad
521 2912 781 2963 subigendum
806 2913 968 2951 frenat
987 2914 1035 2951 et
1060 2913 1243 2958 domat;
1264 2911 1372 2951 Ouid.
1387 2923 1491 2950 cmm
1514 2919 1550 2960 2,
1565 2919 1612 2958 15

1742 2976 1745 3003 ι
