2054 3282
361 143 443 184 198
1026 131 1226 168 scch

1071 249 1189 284 XXIV

356 319 442 360 408
474 317 715 359 Mulierem:
748 313 849 368 quid
875 312 1018 367 potius
1044 311 1182 352 dicam
1207 312 1282 351 aut
1307 309 1447 351 verius
1474 324 1603 364 quam
1628 308 1850 351 mulierem

1077 414 1178 449 XXV

356 483 440 524 409
472 481 699 523 Benefacta
725 478 833 519 male
858 477 997 519 locata
1022 475 1247 517 malefacta
1272 475 1465 517 arbitror.

1074 579 1192 614 XXVI

355 646 441 687 410
814 642 963 684 induta
988 641 1071 683 fuit
1097 656 1221 683 saeva
1247 640 1357 683 stola

1061 745 1199 780 XXVII

354 811 437 852 411
896 807 1051 850 cubitis
1077 807 1298 862 pinsibant
1321 807 1500 849 humum

1057 911 1211 946 XXVIII

354 976 440 1017 412
471 975 706 1016 Flammam
732 989 757 1015 a
782 974 964 1028 sapienti
990 973 1158 1015 facilius
1185 988 1256 1015 ore
1282 974 1327 1016 in
1353 973 1525 1016 ardente
1552 973 1739 1029 opprimi
1786 1008 1790 1011 .

475 1046 609 1096 Quam
636 1046 748 1087 bona
773 1045 885 1086 dicta
910 1047 1065 1086 teneat.

471 1185 589 1220 XXIV
603 1187 699 1231 (408)
725 1185 890 1220 Rutilius
904 1185 1030 1230 Lupus
1044 1199 1057 1220 1
1075 1189 1118 1220 12
1135 1185 1229 1220 rhet.
1244 1186 1324 1220 Lat.
1338 1198 1372 1230 p.
1387 1189 1418 1228 8,
1436 1188 1479 1219 18
1494 1185 1615 1220 Halm.
1634 1185 1834 1231 εδιαφορά.
1849 1185 1919 1221 1100

355 1240 503 1274 schema
530 1250 613 1273 cum
638 1239 790 1273 verbum
816 1239 994 1274 iteratum
1020 1238 1135 1274 aliam
1161 1239 1386 1274 sententiam
1412 1239 1600 1284 significat
1626 1250 1669 1274 ac
1695 1239 1921 1285 significavit

353 1293 473 1338 primo
500 1293 651 1327 dictum.
673 1292 713 1327 id
737 1294 793 1327 est
815 1292 1030 1327 huiusmodi
1050 1292 1171 1329 «hunc
1194 1294 1246 1335 tu,
1267 1292 1384 1327 frater
1403 1292 1569 1328 eiusdem
1590 1292 1784 1353 sanguinis
1803 1293 1920 1338 parti-

354 1357 450 1406 ceps,
466 1346 504 1380 in
521 1346 591 1381 hac
608 1346 759 1381 fortuna
776 1346 945 1381 deserere
961 1346 1128 1391 potuisti,
1144 1346 1249 1381 cuius
1266 1357 1466 1381 aerumnae
1483 1347 1649 1391 quemvis
1667 1346 1781 1381 etiam
1800 1348 1920 1381 extra-

353 1400 448 1434 rium
468 1399 666 1443 hominem,
680 1400 791 1435 modo
805 1399 1004 1442 hominem,
1020 1410 1249 1435 commovere
1265 1401 1451 1445 possent».
1465 1399 1557 1434 item
1571 1400 1780 1436 universum
1794 1399 1922 1445 (item

354 1453 468 1487 Enni
489 1464 642 1488 versus
656 1452 866 1488 Meinekius
885 1453 995 1488 item
1014 1452 1060 1487 in
1074 1453 1190 1488 Enni
1210 1464 1340 1488 versu
1353 1452 1538 1498 Halmius)
1553 1452 1787 1489 «mulierem.
1802 1464 1921 1488 ..mu-

354 1506 533 1542 lierem».’
668 1506 826 1541 Versum
846 1506 1091 1552 Euripideum
1112 1506 1159 1542 de
1180 1506 1415 1542 Stheneboea
1435 1510 1503 1542 666
1522 1505 1666 1542 Nauck.
1682 1520 1710 1541 11
1729 1503 1757 1542 ὦ
1777 1519 1921 1552 παγκα-

354 1558 458 1606 niam]
484 1560 548 1594 καὶ
574 1559 682 1605 γυνή·
709 1557 745 1594 τί
771 1559 841 1605 γὰρ
870 1558 985 1605 λέγων
1010 1559 1134 1606 μεῖζόν
1159 1572 1198 1596 σε
1227 1558 1335 1597 τοῦδ’
1359 1560 1503 1602 ὄνειδος
1531 1558 1670 1603 ἐξείποι
1694 1573 1750 1602 τις
1775 1559 1822 1595 ἄν
1846 1559 1923 1595 iam

354 1613 598 1648 Ruhnkenius
613 1613 816 1648 contendit.
832 1613 886 1647 Ex
900 1613 1085 1648 similibus
1099 1613 1276 1649 conviciis
1290 1615 1466 1656 veterum,
1482 1624 1578 1658 quae
1591 1613 1820 1648 Ribbeckius
1838 1624 1922 1648 con-

355 1666 481 1712 gessit,
503 1678 586 1701 eum
605 1666 787 1701 Ennianis
808 1667 1015 1712 comparari
1035 1668 1192 1712 possunt
1210 1667 1303 1702 haec
1322 1666 1587 1712 Polymestoris
1606 1667 1646 1702 in
1662 1666 1817 1701 Hecuba
1831 1669 1922 1716 1178

358 1719 396 1755 εἴ
408 1734 464 1762 τις
484 1726 663 1765 γυναῖκας
681 1726 754 1755 τῶν
774 1721 863 1765 πρὶν
881 1720 1026 1766 εἴρηκεν
1039 1726 1162 1762 κακῶς
1175 1719 1197 1765 ἢ
1211 1726 1279 1756 νῦν
1293 1719 1408 1766 λέγων
1423 1721 1520 1756 ἔστιν
1539 1734 1595 1762 τις
1613 1718 1635 1765 ἢ
1655 1718 1773 1765 μέλλει
1792 1718 1923 1765 λέγειν,

357 1773 505 1808 ἅπαντα
531 1779 648 1809 ταῦτα
674 1774 861 1819 συντεμὼν
890 1774 959 1819 ἐγὼ
980 1773 1127 1819 φράσω
1151 1773 1258 1819 γένος
1277 1774 1347 1820 γὰρ
1369 1773 1452 1809 οὔτε
1472 1772 1609 1815 πόντος
1628 1773 1712 1809 οὔτε
1731 1777 1777 1819 γῆ
1797 1771 1925 1818 τρέφει

357 1826 512 1863 τοιόνδε.

474 1880 575 1915 XXV
589 1883 686 1927 (409)
713 1881 838 1916 Cicero
859 1881 905 1916 de
926 1880 985 1916 off.
1001 1894 1029 1916 11
1050 1884 1104 1924 18,
1121 1884 1164 1916 62
1182 1880 1301 1916 ‘iniis
1316 1881 1380 1925 qui
1400 1891 1439 1916 se
1459 1880 1629 1916 adiuvari
1648 1881 1774 1916 volent
1794 1909 1800 1915 .
1818 1909 1824 1915 .
1841 1909 1847 1915 .
1868 1891 1924 1916 re-

357 1933 476 1968 stricti
496 1934 646 1969 omnino
667 1945 747 1970 esse
766 1934 869 1970 nullo
888 1935 999 1970 modo
1020 1934 1197 1970 debemus
1218 1934 1283 1969 sed
1302 1934 1342 1969 in
1362 1934 1572 1980 deligendis
1585 1933 1730 1969 idoneis
1743 1934 1924 1969 iudicium

358 1988 395 2022 et
421 1987 658 2033 diligentiam
684 1988 872 2023 adhibere.
897 1999 984 2023 nam
1009 1988 1200 2033 praeclare
1226 1987 1368 2023 Ennius
1395 1987 1519 2024 «bene
1545 1987 1647 2023 facta
1672 1987 1926 2033 (beneficia

357 2041 462 2075 Bern.
479 2052 498 2075 0
518 2041 595 2075 Ρ31.
611 2041 728 2087 Harl.)
745 2070 751 2076 .
769 2070 775 2075 .
793 2070 798 2075 .
816 2041 1027 2078 arbitror».'

475 2094 593 2128 XXVI
607 2096 703 2140 (410)
737 2095 882 2131 Servius
903 2095 942 2130 in
955 2095 1046 2130 Aen.
1061 2109 1073 2129 1
1094 2099 1115 2129 4
1132 2095 1301 2130 ‘saevaez
1322 2105 1406 2130 cum
1421 2105 1443 2128 a
1456 2094 1619 2129 iuvando
1639 2094 1742 2129 dicta
1761 2094 1811 2129 sit
1822 2094 1925 2136 Iuno,

358 2149 542 2192 quaerunt
560 2148 669 2183 multi
690 2160 754 2184 cur
774 2159 857 2184 eam
877 2149 1014 2184 dixerit
1033 2159 1182 2183 saevam
1202 2149 1240 2183 et
1257 2149 1395 2193 putant
1407 2147 1613 2193 temporale
1626 2158 1706 2183 esse
1720 2147 1925 2192 epitheton,

359 2200 467 2245 quasi
486 2211 596 2236 saeva
616 2201 715 2237 circa
733 2202 924 2245 Troianos,
944 2202 1153 2237 nescientes
1173 2201 1273 2246 quod
1299 2212 1447 2236 saevam
1467 2200 1644 2236 dicebant
1661 2202 1803 2236 veteres
1822 2211 1927 2246 mag-

358 2264 455 2288 nam.
477 2254 529 2289 sic
549 2254 689 2289 Ennius
710 2256 866 2292 «induta
884 2257 960 2300 fuit
979 2268 1006 2290 s,
1022 2254 1168 2291 stola»)
1282 2254 1462 2300 Cynthius
1478 2253 1691 2290 Cenetensis
1711 2254 1751 2289 in
1765 2254 1856 2289 Aen.
1872 2267 1886 2288 1
1904 2258 1926 2289 4

360 2306 416 2353 (A.
435 2307 512 2341 Mai
533 2307 637 2343 class.
654 2311 749 2344 auct.
767 2323 819 2345 v11
840 2313 907 2344 327
927 2322 963 2355 p.
982 2313 1003 2343 4
1024 2309 1080 2344 ed.
1096 2308 1225 2354 Dozio)
1245 2308 1397 2343 ‘saevus
1423 2307 1562 2343 dicitur
1587 2307 1747 2343 crudelis
1772 2317 1927 2352 prosper

361 2361 400 2394 et
418 2370 586 2405 magnus.
608 2361 750 2397 Ennius
771 2362 928 2398 «induta
946 2367 997 2399 est
1016 2375 1042 2398 8.
1059 2362 1208 2398 stola».'

478 2412 613 2448 XXVII
627 2416 723 2461 (411)
750 2415 867 2451 Varro
882 2416 965 2451 del.
981 2416 1019 2450 L.
1034 2429 1057 2451 v
1072 2419 1116 2450 23
1133 2416 1253 2450 ‘terra
1271 2416 1315 2449 ut
1326 2416 1463 2460 putant
1477 2415 1608 2450 eadem
1621 2415 1659 2449 et
1671 2414 1823 2458 humus;
1842 2413 1927 2449 ideo

361 2466 523 2501 Ennium
542 2466 581 2501 in
600 2468 737 2503 terram
757 2469 926 2504 cadentis
947 2469 1071 2504 dicere
1091 2468 1251 2505 «cubitis
1270 2480 1305 2513 p.
1321 2468 1525 2503 humum»)
1625 2467 1677 2503 Cf.
1693 2478 1776 2502 31111.
1793 2470 1872 2502 351.

479 2519 631 2554 XXVIII
645 2523 740 2567 (412)
774 2522 899 2558 Cicero
920 2523 966 2558 de
986 2524 1077 2558 orat.
1093 2535 1120 2557 11
1138 2525 1194 2565 54,
1209 2525 1275 2556 221
1294 2521 1415 2566 ‘quod
1435 2522 1492 2556 081
1510 2520 1723 2556 hominibus
1741 2519 1873 2557 facetis
1890 2521 1929 2555 et

482 2693 566 2731 409
591 2691 650 2740 Cf.
664 2692 805 2732 Livius
824 2706 882 2733 vn
898 2702 964 2742 20,
982 2702 1004 2742 5
1019 2695 1064 2732 ut
1084 2706 1156 2733 sua
1174 2695 1309 2733 vetera
1327 2693 1526 2742 beneficia,
1546 2693 1676 2732 locata
1695 2693 1928 2742 praesertim

364 2752 469 2802 apud
494 2753 578 2790 tam
603 2753 750 2803 gratos,
775 2754 887 2791 novis
914 2755 1208 2803 corrumperent
1231 2752 1446 2791 maleficiis.
1466 2752 1595 2790 Plaut.
1614 2751 1770 2790 mostell.
1791 2760 1871 2798 242
1894 2752 1929 2789 si

363 2811 451 2849 Iovi
476 2823 521 2850 eo
548 2813 711 2862 argento
737 2811 1027 2861 sacrificassem,
1047 2825 1263 2862 numquam
1289 2825 1412 2861 aeque
1431 2811 1472 2850 id
1490 2811 1588 2850 bene
1613 2811 1803 2849 locassem

366 2871 449 2908 412
471 2871 632 2909 Rectwm
657 2882 702 2910 ex
718 2872 905 2920 pendenti
929 2873 1139 2910 orationem
1164 2871 1395 2910 Ribbeck-ius
1420 2871 1585 2910 restituit
1608 2869 1713 2907 Nam
1738 2869 1775 2907 fl.
1795 2863 1871 2922 (vel
1890 2868 1926 2906 fl.
