2004 3278
227 213 318 249 CXL
776 212 802 247 Ι.
829 211 1058 247 HISTORIA
1082 211 1220 247 ENNII

346 324 454 370 Quae
474 323 651 363 condicio
670 323 896 362 litterarum
919 324 1040 362 fuerit
1058 325 1145 362 tum
1165 336 1253 362 cum
1271 325 1445 374 primum
1464 325 1583 364 Ennii
1602 326 1791 376 reliquias

228 384 412 438 colligere
432 382 612 432 conabar,
637 383 750 421 nulla
768 396 809 421 re
828 383 955 433 magis
975 384 1229 432 conspicuum
1248 383 1294 422 fit
1313 396 1433 434 quam
1453 384 1556 434 quod
1577 384 1625 423 de
1645 385 1791 424 artium

229 443 496 493 scriptoribus,
524 442 665 492 quibus
691 442 790 480 mihi
814 441 1005 480 utendum
1029 442 1118 491 fuit,
1143 455 1244 481 unus
1272 442 1472 482 Charisius
1495 456 1629 483 recens
1661 444 1790 483 editus

227 501 419 551 exstabat,
444 514 478 540 a.
502 502 615 540 1840
639 501 831 540 Friderici
855 473 1119 540 Lindemanni
1144 514 1263 551 opera
1287 502 1524 553 recognitus,
1550 503 1615 552 qui
1640 502 1791 552 Corpus

223 562 568 610 grammaticorum
581 561 820 599 Latinorum
837 563 1017 606 veterum,
1037 561 1140 611 quod
1160 561 1450 599 restituendum
1464 564 1687 612 susceperat
1700 575 1789 602 con-

226 620 315 659 silio
329 633 407 658 non
420 620 680 670 improbando
694 620 762 659 sed
781 620 931 659 viribus
950 620 1180 671 imparibus,
1200 633 1278 659 non
1297 621 1405 659 ultra
1423 621 1636 660 voluminis
1656 623 1790 671 quarti

226 680 457 718 fasciculum
475 681 658 730 primum,
680 680 749 729 qui
771 678 994 718 Charisium
1012 681 1132 728 tenet,
1150 679 1346 730 produxit.
1366 680 1482 718 Nunc
1500 682 1631 719 totum
1649 693 1790 730 corpus

226 738 575 789 grammaticorum
598 738 833 777 Latinorum
859 740 1010 788 septem
1034 739 1299 778 voluminibus
1325 739 1374 778 ab
1401 752 1434 778 a.
1458 740 1570 778 1857
1597 739 1647 778 ad
1675 741 1789 778 1880

226 798 389 836 Hem-ici
407 798 530 836 Keilii
555 798 748 849 singulari
768 798 978 849 diligentia
997 811 1086 836 cum
1103 798 1191 848 pari
1210 799 1422 849 prudentia
1443 798 1652 838 coniuncta
1677 798 1789 838 abso-

228 858 357 895 lutum
381 858 548 908 prostat,
574 857 782 895 accedente
808 857 929 895 etiam
954 857 1003 895 H.
1029 857 1185 908 Hageni
1211 858 1494 908 supplemento.

345 915 464 955 Cuius
479 917 651 966 corporis
666 928 763 966 quas
776 918 931 966 partem
942 929 1023 955 esse
1034 917 1163 956 voluit
1174 916 1365 956 Prisciani
1375 916 1645 956 institutiones
1659 931 1789 968 gram-

225 976 402 1025 maticas,
430 975 527 1014 mihi
553 975 648 1014 olim
672 977 831 1026 praeter
855 975 1086 1014 Putsehium
1111 977 1152 1014 in
1178 976 1331 1014 Krehlii
1357 977 1533 1026 exemplo
1561 977 1786 1026 volvendas,

224 1035 419 1074 Martinus
432 1035 616 1074 Hertzius
631 1035 682 1074 ad
695 1035 843 1074 similes
853 1034 984 1074 Keilio
998 1048 1076 1073 non
1089 1035 1207 1085 plane
1218 1047 1418 1085 compares
1429 1035 1602 1074 rationes
1614 1049 1648 1074 a.
1661 1036 1787 1074 1855.

229 1095 339 1133 1859
355 1095 562 1143 recensuit,
582 1094 687 1133 idem
708 1096 923 1144 separatim
937 1107 961 1132 a
975 1107 1136 1144 corpore
1151 1093 1270 1133 Gellii
1283 1096 1416 1133 noctes
1429 1094 1598 1144 Atticas,
1616 1107 1714 1144 quas
1727 1096 1787 1134 bis

225 1167 258 1192 a.
282 1154 394 1191 1853
416 1155 456 1192 et
478 1154 588 1192 1886
610 1153 735 1192 nudas
755 1153 805 1192 ab
825 1154 932 1192 omni
946 1153 1200 1192 adnotatione
1214 1154 1460 1205 vulgaverat,
1480 1166 1513 1192 a.
1531 1154 1655 1192 1883.
1674 1155 1785 1193 1885

225 1213 468 1262 amplissimo
501 1215 695 1262 apparatu
728 1213 863 1251 critico
896 1213 1116 1252 cumulatas
1156 1212 1298 1251 edidit:
1337 1214 1408 1263 qui
1444 1214 1506 1251 vir
1542 1213 1680 1252 doctus
1714 1213 1788 1252 hoc

225 1272 378 1321 habuit,
403 1273 449 1310 ut
473 1273 514 1309 in
540 1271 777 1321 exponendis
804 1272 926 1322 copiis
952 1272 1028 1311 sibi
1053 1273 1119 1310 vix
1144 1273 1391 1311 satisfaceret
1420 1274 1459 1310 et
1490 1284 1786 1322 nonnumquam

223 1332 346 1370 nimio
379 1331 528 1369 citandi
560 1333 631 1369 aut
660 1331 851 1370 laudandi
885 1331 1016 1370 studio
1052 1332 1329 1382 perspicuitati
1361 1331 1552 1380 officeret,
1583 1332 1625 1369 in
1655 1332 1786 1371 verbis

224 1393 356 1428 autem
379 1392 586 1428 auctorum
605 1402 764 1429 suorum
785 1391 1070 1430 constituendis
1091 1403 1206 1441 saepe
1225 1392 1375 1430 incerto
1395 1390 1542 1430 iudicio
1563 1391 1786 1430 vacillaret:

223 1452 269 1488 ut
295 1449 467 1488 Gellium
491 1451 662 1499 mittam,
694 1449 741 1488 de
774 1463 851 1499 quo
884 1450 981 1488 alibi
1012 1450 1104 1499 dixi,
1135 1463 1184 1489 ne
1215 1451 1258 1489 in
1282 1450 1485 1489 Prisciano
1517 1450 1677 1500 quidem
1707 1463 1787 1490 non

225 1521 341 1559 saepe
367 1510 526 1557 erravit,
553 1509 673 1559 cuius,
699 1511 745 1547 ut
763 1509 836 1548 hoc
855 1511 948 1548 utar
968 1510 1157 1559 exemplo,
1182 1510 1328 1548 multas
1352 1522 1467 1548 voces
1486 1511 1551 1549 vel
1569 1511 1785 1555 sententias

224 1568 445 1618 explicandi
470 1581 589 1607 causa
613 1582 684 1618 per
707 1569 750 1607 id
775 1571 830 1607 est
853 1569 1021 1608 insertas
1046 1570 1214 1608 resecari
1238 1569 1366 1618 iussit,
1391 1582 1489 1619 quas
1508 1570 1705 1608 neminem
1723 1570 1787 1608 fu-

223 1641 313 1679 gere
344 1629 501 1677 poterat
531 1628 648 1677 plane
680 1640 762 1667 esse
793 1628 840 1666 de
871 1641 979 1667 more
1008 1628 1125 1667 huius
1156 1629 1349 1680 magistri.
1383 1627 1460 1667 Sed
1489 1629 1563 1668 hoc
1594 1630 1685 1667 utut
1713 1630 1784 1678 est,

223 1687 360 1737 copiae
387 1687 527 1736 quibus
554 1699 651 1737 opus
678 1688 737 1726 est
760 1689 925 1737 paratae
951 1689 1055 1736 sunt,
1080 1689 1121 1726 et
1146 1700 1244 1737 quas
1267 1687 1362 1726 olim
1381 1700 1427 1726 ex
1447 1687 1646 1726 codicibus
1666 1687 1785 1727 Gellii

222 1747 262 1784 et
286 1746 481 1784 Prisciani
506 1748 708 1796 excerptas
734 1747 951 1797 scripturas
985 1759 1063 1796 qua
1095 1748 1181 1785 erat
1210 1742 1463 1785 humanitate
1494 1758 1646 1785 mecum
1680 1758 1807 1786 com-'

223 1806 456 1854 municavit,
483 1816 550 1843 eae
575 1817 678 1843 nunc
702 1806 745 1844 in
771 1806 854 1844 eius
880 1805 1202 1845 adnotationibus
1228 1807 1429 1856 expositae
1454 1806 1652 1857 leguntur.

341 1863 443 1909 Quid
458 1864 504 1903 de
517 1864 648 1903 Nonio
658 1865 845 1903 Marcello
860 1865 1000 1914 dicam,
1014 1865 1061 1903 de
1075 1878 1152 1914 quo
1167 1866 1262 1904 olim
1274 1867 1431 1915 praeter
1440 1865 1657 1904 Mercerum
1670 1866 1783 1904 Basi-

221 1924 370 1972 leenses
385 1918 437 1976 (a.
456 1918 588 1976 1842)
607 1924 836 1962 consulendi
856 1926 980 1973 erant,
999 1937 1102 1963 nunc
1115 1925 1224 1975 optio
1239 1924 1334 1963 data
1347 1926 1407 1963 est
1420 1924 1467 1963 de
1481 1924 1607 1964 tribus
1621 1925 1782 1964 editori-

221 1982 293 2021 bus
313 1982 485 2033 eligendi
504 1996 619 2032 quem
638 1984 890 2033 potissimum
909 1995 1084 2033 sequare,
1109 1984 1178 2033 qui
1197 1985 1331 2022 tamen
1349 1985 1392 2022 in
1411 1996 1455 2022 eo
1482 1985 1711 2033 conspirant
1736 1986 1783 2023 ut

222 2054 337 2080 suum
349 2043 514 2092 quisque
524 2042 698 2081 Nonium
708 2056 828 2092 quam
840 2043 1203 2081 emendatissimum
1213 2043 1394 2082 exhibere
1405 2043 1607 2082 studeant:
1621 2043 1663 2081 id
1677 2043 1782 2093 quod

221 2102 319 2139 mihi
337 2102 490 2140 ratione
509 2114 653 2152 parum
672 2102 919 2141 considerata
938 2102 1023 2140 fieri
1042 2101 1208 2140 videtur.
1228 2102 1366 2152 Neque
1385 2102 1488 2141 enim
1507 2102 1660 2141 Nonius
1674 2103 1708 2141 is
1722 2104 1782 2141 est

221 2161 515 2211 grammaticus,
541 2173 655 2210 quem
676 2162 763 2211 quis
790 2162 1069 2200 oblectamenti
1094 2173 1211 2201 causa
1236 2162 1365 2213 legere
1390 2162 1536 2212 cupiat,
1562 2162 1630 2200 sed
1653 2163 1687 2200 is
1713 2174 1782 2212 po-

221 2221 302 2258 tius
323 2221 432 2258 cuius
451 2219 571 2259 verba
590 2220 631 2258 in
649 2220 724 2259 hac
742 2220 934 2259 immensa
958 2220 1072 2270 copia
1096 2220 1413 2260 testimoniorum
1439 2233 1486 2259 ex
1511 2221 1617 2259 omni
1642 2233 1782 2272 genere

221 2279 446 2318 litterarum
464 2280 697 2319 haustorum
716 2280 845 2319 utenti
865 2292 1018 2330 semper
1037 2281 1226 2319 acerrimo
1246 2280 1392 2318 iudicio
1413 2280 1666 2330 expendenda
1684 2279 1781 2319 sint:

220 2339 263 2376 in
289 2351 367 2388 qua
391 2351 434 2377 re
458 2351 538 2377 non
563 2339 768 2389 quaeritur
792 2339 888 2390 quid
915 2338 1009 2378 Caio
1037 2341 1106 2378 aut
1130 2339 1237 2378 Titio
1262 2340 1305 2377 in
1330 2341 1500 2377 mentem
1524 2339 1687 2388 venerit,
1715 2352 1779 2378 ve-

220 2411 308 2435 rum
334 2397 429 2447 quid
454 2399 559 2436 recte
579 2399 790 2437 aestimata
807 2398 1001 2437 librorum
1019 2398 1209 2437 memoria
1227 2398 1361 2436 tradat
1381 2400 1450 2436 aut
1468 2398 1650 2437 suadeat:
1676 2398 1781 2448 quod
1821 2400 1825 2406 '

222 2457 255 2495 si
280 2456 320 2494 in
346 2458 457 2495 textu
482 2458 656 2507 positum
683 2460 742 2496 est
767 2459 947 2507 quamvis
967 2458 1241 2508 depravatum,
1265 2457 1307 2495 id
1325 2457 1465 2495 melius
1485 2459 1555 2506 est,
1582 2469 1701 2506 quam
1720 2457 1779 2494 iu-

221 2515 365 2554 dicium
387 2517 518 2555 aliena
535 2517 720 2566 opinione
739 2517 932 2567 occupari.
959 2517 1114 2562 Quanto
1133 2516 1364 2567 prudentius
1385 2516 1674 2554 Thewrewkius
1693 2529 1780 2554 ver-

221 2576 330 2613 satus
351 2576 410 2612 est
427 2576 469 2612 in
488 2575 615 2614 Festo.
644 2575 719 2614 Sed
738 2575 941 2614 videamus
961 2576 1205 2627 singulorum
1224 2577 1403 2614 virtutes.
1423 2575 1476 2613 Et
1494 2574 1590 2612 Lud.
1613 2575 1779 2620 Quiche-

220 2635 330 2673 ratus
363 2633 531 2683 quidem,
564 2635 631 2684 qui
659 2635 822 2674 Parisiis
854 2648 887 2674 a.
912 2636 1023 2674 1872
1049 2635 1223 2674 Nonium
1254 2634 1388 2683 edidit,
1418 2635 1464 2672 ut
1493 2634 1609 2672 homo
1641 2633 1778 2673 doctus

222 2694 262 2731 et
280 2694 419 2732 acutus
439 2695 478 2731 et
497 2695 566 2742 qui
584 2693 696 2732 bonis
717 2694 914 2733 codicibus
934 2695 1110 2732 uteretur
1129 2688 1329 2747 (inprimis
1346 2692 1558 2731 Parisiensi
1578 2707 1613 2731 n.
1632 2693 1713 2730 766
1721 2687 1778 2746 7),

221 2753 379 2802 poterat
402 2752 495 2790 huic
519 2753 672 2791 muneri
697 2753 936 2802 satisfacere,
962 2754 1039 2792 nisi
1063 2754 1197 2803 pravis
1222 2751 1441 2792 rationibus
1464 2751 1645 2790 seductus
1665 2753 1777 2800 esset,

221 2811 289 2849 sed
314 2812 354 2849 et
378 2811 419 2849 in
443 2812 554 2849 textu
578 2812 705 2850 multa
729 2814 875 2851 temere
900 2813 1076 2860 novavit,
1099 2813 1210 2851 velut
1233 2823 1528 2860 nonnumquam
1551 2823 1571 2849 e
1592 2809 1777 2849 Cicerone

221 2870 423 2920 supplevit
447 2882 547 2919 quae
571 2870 722 2909 Nonius
748 2872 891 2909 mutila
917 2883 961 2909 ac
986 2871 1116 2909 lacera
1148 2871 1349 2918 attulerat,
1380 2871 1421 2908 et
1449 2869 1490 2908 iu
1523 2870 1776 2908 adnotatione

221 2928 348 2979 spissa
372 2928 562 2968 librorum
587 2931 823 2979 scriptorum
848 2932 888 2969 et
911 2930 1190 2981 impressorum
1216 2930 1428 2980 scripturas
1453 2930 1511 2967 ita
1535 2928 1706 2977 miscuit,
1731 2930 1778 2967 ut
