<?xml version="1.0" encoding="UTF-8"?>
<!DOCTYPE html PUBLIC "-//W3C//DTD XHTML 1.0 Transitional//EN"
    "http://www.w3.org/TR/xhtml1/DTD/xhtml1-transitional.dtd">
<html xmlns="http://www.w3.org/1999/xhtml" xml:lang="en" lang="en">
 <head>
  <title>
</title>
<meta http-equiv="Content-Type" content="text/html;charset=utf-8" />
  <meta name='ocr-system' content='tesseract 3.04.00' />
  <meta name='ocr-capabilities' content='ocr_page ocr_carea ocr_par ocr_line ocrx_word'/>
</head>
<body>
  <div class='ocr_page' id='page_1' title='image "./ennianaepoesisre00enniuoft_0190.png"; bbox 0 0 2004 3278; ppageno 0'>
   <div class='ocr_carea' id='block_1_1' title="bbox 280 203 1352 243">
    <p class='ocr_par' dir='ltr' id='par_1_1' title="bbox 280 203 1352 243">
     <span class='ocr_line' id='line_1_1' title="bbox 280 203 1352 243; baseline -0.004 0"><span class='ocrx_word' id='word_1_1' title='bbox 280 207 489 243; x_wconf 89' lang='lat' dir='ltr'>CLXXXVI</span> <span class='ocrx_word' id='word_1_2' title='bbox 795 205 839 239; x_wconf 88' lang='grc' dir='ltr'>Π.</span> <span class='ocrx_word' id='word_1_3' title='bbox 866 205 931 239; x_wconf 87' lang='lat' dir='ltr'>DE</span> <span class='ocrx_word' id='word_1_4' title='bbox 949 204 1103 240; x_wconf 83' lang='lat' dir='ltr'>LIBRIS</span> <span class='ocrx_word' id='word_1_5' title='bbox 1122 203 1352 239; x_wconf 86' lang='lat' dir='ltr'>ENNIANIS</span> 
     </span>
    </p>
   </div>
   <div class='ocr_carea' id='block_1_2' title="bbox 268 311 1840 2973">
    <p class='ocr_par' dir='ltr' id='par_1_2' title="bbox 270 311 1840 900">
     <span class='ocr_line' id='line_1_2' title="bbox 278 311 1837 370; baseline -0.001 -13"><span class='ocrx_word' id='word_1_6' title='bbox 278 320 316 367; x_wconf 87' lang='lat'>5,</span> <span class='ocrx_word' id='word_1_7' title='bbox 338 320 410 367; x_wconf 78' lang='lat'>143</span> <span class='ocrx_word' id='word_1_8' title='bbox 435 330 504 355; x_wconf 84' lang='lat' dir='ltr'>x1x</span> <span class='ocrx_word' id='word_1_9' title='bbox 527 319 564 366; x_wconf 93' lang='lat'>1,</span> <span class='ocrx_word' id='word_1_10' title='bbox 585 318 629 365; x_wconf 84' lang='lat'>33</span> <span class='ocrx_word' id='word_1_11' title='bbox 658 319 695 365; x_wconf 83' lang='lat'>2,</span> <span class='ocrx_word' id='word_1_12' title='bbox 715 311 775 370; x_wconf 86' lang='lat'>4),</span> <span class='ocrx_word' id='word_1_13' title='bbox 800 318 871 355; x_wconf 88' lang='lat' dir='ltr'>aut</span> <span class='ocrx_word' id='word_1_14' title='bbox 895 316 942 355; x_wconf 90' lang='lat' dir='ltr'>de</span> <span class='ocrx_word' id='word_1_15' title='bbox 967 315 1144 355; x_wconf 82' lang='lat' dir='ltr'>mercede</span> <span class='ocrx_word' id='word_1_16' title='bbox 1170 329 1291 366; x_wconf 84' lang='grc'><strong>(1113111</strong></span> <span class='ocrx_word' id='word_1_17' title='bbox 1315 315 1438 355; x_wconf 83' lang='lat' dir='ltr'>Poeni</span> <span class='ocrx_word' id='word_1_18' title='bbox 1463 319 1587 367; x_wconf 84' lang='lat' dir='ltr'>copiis</span> <span class='ocrx_word' id='word_1_19' title='bbox 1612 330 1837 356; x_wconf 83' lang='lat' dir='ltr'>mercenna-</span> 
     </span>
     <span class='ocr_line' id='line_1_3' title="bbox 278 375 1839 427; baseline -0.001 -12"><span class='ocrx_word' id='word_1_20' title='bbox 278 379 349 415; x_wconf 88' lang='lat' dir='ltr'>riis</span> <span class='ocrx_word' id='word_1_21' title='bbox 374 377 524 415; x_wconf 87' lang='lat' dir='ltr'>solvere</span> <span class='ocrx_word' id='word_1_22' title='bbox 550 376 740 424; x_wconf 90' lang='lat' dir='ltr'>solebant,</span> <span class='ocrx_word' id='word_1_23' title='bbox 766 377 876 414; x_wconf 88' lang='lat' dir='ltr'>cuius</span> <span class='ocrx_word' id='word_1_24' title='bbox 901 377 947 413; x_wconf 79' lang='lat' dir='ltr'>ut</span> <span class='ocrx_word' id='word_1_25' title='bbox 972 388 1087 426; x_wconf 85' lang='lat' dir='ltr'>saepe</span> <span class='ocrx_word' id='word_1_26' title='bbox 1112 376 1261 414; x_wconf 87' lang='lat' dir='ltr'>mentio</span> <span class='ocrx_word' id='word_1_27' title='bbox 1285 375 1331 413; x_wconf 90' lang='lat' dir='ltr'>fit</span> <span class='ocrx_word' id='word_1_28' title='bbox 1356 376 1462 426; x_wconf 90' lang='lat' dir='ltr'>apud</span> <span class='ocrx_word' id='word_1_29' title='bbox 1484 376 1641 415; x_wconf 85' lang='lat' dir='ltr'>Livium</span> <span class='ocrx_word' id='word_1_30' title='bbox 1667 378 1706 415; x_wconf 86' lang='lat' dir='ltr'>et</span> <span class='ocrx_word' id='word_1_31' title='bbox 1723 376 1839 427; x_wconf 83' lang='lat' dir='ltr'>Poly-</span> 
     </span>
     <span class='ocr_line' id='line_1_4' title="bbox 276 435 1840 485; baseline 0 -11"><span class='ocrx_word' id='word_1_32' title='bbox 276 437 396 484; x_wconf 83' lang='lat' dir='ltr'>bium,</span> <span class='ocrx_word' id='word_1_33' title='bbox 415 437 475 474; x_wconf 78' lang='lat' dir='ltr'>ita</span> <span class='ocrx_word' id='word_1_34' title='bbox 487 436 615 474; x_wconf 92' lang='lat' dir='ltr'>Varro</span> <span class='ocrx_word' id='word_1_35' title='bbox 635 448 723 473; x_wconf 91' lang='lat' dir='ltr'>cum</span> <span class='ocrx_word' id='word_1_36' title='bbox 743 435 790 473; x_wconf 92' lang='lat' dir='ltr'>de</span> <span class='ocrx_word' id='word_1_37' title='bbox 808 435 1002 473; x_wconf 70' lang='lat' dir='ltr'>militibus</span> <span class='ocrx_word' id='word_1_38' title='bbox 1022 435 1292 485; x_wconf 76' lang='lat' dir='ltr'>stipendiariis</span> <span class='ocrx_word' id='word_1_39' title='bbox 1310 435 1489 485; x_wconf 90' lang='lat' dir='ltr'>loquitur</span> <span class='ocrx_word' id='word_1_40' title='bbox 1506 436 1673 474; x_wconf 86' lang='lat' dir='ltr'>fortasse</span> <span class='ocrx_word' id='word_1_41' title='bbox 1690 448 1840 474; x_wconf 87' lang='lat' dir='ltr'>memor</span> 
     </span>
     <span class='ocr_line' id='line_1_5' title="bbox 275 493 1838 544; baseline 0.001 -11"><span class='ocrx_word' id='word_1_42' title='bbox 275 497 371 543; x_wconf 87' lang='lat' dir='ltr'>erat,</span> <span class='ocrx_word' id='word_1_43' title='bbox 397 495 565 544; x_wconf 89' lang='lat' dir='ltr'>denique</span> <span class='ocrx_word' id='word_1_44' title='bbox 591 494 638 532; x_wconf 91' lang='lat' dir='ltr'>de</span> <span class='ocrx_word' id='word_1_45' title='bbox 664 494 860 544; x_wconf 89' lang='lat' dir='ltr'>stipendio</span> <span class='ocrx_word' id='word_1_46' title='bbox 887 494 992 544; x_wconf 92' lang='lat' dir='ltr'>quod</span> <span class='ocrx_word' id='word_1_47' title='bbox 1017 495 1194 533; x_wconf 82' lang='lat' dir='ltr'>confecto</span> <span class='ocrx_word' id='word_1_48' title='bbox 1212 494 1316 532; x_wconf 90' lang='lat' dir='ltr'>bello</span> <span class='ocrx_word' id='word_1_49' title='bbox 1335 493 1484 533; x_wconf 85' lang='lat' dir='ltr'>Punico</span> <span class='ocrx_word' id='word_1_50' title='bbox 1502 496 1631 544; x_wconf 87' lang='lat' dir='ltr'>primo</span> <span class='ocrx_word' id='word_1_51' title='bbox 1650 495 1838 534; x_wconf 85' lang='lat' dir='ltr'>Romanis</span> 
     </span>
     <span class='ocr_line' id='line_1_6' title="bbox 276 548 1837 606; baseline 0.001 -14"><span class='ocrx_word' id='word_1_52' title='bbox 276 554 445 604; x_wconf 88' lang='lat' dir='ltr'>pendere</span> <span class='ocrx_word' id='word_1_53' title='bbox 472 553 815 604; x_wconf 80' lang='lat' dir='ltr'>Carthaginienses</span> <span class='ocrx_word' id='word_1_54' title='bbox 841 555 950 604; x_wconf 69' lang='lat' dir='ltr'>pacti</span> <span class='ocrx_word' id='word_1_55' title='bbox 974 556 1087 592; x_wconf 86' lang='lat' dir='ltr'>erant</span> <span class='ocrx_word' id='word_1_56' title='bbox 1107 548 1211 606; x_wconf 86' lang='lat' dir='ltr'>(Liv.</span> <span class='ocrx_word' id='word_1_57' title='bbox 1231 566 1301 591; x_wconf 81' lang='lat' dir='ltr'>xxl</span> <span class='ocrx_word' id='word_1_58' title='bbox 1321 555 1390 603; x_wconf 86' lang='lat'>40,</span> <span class='ocrx_word' id='word_1_59' title='bbox 1411 548 1469 606; x_wconf 84' lang='lat'>5),</span> <span class='ocrx_word' id='word_1_60' title='bbox 1493 553 1567 593; x_wconf 86' lang='lat' dir='ltr'>hoe</span> <span class='ocrx_word' id='word_1_61' title='bbox 1591 556 1753 592; x_wconf 73' lang='lat' dir='ltr'>tertium</span> <span class='ocrx_word' id='word_1_62' title='bbox 1779 567 1837 593; x_wconf 87' lang='lat' dir='ltr'>ce-</span> 
     </span>
     <span class='ocr_line' id='line_1_7' title="bbox 271 613 1839 663; baseline 0 -11"><span class='ocrx_word' id='word_1_63' title='bbox 271 615 367 652; x_wconf 86' lang='lat' dir='ltr'>teris</span> <span class='ocrx_word' id='word_1_64' title='bbox 399 626 481 652; x_wconf 89' lang='lat' dir='ltr'>esse</span> <span class='ocrx_word' id='word_1_65' title='bbox 512 613 756 663; x_wconf 85' lang='lat' dir='ltr'>probabilius</span> <span class='ocrx_word' id='word_1_66' title='bbox 794 625 881 651; x_wconf 89' lang='lat' dir='ltr'>reor</span> <span class='ocrx_word' id='word_1_67' title='bbox 920 613 1171 662; x_wconf 85' lang='lat' dir='ltr'>Enniumque</span> <span class='ocrx_word' id='word_1_68' title='bbox 1208 626 1288 651; x_wconf 89' lang='lat' dir='ltr'>non</span> <span class='ocrx_word' id='word_1_69' title='bbox 1325 614 1513 652; x_wconf 75' lang='lat' dir='ltr'>militibus</span> <span class='ocrx_word' id='word_1_70' title='bbox 1550 613 1618 652; x_wconf 91' lang='lat' dir='ltr'>sed</span> <span class='ocrx_word' id='word_1_71' title='bbox 1648 614 1839 652; x_wconf 84' lang='lat' dir='ltr'>Romanis</span> 
     </span>
     <span class='ocr_line' id='line_1_8' title="bbox 270 672 1839 723; baseline 0.001 -13"><span class='ocrx_word' id='word_1_72' title='bbox 270 673 392 711; x_wconf 89' lang='lat' dir='ltr'>Poeni</span> <span class='ocrx_word' id='word_1_73' title='bbox 415 673 610 721; x_wconf 83' lang='lat' dir='ltr'>stipendia</span> <span class='ocrx_word' id='word_1_74' title='bbox 628 673 808 721; x_wconf 84' lang='lat' dir='ltr'>pendunt</span> <span class='ocrx_word' id='word_1_75' title='bbox 836 673 1038 723; x_wconf 81' lang='lat' dir='ltr'>scripsisse</span> <span class='ocrx_word' id='word_1_76' title='bbox 1064 674 1135 710; x_wconf 88' lang='lat' dir='ltr'>aut</span> <span class='ocrx_word' id='word_1_77' title='bbox 1159 673 1343 711; x_wconf 86' lang='lat' dir='ltr'>sensisse:</span> <span class='ocrx_word' id='word_1_78' title='bbox 1371 685 1471 722; x_wconf 85' lang='lat' dir='ltr'>quae</span> <span class='ocrx_word' id='word_1_79' title='bbox 1495 672 1647 711; x_wconf 86' lang='lat' dir='ltr'>tributa</span> <span class='ocrx_word' id='word_1_80' title='bbox 1671 684 1789 722; x_wconf 87' lang='lat' dir='ltr'>saepe</span> <span class='ocrx_word' id='word_1_81' title='bbox 1815 685 1839 711; x_wconf 88' lang='lat' dir='ltr'>a</span> 
     </span>
     <span class='ocr_line' id='line_1_9' title="bbox 272 731 1839 782; baseline 0.001 -13"><span class='ocrx_word' id='word_1_82' title='bbox 272 731 387 771; x_wconf 87' lang='lat' dir='ltr'>Livio</span> <span class='ocrx_word' id='word_1_83' title='bbox 408 733 658 781; x_wconf 88' lang='lat' dir='ltr'>potissimum</span> <span class='ocrx_word' id='word_1_84' title='bbox 677 733 981 770; x_wconf 89' lang='lat' dir='ltr'>commemorata</span> <span class='ocrx_word' id='word_1_85' title='bbox 1001 744 1088 770; x_wconf 84' lang='lat' dir='ltr'>cum</span> <span class='ocrx_word' id='word_1_86' title='bbox 1108 744 1186 770; x_wconf 88' lang='lat' dir='ltr'>non</span> <span class='ocrx_word' id='word_1_87' title='bbox 1206 734 1367 781; x_wconf 86' lang='lat' dir='ltr'>possent</span> <span class='ocrx_word' id='word_1_88' title='bbox 1385 744 1464 770; x_wconf 89' lang='lat' dir='ltr'>non</span> <span class='ocrx_word' id='word_1_89' title='bbox 1486 733 1719 782; x_wconf 86' lang='lat' dir='ltr'>perpetuam</span> <span class='ocrx_word' id='word_1_90' title='bbox 1738 732 1839 770; x_wconf 86' lang='lat' dir='ltr'>iram</span> 
     </span>
     <span class='ocr_line' id='line_1_10' title="bbox 273 791 1838 841; baseline 0 -12"><span class='ocrx_word' id='word_1_91' title='bbox 273 793 312 829; x_wconf 89' lang='lat' dir='ltr'>et</span> <span class='ocrx_word' id='word_1_92' title='bbox 336 791 651 841; x_wconf 73' lang='lat' dir='ltr'>indignationem</span> <span class='ocrx_word' id='word_1_93' title='bbox 668 791 892 830; x_wconf 88' lang='lat' dir='ltr'>Poenorum</span> <span class='ocrx_word' id='word_1_94' title='bbox 916 803 1084 840; x_wconf 85' lang='lat' dir='ltr'>movere,</span> <span class='ocrx_word' id='word_1_95' title='bbox 1108 803 1188 830; x_wconf 90' lang='lat' dir='ltr'>non</span> <span class='ocrx_word' id='word_1_96' title='bbox 1209 792 1342 841; x_wconf 89' lang='lat' dir='ltr'>inepte</span> <span class='ocrx_word' id='word_1_97' title='bbox 1361 792 1403 829; x_wconf 92' lang='lat' dir='ltr'>in</span> <span class='ocrx_word' id='word_1_98' title='bbox 1424 791 1551 830; x_wconf 89' lang='lat' dir='ltr'>causis</span> <span class='ocrx_word' id='word_1_99' title='bbox 1571 791 1698 829; x_wconf 88' lang='lat' dir='ltr'>denuo</span> <span class='ocrx_word' id='word_1_100' title='bbox 1718 792 1838 830; x_wconf 89' lang='lat' dir='ltr'>susci-</span> 
     </span>
     <span class='ocr_line' id='line_1_11' title="bbox 272 850 1036 900; baseline 0 -12"><span class='ocrx_word' id='word_1_101' title='bbox 272 852 348 888; x_wconf 88' lang='lat' dir='ltr'>tati</span> <span class='ocrx_word' id='word_1_102' title='bbox 372 850 469 888; x_wconf 91' lang='lat' dir='ltr'>belli</span> <span class='ocrx_word' id='word_1_103' title='bbox 494 850 626 888; x_wconf 86' lang='lat' dir='ltr'>afferri</span> <span class='ocrx_word' id='word_1_104' title='bbox 651 863 675 888; x_wconf 87' lang='lat' dir='ltr'>a</span> <span class='ocrx_word' id='word_1_105' title='bbox 699 852 817 900; x_wconf 90' lang='lat' dir='ltr'>poeta</span> <span class='ocrx_word' id='word_1_106' title='bbox 841 852 1036 899; x_wconf 73' lang='lat' dir='ltr'>poterant.</span> 
     </span>
    </p>

    <p class='ocr_par' dir='ltr' id='par_1_3' title="bbox 272 909 1838 1138">
     <span class='ocr_line' id='line_1_12' title="bbox 390 909 1836 958; baseline 0 -10"><span class='ocrx_word' id='word_1_107' title='bbox 390 909 535 948; x_wconf 88' lang='lat' dir='ltr'>Iisdem</span> <span class='ocrx_word' id='word_1_108' title='bbox 555 911 689 948; x_wconf 87' lang='lat' dir='ltr'>autem</span> <span class='ocrx_word' id='word_1_109' title='bbox 707 909 884 948; x_wconf 87' lang='lat' dir='ltr'>versibus</span> <span class='ocrx_word' id='word_1_110' title='bbox 905 909 1052 948; x_wconf 87' lang='lat' dir='ltr'>subieci</span> <span class='ocrx_word' id='word_1_111' title='bbox 1065 923 1107 949; x_wconf 86' lang='lat' dir='ltr'>1v</span> <span class='ocrx_word' id='word_1_112' title='bbox 1126 912 1168 948; x_wconf 86' lang='lat' dir='ltr'>at</span> <span class='ocrx_word' id='word_1_113' title='bbox 1184 921 1263 948; x_wconf 89' lang='lat' dir='ltr'>non</span> <span class='ocrx_word' id='word_1_114' title='bbox 1281 911 1337 948; x_wconf 85' lang='lat' dir='ltr'>sic</span> <span class='ocrx_word' id='word_1_115' title='bbox 1356 910 1498 948; x_wconf 81' lang='lat' dir='ltr'>dubius</span> <span class='ocrx_word' id='word_1_116' title='bbox 1511 911 1591 958; x_wconf 82' lang='lat' dir='ltr'>fuit</span> <span class='ocrx_word' id='word_1_117' title='bbox 1601 911 1719 948; x_wconf 75' lang='lat' dir='ltr'>host-is</span> <span class='ocrx_word' id='word_1_118' title='bbox 1732 909 1836 949; x_wconf 86' lang='lat' dir='ltr'>Aea-</span> 
     </span>
     <span class='ocr_line' id='line_1_13' title="bbox 272 968 1836 1019; baseline 0 -12"><span class='ocrx_word' id='word_1_119' title='bbox 272 969 361 1007; x_wconf 83' lang='lat' dir='ltr'>cida</span> <span class='ocrx_word' id='word_1_120' title='bbox 382 969 571 1017; x_wconf 73' lang='lat' dir='ltr'>Pyrrhus,</span> <span class='ocrx_word' id='word_1_121' title='bbox 597 982 715 1018; x_wconf 89' lang='lat' dir='ltr'>quem</span> <span class='ocrx_word' id='word_1_122' title='bbox 740 969 786 1007; x_wconf 91' lang='lat' dir='ltr'>de</span> <span class='ocrx_word' id='word_1_123' title='bbox 811 969 1035 1008; x_wconf 86' lang='lat' dir='ltr'>Hannibale</span> <span class='ocrx_word' id='word_1_124' title='bbox 1061 970 1210 1007; x_wconf 89' lang='lat' dir='ltr'>elatum</span> <span class='ocrx_word' id='word_1_125' title='bbox 1235 968 1364 1008; x_wconf 91' lang='lat' dir='ltr'>Orosii</span> <span class='ocrx_word' id='word_1_126' title='bbox 1389 969 1509 1007; x_wconf 87' lang='lat' dir='ltr'>verba</span> <span class='ocrx_word' id='word_1_127' title='bbox 1535 969 1677 1019; x_wconf 90' lang='lat' dir='ltr'>quibus</span> <span class='ocrx_word' id='word_1_128' title='bbox 1703 982 1836 1019; x_wconf 88' lang='lat' dir='ltr'>super-</span> 
     </span>
     <span class='ocr_line' id='line_1_14' title="bbox 274 1028 1838 1077; baseline 0 -11"><span class='ocrx_word' id='word_1_129' title='bbox 274 1029 443 1077; x_wconf 88' lang='lat' dir='ltr'>scriptus</span> <span class='ocrx_word' id='word_1_130' title='bbox 476 1029 535 1066; x_wconf 88' lang='lat' dir='ltr'>est</span> <span class='ocrx_word' id='word_1_131' title='bbox 565 1028 759 1066; x_wconf 84' lang='lat' dir='ltr'>indicant:</span> <span class='ocrx_word' id='word_1_132' title='bbox 792 1030 838 1066; x_wconf 87' lang='lat' dir='ltr'>ut</span> <span class='ocrx_word' id='word_1_133' title='bbox 863 1028 1014 1067; x_wconf 87' lang='lat' dir='ltr'>Ennius</span> <span class='ocrx_word' id='word_1_134' title='bbox 1046 1029 1206 1067; x_wconf 89' lang='lat' dir='ltr'>ineunte</span> <span class='ocrx_word' id='word_1_135' title='bbox 1230 1028 1333 1067; x_wconf 87' lang='lat' dir='ltr'>bello</span> <span class='ocrx_word' id='word_1_136' title='bbox 1360 1028 1406 1067; x_wconf 90' lang='lat' dir='ltr'>de</span> <span class='ocrx_word' id='word_1_137' title='bbox 1431 1028 1668 1067; x_wconf 68' lang='lat' dir='ltr'>Hannibalis</span> <span class='ocrx_word' id='word_1_138' title='bbox 1694 1030 1838 1067; x_wconf 88' lang='lat' dir='ltr'>natura</span> 
     </span>
     <span class='ocr_line' id='line_1_15' title="bbox 274 1086 1836 1138; baseline 0.001 -13"><span class='ocrx_word' id='word_1_139' title='bbox 274 1089 314 1125; x_wconf 86' lang='lat' dir='ltr'>et</span> <span class='ocrx_word' id='word_1_140' title='bbox 337 1086 495 1138; x_wconf 89' lang='lat' dir='ltr'>ingenio</span> <span class='ocrx_word' id='word_1_141' title='bbox 521 1088 675 1137; x_wconf 89' lang='lat' dir='ltr'>plenius</span> <span class='ocrx_word' id='word_1_142' title='bbox 700 1087 894 1126; x_wconf 88' lang='lat' dir='ltr'>iudicasse</span> <span class='ocrx_word' id='word_1_143' title='bbox 927 1088 1120 1136; x_wconf 89' lang='lat' dir='ltr'>videatur,</span> <span class='ocrx_word' id='word_1_144' title='bbox 1154 1087 1486 1137; x_wconf 86' lang='lat' dir='ltr'>quemadmodum</span> <span class='ocrx_word' id='word_1_145' title='bbox 1513 1087 1633 1126; x_wconf 88' lang='lat' dir='ltr'>Silius</span> <span class='ocrx_word' id='word_1_146' title='bbox 1652 1101 1667 1125; x_wconf 90' lang='lat'><em>1</em></span> <span class='ocrx_word' id='word_1_147' title='bbox 1688 1088 1741 1125; x_wconf 84' lang='lat'>56</span> <span class='ocrx_word' id='word_1_148' title='bbox 1753 1100 1836 1137; x_wconf 89' lang='lat' dir='ltr'>sqq.</span> 
     </span>
    </p>

    <p class='ocr_par' dir='ltr' id='par_1_4' title="bbox 268 1146 1838 1910">
     <span class='ocr_line' id='line_1_16' title="bbox 394 1146 1837 1196; baseline 0.001 -12"><span class='ocrx_word' id='word_1_149' title='bbox 394 1146 471 1184; x_wconf 85' lang='lat' dir='ltr'>Sed</span> <span class='ocrx_word' id='word_1_150' title='bbox 500 1146 743 1185; x_wconf 90' lang='lat' dir='ltr'>redeundum</span> <span class='ocrx_word' id='word_1_151' title='bbox 775 1148 834 1185; x_wconf 90' lang='lat' dir='ltr'>est</span> <span class='ocrx_word' id='word_1_152' title='bbox 860 1147 909 1184; x_wconf 87' lang='lat' dir='ltr'>ad</span> <span class='ocrx_word' id='word_1_153' title='bbox 934 1160 976 1196; x_wconf 89' lang='lat'>11,</span> <span class='ocrx_word' id='word_1_154' title='bbox 1010 1159 1110 1196; x_wconf 90' lang='lat' dir='ltr'>quae</span> <span class='ocrx_word' id='word_1_155' title='bbox 1135 1147 1254 1185; x_wconf 89' lang='lat' dir='ltr'>verba</span> <span class='ocrx_word' id='word_1_156' title='bbox 1280 1147 1373 1196; x_wconf 86' lang='lat' dir='ltr'>quia</span> <span class='ocrx_word' id='word_1_157' title='bbox 1400 1148 1483 1185; x_wconf 89' lang='lat' dir='ltr'>sine</span> <span class='ocrx_word' id='word_1_158' title='bbox 1508 1147 1601 1184; x_wconf 87' lang='lat' dir='ltr'>libri</span> <span class='ocrx_word' id='word_1_159' title='bbox 1625 1148 1722 1186; x_wconf 87' lang='lat' dir='ltr'>nota</span> <span class='ocrx_word' id='word_1_160' title='bbox 1746 1147 1837 1185; x_wconf 87' lang='lat' dir='ltr'>affe-</span> 
     </span>
     <span class='ocr_line' id='line_1_17' title="bbox 272 1206 1837 1255; baseline 0 -12"><span class='ocrx_word' id='word_1_161' title='bbox 272 1207 412 1243; x_wconf 89' lang='lat' dir='ltr'>runtur</span> <span class='ocrx_word' id='word_1_162' title='bbox 437 1206 576 1255; x_wconf 92' lang='lat' dir='ltr'>nuperi</span> <span class='ocrx_word' id='word_1_163' title='bbox 597 1206 765 1244; x_wconf 86' lang='lat' dir='ltr'>editores</span> <span class='ocrx_word' id='word_1_164' title='bbox 786 1206 836 1243; x_wconf 89' lang='lat' dir='ltr'>ad</span> <span class='ocrx_word' id='word_1_165' title='bbox 856 1206 942 1244; x_wconf 90' lang='lat' dir='ltr'>Iani</span> <span class='ocrx_word' id='word_1_166' title='bbox 961 1206 1153 1255; x_wconf 86' lang='lat' dir='ltr'>templum</span> <span class='ocrx_word' id='word_1_167' title='bbox 1173 1219 1206 1245; x_wconf 92' lang='lat' dir='ltr'>a.</span> <span class='ocrx_word' id='word_1_168' title='bbox 1227 1220 1263 1243; x_wconf 94' lang='lat' dir='ltr'>u.</span> <span class='ocrx_word' id='word_1_169' title='bbox 1285 1218 1314 1243; x_wconf 88' lang='lat' dir='ltr'>c.</span> <span class='ocrx_word' id='word_1_170' title='bbox 1338 1207 1420 1244; x_wconf 89' lang='lat'>519</span> <span class='ocrx_word' id='word_1_171' title='bbox 1443 1206 1620 1244; x_wconf 89' lang='lat' dir='ltr'>clausum</span> <span class='ocrx_word' id='word_1_172' title='bbox 1646 1208 1686 1244; x_wconf 90' lang='lat' dir='ltr'>et</span> <span class='ocrx_word' id='word_1_173' title='bbox 1711 1206 1837 1244; x_wconf 92' lang='lat' dir='ltr'>denuo</span> 
     </span>
     <span class='ocr_line' id='line_1_18' title="bbox 270 1264 1836 1315; baseline 0.001 -14"><span class='ocrx_word' id='word_1_174' title='bbox 270 1264 385 1302; x_wconf 89' lang='lat' dir='ltr'>bellis</span> <span class='ocrx_word' id='word_1_175' title='bbox 418 1265 682 1303; x_wconf 80' lang='lat' dir='ltr'>exorientibus</span> <span class='ocrx_word' id='word_1_176' title='bbox 715 1265 851 1303; x_wconf 81' lang='lat' dir='ltr'>statim</span> <span class='ocrx_word' id='word_1_177' title='bbox 882 1267 1064 1314; x_wconf 87' lang='lat' dir='ltr'>apertum</span> <span class='ocrx_word' id='word_1_178' title='bbox 1094 1266 1307 1304; x_wconf 86' lang='lat' dir='ltr'>referentes</span> <span class='ocrx_word' id='word_1_179' title='bbox 1339 1267 1380 1302; x_wconf 90' lang='lat' dir='ltr'>in</span> <span class='ocrx_word' id='word_1_180' title='bbox 1414 1267 1581 1315; x_wconf 80' lang='lat' dir='ltr'>septimo</span> <span class='ocrx_word' id='word_1_181' title='bbox 1609 1267 1836 1315; x_wconf 89' lang='lat' dir='ltr'>posuerunt.</span> 
     </span>
     <span class='ocr_line' id='line_1_19' title="bbox 269 1323 1837 1374; baseline 0.001 -13"><span class='ocrx_word' id='word_1_182' title='bbox 269 1323 377 1361; x_wconf 88' lang='lat' dir='ltr'>Nota</span> <span class='ocrx_word' id='word_1_183' title='bbox 397 1326 489 1361; x_wconf 87' lang='lat' dir='ltr'>sunt</span> <span class='ocrx_word' id='word_1_184' title='bbox 509 1336 610 1372; x_wconf 85' lang='lat' dir='ltr'>quae</span> <span class='ocrx_word' id='word_1_185' title='bbox 631 1324 678 1361; x_wconf 91' lang='lat' dir='ltr'>de</span> <span class='ocrx_word' id='word_1_186' title='bbox 698 1337 744 1362; x_wconf 88' lang='lat' dir='ltr'>ea</span> <span class='ocrx_word' id='word_1_187' title='bbox 762 1337 804 1362; x_wconf 88' lang='lat' dir='ltr'>re</span> <span class='ocrx_word' id='word_1_188' title='bbox 817 1323 944 1362; x_wconf 86' lang='lat' dir='ltr'>Varro</span> <span class='ocrx_word' id='word_1_189' title='bbox 964 1324 1089 1362; x_wconf 85' lang='lat' dir='ltr'>tradit</span> <span class='ocrx_word' id='word_1_190' title='bbox 1109 1324 1155 1362; x_wconf 91' lang='lat' dir='ltr'>de</span> <span class='ocrx_word' id='word_1_191' title='bbox 1175 1325 1199 1362; x_wconf 92' lang='lat' dir='ltr'>l.</span> <span class='ocrx_word' id='word_1_192' title='bbox 1214 1324 1257 1363; x_wconf 93' lang='lat' dir='ltr'>L.</span> <span class='ocrx_word' id='word_1_193' title='bbox 1272 1337 1298 1363; x_wconf 86' lang='lat' dir='ltr'>v</span> <span class='ocrx_word' id='word_1_194' title='bbox 1315 1325 1411 1373; x_wconf 88' lang='grc'>165,</span> <span class='ocrx_word' id='word_1_195' title='bbox 1430 1324 1497 1362; x_wconf 87' lang='lat' dir='ltr'>ubi</span> <span class='ocrx_word' id='word_1_196' title='bbox 1518 1325 1564 1362; x_wconf 93' lang='lat' dir='ltr'>de</span> <span class='ocrx_word' id='word_1_197' title='bbox 1583 1326 1709 1374; x_wconf 86' lang='lat' dir='ltr'>portis</span> <span class='ocrx_word' id='word_1_198' title='bbox 1729 1324 1837 1363; x_wconf 88' lang='lat' dir='ltr'>urbis</span> 
     </span>
     <span class='ocr_line' id='line_1_20' title="bbox 273 1383 1838 1433; baseline 0.001 -13"><span class='ocrx_word' id='word_1_199' title='bbox 273 1383 374 1432; x_wconf 84' lang='lat' dir='ltr'>agit:</span> <span class='ocrx_word' id='word_1_200' title='bbox 399 1384 512 1421; x_wconf 82' lang='lat' dir='ltr'>tertia</span> <span class='ocrx_word' id='word_1_201' title='bbox 539 1386 592 1421; x_wconf 86' lang='lat' dir='ltr'>est</span> <span class='ocrx_word' id='word_1_202' title='bbox 610 1383 796 1421; x_wconf 78' lang='lat' dir='ltr'>Ianualis</span> <span class='ocrx_word' id='word_1_203' title='bbox 823 1384 925 1422; x_wconf 80' lang='lat' dir='ltr'>dicta</span> <span class='ocrx_word' id='word_1_204' title='bbox 952 1384 1000 1422; x_wconf 86' lang='lat' dir='ltr'>ab</span> <span class='ocrx_word' id='word_1_205' title='bbox 1020 1384 1134 1428; x_wconf 87' lang='lat' dir='ltr'>Ian0,</span> <span class='ocrx_word' id='word_1_206' title='bbox 1155 1387 1188 1422; x_wconf 87' lang='lat' dir='ltr'>et</span> <span class='ocrx_word' id='word_1_207' title='bbox 1205 1384 1291 1422; x_wconf 85' lang='lat' dir='ltr'>ideo</span> <span class='ocrx_word' id='word_1_208' title='bbox 1309 1385 1365 1422; x_wconf 86' lang='lat' dir='ltr'>ibi</span> <span class='ocrx_word' id='word_1_209' title='bbox 1376 1386 1550 1432; x_wconf 86' lang='lat' dir='ltr'>positum</span> <span class='ocrx_word' id='word_1_210' title='bbox 1569 1384 1665 1422; x_wconf 85' lang='lat' dir='ltr'>Iani</span> <span class='ocrx_word' id='word_1_211' title='bbox 1682 1386 1838 1433; x_wconf 75' lang='lat' dir='ltr'>siynum</span> 
     </span>
     <span class='ocr_line' id='line_1_21' title="bbox 271 1443 1838 1491; baseline 0.001 -12"><span class='ocrx_word' id='word_1_212' title='bbox 271 1444 305 1480; x_wconf 87' lang='lat' dir='ltr'>et</span> <span class='ocrx_word' id='word_1_213' title='bbox 329 1443 392 1479; x_wconf 82' lang='lat' dir='ltr'>ius</span> <span class='ocrx_word' id='word_1_214' title='bbox 417 1443 635 1480; x_wconf 82' lang='lat' dir='ltr'>institutum</span> <span class='ocrx_word' id='word_1_215' title='bbox 662 1455 687 1480; x_wconf 90' lang='lat' dir='ltr'>a</span> <span class='ocrx_word' id='word_1_216' title='bbox 705 1443 910 1490; x_wconf 83' lang='lat' dir='ltr'>Pompilio,</span> <span class='ocrx_word' id='word_1_217' title='bbox 935 1445 977 1480; x_wconf 85' lang='lat' dir='ltr'>ut</span> <span class='ocrx_word' id='word_1_218' title='bbox 1000 1444 1135 1481; x_wconf 84' lang='lat' dir='ltr'>scribit</span> <span class='ocrx_word' id='word_1_219' title='bbox 1152 1445 1196 1481; x_wconf 87' lang='lat' dir='ltr'>in</span> <span class='ocrx_word' id='word_1_220' title='bbox 1215 1444 1426 1482; x_wconf 75' lang='lat' dir='ltr'>annalibus</span> <span class='ocrx_word' id='word_1_221' title='bbox 1444 1444 1548 1488; x_wconf 87' lang='lat' dir='ltr'>Piso,</span> <span class='ocrx_word' id='word_1_222' title='bbox 1573 1446 1615 1481; x_wconf 88' lang='lat' dir='ltr'>ut</span> <span class='ocrx_word' id='word_1_223' title='bbox 1633 1445 1684 1481; x_wconf 86' lang='lat' dir='ltr'>sit</span> <span class='ocrx_word' id='word_1_224' title='bbox 1703 1446 1838 1491; x_wconf 81' lang='lat' dir='ltr'>aperta</span> 
     </span>
     <span class='ocr_line' id='line_1_22' title="bbox 268 1502 1837 1550; baseline 0.001 -11"><span class='ocrx_word' id='word_1_225' title='bbox 268 1512 417 1549; x_wconf 85' lang='lat' dir='ltr'>semper</span> <span class='ocrx_word' id='word_1_226' title='bbox 440 1502 521 1539; x_wconf 86' lang='lat' dir='ltr'>nisi</span> <span class='ocrx_word' id='word_1_227' title='bbox 545 1513 632 1540; x_wconf 84' lang='lat' dir='ltr'>cum</span> <span class='ocrx_word' id='word_1_228' title='bbox 658 1502 798 1540; x_wconf 85' lang='lat' dir='ltr'>bellum</span> <span class='ocrx_word' id='word_1_229' title='bbox 821 1503 873 1540; x_wconf 87' lang='lat' dir='ltr'>sit</span> <span class='ocrx_word' id='word_1_230' title='bbox 896 1514 1100 1550; x_wconf 77' lang='lat' dir='ltr'>nusquam.</span> <span class='ocrx_word' id='word_1_231' title='bbox 1127 1503 1315 1541; x_wconf 77' lang='lat' dir='ltr'>traditum</span> <span class='ocrx_word' id='word_1_232' title='bbox 1344 1505 1397 1541; x_wconf 81' lang='lat' dir='ltr'>est</span> <span class='ocrx_word' id='word_1_233' title='bbox 1420 1504 1628 1541; x_wconf 80' lang='lat' dir='ltr'>memoriae</span> <span class='ocrx_word' id='word_1_234' title='bbox 1645 1502 1837 1550; x_wconf 76' lang='lat' dir='ltr'>Pompilio</span> 
     </span>
     <span class='ocr_line' id='line_1_23' title="bbox 269 1561 1837 1611; baseline 0.001 -13"><span class='ocrx_word' id='word_1_235' title='bbox 269 1572 354 1609; x_wconf 73' lang='lat' dir='ltr'>reqe</span> <span class='ocrx_word' id='word_1_236' title='bbox 373 1561 495 1608; x_wconf 82' lang='lat' dir='ltr'>fuisse</span> <span class='ocrx_word' id='word_1_237' title='bbox 514 1563 687 1609; x_wconf 82' lang='lat' dir='ltr'>opertam</span> <span class='ocrx_word' id='word_1_238' title='bbox 707 1564 741 1600; x_wconf 87' lang='lat' dir='ltr'>et</span> <span class='ocrx_word' id='word_1_239' title='bbox 751 1564 843 1610; x_wconf 87' lang='lat' dir='ltr'>post</span> <span class='ocrx_word' id='word_1_240' title='bbox 862 1562 903 1599; x_wconf 82' lang='lat' dir='ltr'>T.</span> <span class='ocrx_word' id='word_1_241' title='bbox 917 1562 1074 1600; x_wconf 85' lang='lat' dir='ltr'>Manlio</span> <span class='ocrx_word' id='word_1_242' title='bbox 1095 1563 1248 1600; x_wconf 78' lang='lat' dir='ltr'>consule</span> <span class='ocrx_word' id='word_1_243' title='bbox 1266 1562 1361 1600; x_wconf 85' lang='lat' dir='ltr'>bello</span> <span class='ocrx_word' id='word_1_244' title='bbox 1379 1561 1693 1611; x_wconf 63' lang='lat' dir='ltr'>Carthaginiensi</span> <span class='ocrx_word' id='word_1_245' title='bbox 1704 1563 1837 1609; x_wconf 88' lang='lat' dir='ltr'>primo</span> 
     </span>
     <span class='ocr_line' id='line_1_24' title="bbox 270 1620 1836 1671; baseline 0.001 -14"><span class='ocrx_word' id='word_1_246' title='bbox 270 1621 435 1668; x_wconf 77' lang='lat' dir='ltr'>confecto</span> <span class='ocrx_word' id='word_1_247' title='bbox 462 1622 495 1658; x_wconf 83' lang='lat' dir='ltr'>et</span> <span class='ocrx_word' id='word_1_248' title='bbox 520 1620 648 1658; x_wconf 81' lang='lat' dir='ltr'>eodem</span> <span class='ocrx_word' id='word_1_249' title='bbox 674 1632 777 1658; x_wconf 80' lang='lat' dir='ltr'>anno</span> <span class='ocrx_word' id='word_1_250' title='bbox 797 1624 984 1668; x_wconf 83' lang='lat' dir='ltr'>apertam,</span> <span class='ocrx_word' id='word_1_251' title='bbox 1011 1622 1050 1659; x_wconf 90' lang='lat' dir='ltr'>et</span> <span class='ocrx_word' id='word_1_252' title='bbox 1069 1621 1188 1659; x_wconf 89' lang='lat' dir='ltr'>ceteri</span> <span class='ocrx_word' id='word_1_253' title='bbox 1207 1623 1327 1659; x_wconf 88' lang='lat' dir='ltr'>testes</span> <span class='ocrx_word' id='word_1_254' title='bbox 1349 1634 1446 1671; x_wconf 90' lang='lat' dir='ltr'>quos</span> <span class='ocrx_word' id='word_1_255' title='bbox 1467 1621 1603 1659; x_wconf 87' lang='lat' dir='ltr'>afferre</span> <span class='ocrx_word' id='word_1_256' title='bbox 1622 1622 1723 1659; x_wconf 88' lang='lat' dir='ltr'>nihil</span> <span class='ocrx_word' id='word_1_257' title='bbox 1743 1622 1836 1659; x_wconf 88' lang='lat' dir='ltr'>atti-</span> 
     </span>
     <span class='ocr_line' id='line_1_25' title="bbox 269 1678 1836 1730; baseline 0.001 -14"><span class='ocrx_word' id='word_1_258' title='bbox 269 1680 346 1716; x_wconf 89' lang='lat' dir='ltr'>net.</span> <span class='ocrx_word' id='word_1_259' title='bbox 378 1678 454 1716; x_wconf 85' lang='lat' dir='ltr'>Sed</span> <span class='ocrx_word' id='word_1_260' title='bbox 479 1678 530 1717; x_wconf 91' lang='lat' dir='ltr'>ad</span> <span class='ocrx_word' id='word_1_261' title='bbox 554 1679 674 1717; x_wconf 76' lang='lat' dir='ltr'>istum</span> <span class='ocrx_word' id='word_1_262' title='bbox 707 1692 857 1718; x_wconf 88' lang='lat' dir='ltr'>morem</span> <span class='ocrx_word' id='word_1_263' title='bbox 881 1680 1001 1717; x_wconf 86' lang='lat' dir='ltr'>Ennii</span> <span class='ocrx_word' id='word_1_264' title='bbox 1032 1680 1151 1718; x_wconf 86' lang='lat' dir='ltr'>verba</span> <span class='ocrx_word' id='word_1_265' title='bbox 1182 1680 1320 1718; x_wconf 88' lang='lat' dir='ltr'>referri</span> <span class='ocrx_word' id='word_1_266' title='bbox 1351 1693 1430 1718; x_wconf 91' lang='lat' dir='ltr'>non</span> <span class='ocrx_word' id='word_1_267' title='bbox 1460 1682 1637 1730; x_wconf 91' lang='lat' dir='ltr'>possunt,</span> <span class='ocrx_word' id='word_1_268' title='bbox 1669 1693 1836 1729; x_wconf 89' lang='lat' dir='ltr'>quorum</span> 
     </span>
     <span class='ocr_line' id='line_1_26' title="bbox 270 1738 1835 1790; baseline 0.002 -15"><span class='ocrx_word' id='word_1_269' title='bbox 270 1739 351 1775; x_wconf 86' lang='lat' dir='ltr'>vim</span> <span class='ocrx_word' id='word_1_270' title='bbox 376 1738 516 1776; x_wconf 88' lang='lat' dir='ltr'>melius</span> <span class='ocrx_word' id='word_1_271' title='bbox 542 1738 729 1788; x_wconf 83' lang='lat' dir='ltr'>dispicias</span> <span class='ocrx_word' id='word_1_272' title='bbox 757 1751 802 1776; x_wconf 84' lang='lat' dir='ltr'>ex</span> <span class='ocrx_word' id='word_1_273' title='bbox 821 1739 991 1790; x_wconf 82' lang='lat' dir='ltr'>Vergilii</span> <span class='ocrx_word' id='word_1_274' title='bbox 1011 1740 1245 1787; x_wconf 78' lang='lat' dir='ltr'>imitatione,</span> <span class='ocrx_word' id='word_1_275' title='bbox 1271 1741 1340 1788; x_wconf 91' lang='lat' dir='ltr'>qui</span> <span class='ocrx_word' id='word_1_276' title='bbox 1359 1740 1464 1778; x_wconf 84' lang='lat' dir='ltr'>Belli</span> <span class='ocrx_word' id='word_1_277' title='bbox 1476 1742 1615 1788; x_wconf 82' lang='lat' dir='ltr'>portas</span> <span class='ocrx_word' id='word_1_278' title='bbox 1638 1739 1687 1777; x_wconf 87' lang='lat' dir='ltr'>ab</span> <span class='ocrx_word' id='word_1_279' title='bbox 1706 1739 1835 1780; x_wconf 80' lang='lat' dir='ltr'>Ennio</span> 
     </span>
     <span class='ocr_line' id='line_1_27' title="bbox 268 1798 1836 1848; baseline 0.001 -13"><span class='ocrx_word' id='word_1_280' title='bbox 268 1799 473 1835; x_wconf 88' lang='lat' dir='ltr'>mutuatus</span> <span class='ocrx_word' id='word_1_281' title='bbox 494 1799 565 1846; x_wconf 91' lang='lat' dir='ltr'>est,</span> <span class='ocrx_word' id='word_1_282' title='bbox 587 1799 626 1836; x_wconf 90' lang='lat' dir='ltr'>et</span> <span class='ocrx_word' id='word_1_283' title='bbox 643 1798 752 1848; x_wconf 81' lang='lat' dir='ltr'>pacis</span> <span class='ocrx_word' id='word_1_284' title='bbox 773 1800 951 1848; x_wconf 88' lang='lat' dir='ltr'>tempora</span> <span class='ocrx_word' id='word_1_285' title='bbox 971 1811 1072 1848; x_wconf 91' lang='lat' dir='ltr'>quae</span> <span class='ocrx_word' id='word_1_286' title='bbox 1092 1798 1306 1848; x_wconf 88' lang='lat' dir='ltr'>aliquando</span> <span class='ocrx_word' id='word_1_287' title='bbox 1327 1799 1407 1837; x_wconf 87' lang='lat' dir='ltr'>sint</span> <span class='ocrx_word' id='word_1_288' title='bbox 1427 1799 1561 1837; x_wconf 88' lang='lat' dir='ltr'>futura</span> <span class='ocrx_word' id='word_1_289' title='bbox 1574 1798 1667 1837; x_wconf 90' lang='lat' dir='ltr'>Iove</span> <span class='ocrx_word' id='word_1_290' title='bbox 1682 1798 1836 1837; x_wconf 86' lang='lat' dir='ltr'>dicente</span> 
     </span>
     <span class='ocr_line' id='line_1_28' title="bbox 268 1852 839 1910; baseline 0.002 -16"><span class='ocrx_word' id='word_1_291' title='bbox 268 1856 327 1894; x_wconf 86' lang='lat' dir='ltr'>ita</span> <span class='ocrx_word' id='word_1_292' title='bbox 352 1856 539 1895; x_wconf 81' lang='lat' dir='ltr'>describit</span> <span class='ocrx_word' id='word_1_293' title='bbox 563 1852 679 1908; x_wconf 87' lang='lat' dir='ltr'>(Aen.</span> <span class='ocrx_word' id='word_1_294' title='bbox 700 1870 715 1894; x_wconf 94' lang='lat'>1</span> <span class='ocrx_word' id='word_1_295' title='bbox 736 1852 839 1910; x_wconf 79' lang='lat'>291)</span> 
     </span>
    </p>

    <p class='ocr_par' dir='ltr' id='par_1_5' title="bbox 551 1915 1521 1965">
     <span class='ocr_line' id='line_1_29' title="bbox 551 1915 1521 1965; baseline 0.001 -11"><span class='ocrx_word' id='word_1_296' title='bbox 551 1915 706 1964; x_wconf 84' lang='lat' dir='ltr'>Aspera</span> <span class='ocrx_word' id='word_1_297' title='bbox 731 1920 813 1955; x_wconf 87' lang='lat' dir='ltr'>tum</span> <span class='ocrx_word' id='word_1_298' title='bbox 830 1918 972 1965; x_wconf 87' lang='lat' dir='ltr'>positis</span> <span class='ocrx_word' id='word_1_299' title='bbox 996 1919 1190 1956; x_wconf 79' lang='lat' dir='ltr'>mitescent</span> <span class='ocrx_word' id='word_1_300' title='bbox 1212 1918 1368 1956; x_wconf 82' lang='lat' dir='ltr'>saecula</span> <span class='ocrx_word' id='word_1_301' title='bbox 1394 1918 1521 1956; x_wconf 83' lang='lat' dir='ltr'>bellis:</span> 
     </span>
    </p>

    <p class='ocr_par' dir='ltr' id='par_1_6' title="bbox 556 1975 1017 2015">
     <span class='ocr_line' id='line_1_30' title="bbox 556 1975 1017 2015; baseline 0.002 -1"><span class='ocrx_word' id='word_1_302' title='bbox 556 1975 668 2014; x_wconf 81' lang='lat' dir='ltr'>Cana</span> <span class='ocrx_word' id='word_1_303' title='bbox 692 1976 812 2015; x_wconf 81' lang='lat' dir='ltr'>Fides</span> <span class='ocrx_word' id='word_1_304' title='bbox 838 1979 872 2014; x_wconf 84' lang='lat' dir='ltr'>et</span> <span class='ocrx_word' id='word_1_305' title='bbox 903 1977 1017 2015; x_wconf 86' lang='lat' dir='ltr'>Vesta</span> 
     </span>
    </p>

    <p class='ocr_par' dir='ltr' id='par_1_7' title="bbox 553 2035 1567 2085">
     <span class='ocr_line' id='line_1_31' title="bbox 553 2035 1567 2085; baseline 0.002 -13"><span class='ocrx_word' id='word_1_306' title='bbox 553 2035 656 2073; x_wconf 88' lang='lat' dir='ltr'>Iura</span> <span class='ocrx_word' id='word_1_307' title='bbox 681 2035 848 2074; x_wconf 83' lang='lat' dir='ltr'>dabunt:</span> <span class='ocrx_word' id='word_1_308' title='bbox 874 2036 985 2074; x_wconf 80' lang='lat' dir='ltr'>dirae</span> <span class='ocrx_word' id='word_1_309' title='bbox 1009 2037 1113 2084; x_wconf 83' lang='lat' dir='ltr'>ferro</span> <span class='ocrx_word' id='word_1_310' title='bbox 1140 2038 1174 2074; x_wconf 85' lang='lat' dir='ltr'>et</span> <span class='ocrx_word' id='word_1_311' title='bbox 1197 2036 1445 2085; x_wconf 73' lang='lat' dir='ltr'>compayibus</span> <span class='ocrx_word' id='word_1_312' title='bbox 1470 2037 1567 2074; x_wconf 86' lang='lat' dir='ltr'>artis</span> 
     </span>
    </p>

    <p class='ocr_par' dir='ltr' id='par_1_8' title="bbox 270 2093 1835 2385">
     <span class='ocr_line' id='line_1_32' title="bbox 558 2093 1550 2144; baseline 0.002 -12"><span class='ocrx_word' id='word_1_313' title='bbox 558 2093 799 2133; x_wconf 84' lang='lat' dir='ltr'>C&#39;laudentur</span> <span class='ocrx_word' id='word_1_314' title='bbox 824 2095 929 2134; x_wconf 89' lang='lat' dir='ltr'>Belli</span> <span class='ocrx_word' id='word_1_315' title='bbox 947 2098 1106 2143; x_wconf 85' lang='lat' dir='ltr'>portae:</span> <span class='ocrx_word' id='word_1_316' title='bbox 1130 2095 1244 2141; x_wconf 83' lang='lat' dir='ltr'>furor</span> <span class='ocrx_word' id='word_1_317' title='bbox 1268 2096 1414 2144; x_wconf 85' lang='lat' dir='ltr'>impius</span> <span class='ocrx_word' id='word_1_318' title='bbox 1432 2097 1550 2140; x_wconf 85' lang='lat' dir='ltr'>intus,</span> 
     </span>
     <span class='ocr_line' id='line_1_33' title="bbox 270 2148 1834 2206; baseline 0.001 -16"><span class='ocrx_word' id='word_1_319' title='bbox 270 2152 338 2191; x_wconf 90' lang='lat' dir='ltr'>sed</span> <span class='ocrx_word' id='word_1_320' title='bbox 362 2153 467 2191; x_wconf 91' lang='lat' dir='ltr'>idem</span> <span class='ocrx_word' id='word_1_321' title='bbox 491 2154 534 2191; x_wconf 92' lang='lat' dir='ltr'>in</span> <span class='ocrx_word' id='word_1_322' title='bbox 554 2155 794 2192; x_wconf 86' lang='lat' dir='ltr'>contrariam</span> <span class='ocrx_word' id='word_1_323' title='bbox 812 2155 968 2204; x_wconf 85' lang='lat' dir='ltr'>partem</span> <span class='ocrx_word' id='word_1_324' title='bbox 987 2148 1103 2206; x_wconf 88' lang='lat' dir='ltr'>(Aen.</span> <span class='ocrx_word' id='word_1_325' title='bbox 1123 2167 1181 2193; x_wconf 85' lang='lat' dir='ltr'>vn</span> <span class='ocrx_word' id='word_1_326' title='bbox 1204 2155 1285 2192; x_wconf 83' lang='lat'>607</span> <span class='ocrx_word' id='word_1_327' title='bbox 1297 2148 1400 2206; x_wconf 83' lang='lat' dir='ltr'>sqq.)</span> <span class='ocrx_word' id='word_1_328' title='bbox 1421 2154 1621 2192; x_wconf 87' lang='lat' dir='ltr'>indicendi</span> <span class='ocrx_word' id='word_1_329' title='bbox 1638 2154 1734 2192; x_wconf 91' lang='lat' dir='ltr'>belli</span> <span class='ocrx_word' id='word_1_330' title='bbox 1751 2167 1834 2192; x_wconf 91' lang='lat' dir='ltr'>mo-</span> 
     </span>
     <span class='ocr_line' id='line_1_34' title="bbox 270 2212 1835 2262; baseline 0.002 -13"><span class='ocrx_word' id='word_1_331' title='bbox 270 2225 354 2249; x_wconf 89' lang='lat' dir='ltr'>rem</span> <span class='ocrx_word' id='word_1_332' title='bbox 373 2212 576 2251; x_wconf 85' lang='lat' dir='ltr'>describit:</span> <span class='ocrx_word' id='word_1_333' title='bbox 595 2216 687 2251; x_wconf 81' lang='lat' dir='ltr'>sunt</span> <span class='ocrx_word' id='word_1_334' title='bbox 696 2215 872 2262; x_wconf 77' lang='lat' dir='ltr'>yeminae</span> <span class='ocrx_word' id='word_1_335' title='bbox 886 2214 991 2252; x_wconf 86' lang='lat' dir='ltr'>Belli</span> <span class='ocrx_word' id='word_1_336' title='bbox 997 2216 1137 2262; x_wconf 85' lang='lat' dir='ltr'>portae</span> <span class='ocrx_word' id='word_1_337' title='bbox 1152 2244 1158 2250; x_wconf 91' lang='lat'><em>.</em></span> <span class='ocrx_word' id='word_1_338' title='bbox 1175 2244 1182 2250; x_wconf 90' lang='lat'>.</span> <span class='ocrx_word' id='word_1_339' title='bbox 1198 2227 1229 2260; x_wconf 89' lang='grc'>.,·</span> <span class='ocrx_word' id='word_1_340' title='bbox 1247 2214 1330 2258; x_wconf 78' lang='lat' dir='ltr'>has,</span> <span class='ocrx_word' id='word_1_341' title='bbox 1349 2214 1417 2251; x_wconf 85' lang='lat' dir='ltr'>ubi</span> <span class='ocrx_word' id='word_1_342' title='bbox 1430 2216 1532 2252; x_wconf 81' lang='lat' dir='ltr'>certa</span> <span class='ocrx_word' id='word_1_343' title='bbox 1544 2214 1647 2252; x_wconf 85' lang='lat' dir='ltr'>sedet</span> <span class='ocrx_word' id='word_1_344' title='bbox 1652 2214 1835 2261; x_wconf 83' lang='lat' dir='ltr'>patribus</span> 
     </span>
     <span class='ocr_line' id='line_1_35' title="bbox 270 2272 1834 2322; baseline 0.001 -13"><span class='ocrx_word' id='word_1_345' title='bbox 270 2274 456 2310; x_wconf 85' lang='lat' dir='ltr'>sententia</span> <span class='ocrx_word' id='word_1_346' title='bbox 469 2284 641 2320; x_wconf 74' lang='lat' dir='ltr'>puynae,</span> <span class='ocrx_word' id='word_1_347' title='bbox 660 2274 826 2321; x_wconf 77' lang='lat' dir='ltr'>insiynis</span> <span class='ocrx_word' id='word_1_348' title='bbox 846 2276 992 2311; x_wconf 83' lang='lat' dir='ltr'>reserat</span> <span class='ocrx_word' id='word_1_349' title='bbox 1007 2273 1152 2317; x_wconf 84' lang='lat' dir='ltr'>consul,</span> <span class='ocrx_word' id='word_1_350' title='bbox 1171 2275 1252 2320; x_wconf 86' lang='lat' dir='ltr'>ipse</span> <span class='ocrx_word' id='word_1_351' title='bbox 1262 2275 1372 2310; x_wconf 82' lang='lat' dir='ltr'>vocat</span> <span class='ocrx_word' id='word_1_352' title='bbox 1376 2285 1536 2321; x_wconf 74' lang='lat' dir='ltr'>puynas</span> <span class='ocrx_word' id='word_1_353' title='bbox 1550 2285 1628 2322; x_wconf 88' lang='lat' dir='ltr'>eqs.</span> <span class='ocrx_word' id='word_1_354' title='bbox 1651 2272 1723 2311; x_wconf 87' lang='lat' dir='ltr'>Sed</span> <span class='ocrx_word' id='word_1_355' title='bbox 1741 2273 1834 2322; x_wconf 88' lang='lat' dir='ltr'>quia</span> 
     </span>
     <span class='ocr_line' id='line_1_36' title="bbox 271 2326 1799 2385; baseline 0.002 -18"><span class='ocrx_word' id='word_1_356' title='bbox 271 2343 338 2368; x_wconf 83' lang='lat' dir='ltr'>rex</span> <span class='ocrx_word' id='word_1_357' title='bbox 363 2330 530 2369; x_wconf 86' lang='lat' dir='ltr'>Latinus</span> <span class='ocrx_word' id='word_1_358' title='bbox 555 2331 755 2370; x_wconf 86' lang='lat' dir='ltr'>indicendi</span> <span class='ocrx_word' id='word_1_359' title='bbox 780 2332 875 2370; x_wconf 88' lang='lat' dir='ltr'>belli</span> <span class='ocrx_word' id='word_1_360' title='bbox 900 2344 1018 2370; x_wconf 90' lang='lat' dir='ltr'>causa</span> <span class='ocrx_word' id='word_1_361' title='bbox 1043 2331 1242 2370; x_wconf 81' lang='lat' dir='ltr'>recludere</span> <span class='ocrx_word' id='word_1_362' title='bbox 1267 2333 1402 2380; x_wconf 86' lang='lat' dir='ltr'>portas</span> <span class='ocrx_word' id='word_1_363' title='bbox 1429 2333 1647 2381; x_wconf 86' lang='lat' dir='ltr'>cunctatur,</span> <span class='ocrx_word' id='word_1_364' title='bbox 1673 2326 1799 2385; x_wconf 86' lang='lat'>(621)</span> 
     </span>
    </p>

    <p class='ocr_par' dir='ltr' id='par_1_9' title="bbox 554 2391 1511 2439">
     <span class='ocr_line' id='line_1_37' title="bbox 554 2391 1511 2439; baseline 0 -10"><span class='ocrx_word' id='word_1_365' title='bbox 554 2391 719 2439; x_wconf 77' lang='lat' dir='ltr'>Impulit</span> <span class='ocrx_word' id='word_1_366' title='bbox 744 2393 832 2439; x_wconf 83' lang='lat' dir='ltr'>ipsa</span> <span class='ocrx_word' id='word_1_367' title='bbox 857 2404 979 2429; x_wconf 85' lang='lat' dir='ltr'>manu</span> <span class='ocrx_word' id='word_1_368' title='bbox 997 2394 1136 2439; x_wconf 84' lang='lat' dir='ltr'>portas</span> <span class='ocrx_word' id='word_1_369' title='bbox 1162 2393 1196 2429; x_wconf 84' lang='lat' dir='ltr'>et</span> <span class='ocrx_word' id='word_1_370' title='bbox 1220 2391 1379 2429; x_wconf 83' lang='lat' dir='ltr'>cardine</span> <span class='ocrx_word' id='word_1_371' title='bbox 1403 2402 1511 2429; x_wconf 84' lang='lat' dir='ltr'>verso</span> 
     </span>
    </p>

    <p class='ocr_par' dir='ltr' id='par_1_10' title="bbox 269 2450 1833 2973">
     <span class='ocr_line' id='line_1_38' title="bbox 551 2450 1390 2499; baseline -0.001 -11"><span class='ocrx_word' id='word_1_372' title='bbox 551 2450 656 2488; x_wconf 86' lang='lat' dir='ltr'>Belli</span> <span class='ocrx_word' id='word_1_373' title='bbox 680 2452 846 2498; x_wconf 83' lang='lat' dir='ltr'>ferratos</span> <span class='ocrx_word' id='word_1_374' title='bbox 871 2452 1019 2499; x_wconf 79' lang='lat' dir='ltr'>rumpit</span> <span class='ocrx_word' id='word_1_375' title='bbox 1041 2450 1232 2488; x_wconf 82' lang='lat' dir='ltr'>Saturnia</span> <span class='ocrx_word' id='word_1_376' title='bbox 1249 2452 1390 2497; x_wconf 86' lang='lat' dir='ltr'>postes.</span> 
     </span>
     <span class='ocr_line' id='line_1_39' title="bbox 271 2506 1833 2558; baseline 0.001 -13"><span class='ocrx_word' id='word_1_377' title='bbox 271 2506 356 2552; x_wconf 84' lang='lat' dir='ltr'>Quo</span> <span class='ocrx_word' id='word_1_378' title='bbox 382 2508 487 2546; x_wconf 87' lang='lat' dir='ltr'>facto</span> <span class='ocrx_word' id='word_1_379' title='bbox 514 2509 625 2547; x_wconf 83' lang='lat' dir='ltr'>ardet</span> <span class='ocrx_word' id='word_1_380' title='bbox 647 2509 829 2548; x_wconf 86' lang='lat' dir='ltr'>Ausonia</span> <span class='ocrx_word' id='word_1_381' title='bbox 855 2511 894 2547; x_wconf 89' lang='lat' dir='ltr'>et</span> <span class='ocrx_word' id='word_1_382' title='bbox 919 2521 1048 2548; x_wconf 88' lang='lat' dir='ltr'>omnes</span> <span class='ocrx_word' id='word_1_383' title='bbox 1073 2521 1187 2548; x_wconf 88' lang='lat' dir='ltr'>arma</span> <span class='ocrx_word' id='word_1_384' title='bbox 1214 2510 1426 2557; x_wconf 75' lang='lat' dir='ltr'>requirunt.</span> <span class='ocrx_word' id='word_1_385' title='bbox 1464 2507 1571 2553; x_wconf 85' lang='lat' dir='ltr'>Quae</span> <span class='ocrx_word' id='word_1_386' title='bbox 1603 2509 1735 2547; x_wconf 88' lang='lat' dir='ltr'>studia</span> <span class='ocrx_word' id='word_1_387' title='bbox 1766 2522 1833 2558; x_wconf 87' lang='lat' dir='ltr'>ap-</span> 
     </span>
     <span class='ocr_line' id='line_1_40' title="bbox 271 2567 1832 2619; baseline 0.001 -15"><span class='ocrx_word' id='word_1_388' title='bbox 271 2567 438 2616; x_wconf 84' lang='lat' dir='ltr'>parandi</span> <span class='ocrx_word' id='word_1_389' title='bbox 457 2567 554 2605; x_wconf 90' lang='lat' dir='ltr'>belli</span> <span class='ocrx_word' id='word_1_390' title='bbox 571 2569 751 2616; x_wconf 86' lang='lat' dir='ltr'>pluribus</span> <span class='ocrx_word' id='word_1_391' title='bbox 772 2569 911 2606; x_wconf 89' lang='lat' dir='ltr'>deinde</span> <span class='ocrx_word' id='word_1_392' title='bbox 931 2568 1107 2607; x_wconf 87' lang='lat' dir='ltr'>versibus</span> <span class='ocrx_word' id='word_1_393' title='bbox 1126 2569 1243 2617; x_wconf 89' lang='lat' dir='ltr'>poeta</span> <span class='ocrx_word' id='word_1_394' title='bbox 1262 2567 1522 2617; x_wconf 84' lang='lat' dir='ltr'>persequitur.</span> <span class='ocrx_word' id='word_1_395' title='bbox 1542 2567 1595 2605; x_wconf 84' lang='lat' dir='ltr'>Et</span> <span class='ocrx_word' id='word_1_396' title='bbox 1607 2567 1832 2619; x_wconf 87' lang='lat' dir='ltr'>Vergilium</span> 
     </span>
     <span class='ocr_line' id='line_1_41' title="bbox 269 2626 1833 2677; baseline 0.002 -14"><span class='ocrx_word' id='word_1_397' title='bbox 269 2626 384 2663; x_wconf 87' lang='lat' dir='ltr'>facile</span> <span class='ocrx_word' id='word_1_398' title='bbox 411 2626 545 2664; x_wconf 89' lang='lat' dir='ltr'>credas</span> <span class='ocrx_word' id='word_1_399' title='bbox 570 2627 688 2675; x_wconf 88' lang='lat' dir='ltr'>plura</span> <span class='ocrx_word' id='word_1_400' title='bbox 714 2640 759 2665; x_wconf 86' lang='lat' dir='ltr'>ex</span> <span class='ocrx_word' id='word_1_401' title='bbox 778 2628 907 2666; x_wconf 88' lang='lat' dir='ltr'>Ennio</span> <span class='ocrx_word' id='word_1_402' title='bbox 934 2640 1054 2677; x_wconf 87' lang='lat' dir='ltr'>quam</span> <span class='ocrx_word' id='word_1_403' title='bbox 1079 2640 1203 2665; x_wconf 90' lang='lat' dir='ltr'>unum</span> <span class='ocrx_word' id='word_1_404' title='bbox 1228 2639 1383 2665; x_wconf 87' lang='lat' dir='ltr'>versum</span> <span class='ocrx_word' id='word_1_405' title='bbox 1403 2639 1520 2675; x_wconf 88' lang='lat' dir='ltr'>quem</span> <span class='ocrx_word' id='word_1_406' title='bbox 1540 2626 1698 2665; x_wconf 85' lang='lat' dir='ltr'>Servius</span> <span class='ocrx_word' id='word_1_407' title='bbox 1719 2627 1833 2666; x_wconf 74' lang='lat' dir='ltr'>affert</span> 
     </span>
     <span class='ocr_line' id='line_1_42' title="bbox 270 2684 1832 2736; baseline 0.002 -14"><span class='ocrx_word' id='word_1_408' title='bbox 270 2686 513 2734; x_wconf 81' lang='lat' dir='ltr'>expressisse.</span> <span class='ocrx_word' id='word_1_409' title='bbox 548 2684 642 2729; x_wconf 82' lang='lat' dir='ltr'>Quis</span> <span class='ocrx_word' id='word_1_410' title='bbox 669 2699 761 2724; x_wconf 89' lang='lat' dir='ltr'>vero</span> <span class='ocrx_word' id='word_1_411' title='bbox 792 2699 871 2724; x_wconf 93' lang='lat' dir='ltr'>non</span> <span class='ocrx_word' id='word_1_412' title='bbox 902 2687 1011 2725; x_wconf 87' lang='lat' dir='ltr'>videt</span> <span class='ocrx_word' id='word_1_413' title='bbox 1041 2687 1137 2724; x_wconf 87' lang='lat' dir='ltr'>haec</span> <span class='ocrx_word' id='word_1_414' title='bbox 1166 2699 1266 2736; x_wconf 92' lang='lat' dir='ltr'>quae</span> <span class='ocrx_word' id='word_1_415' title='bbox 1292 2685 1442 2724; x_wconf 86' lang='lat' dir='ltr'>Ennius</span> <span class='ocrx_word' id='word_1_416' title='bbox 1468 2686 1606 2724; x_wconf 90' lang='lat' dir='ltr'>scribit</span> <span class='ocrx_word' id='word_1_417' title='bbox 1623 2689 1832 2735; x_wconf 80' lang='lat' dir='ltr'>postquam</span> 
     </span>
     <span class='ocr_line' id='line_1_43' title="bbox 269 2744 1831 2794; baseline 0.001 -12"><span class='ocrx_word' id='word_1_418' title='bbox 269 2744 481 2783; x_wconf 84' lang='lat' dir='ltr'>Discordia</span> <span class='ocrx_word' id='word_1_419' title='bbox 506 2746 633 2782; x_wconf 86' lang='lat' dir='ltr'>taetra</span> <span class='ocrx_word' id='word_1_420' title='bbox 658 2745 763 2783; x_wconf 86' lang='lat' dir='ltr'>Belli</span> <span class='ocrx_word' id='word_1_421' title='bbox 787 2747 953 2793; x_wconf 80' lang='lat' dir='ltr'>ferratos</span> <span class='ocrx_word' id='word_1_422' title='bbox 971 2749 1101 2794; x_wconf 86' lang='lat' dir='ltr'>postes</span> <span class='ocrx_word' id='word_1_423' title='bbox 1118 2748 1330 2794; x_wconf 78' lang='lat' dir='ltr'>portasque</span> <span class='ocrx_word' id='word_1_424' title='bbox 1354 2746 1512 2793; x_wconf 73' lang='lat' dir='ltr'>refreqit</span> <span class='ocrx_word' id='word_1_425' title='bbox 1538 2757 1617 2783; x_wconf 90' lang='lat' dir='ltr'>non</span> <span class='ocrx_word' id='word_1_426' title='bbox 1641 2757 1755 2794; x_wconf 91' lang='lat' dir='ltr'>posse</span> <span class='ocrx_word' id='word_1_427' title='bbox 1781 2745 1831 2783; x_wconf 86' lang='lat' dir='ltr'>ad</span> 
     </span>
     <span class='ocr_line' id='line_1_44' title="bbox 269 2803 1830 2855; baseline 0.001 -15"><span class='ocrx_word' id='word_1_428' title='bbox 269 2803 358 2842; x_wconf 89' lang='lat' dir='ltr'>Iani</span> <span class='ocrx_word' id='word_1_429' title='bbox 384 2803 513 2852; x_wconf 88' lang='lat' dir='ltr'>aperti</span> <span class='ocrx_word' id='word_1_430' title='bbox 537 2803 601 2841; x_wconf 85' lang='lat' dir='ltr'>vel</span> <span class='ocrx_word' id='word_1_431' title='bbox 626 2805 755 2853; x_wconf 88' lang='lat' dir='ltr'>operti</span> <span class='ocrx_word' id='word_1_432' title='bbox 779 2806 958 2852; x_wconf 90' lang='lat' dir='ltr'>tempora</span> <span class='ocrx_word' id='word_1_433' title='bbox 984 2805 1163 2855; x_wconf 85' lang='lat' dir='ltr'>astringi,</span> <span class='ocrx_word' id='word_1_434' title='bbox 1188 2817 1266 2842; x_wconf 92' lang='lat' dir='ltr'>non</span> <span class='ocrx_word' id='word_1_435' title='bbox 1291 2805 1418 2854; x_wconf 89' lang='lat' dir='ltr'>magis</span> <span class='ocrx_word' id='word_1_436' title='bbox 1443 2804 1573 2841; x_wconf 87' lang='lat' dir='ltr'>hercle</span> <span class='ocrx_word' id='word_1_437' title='bbox 1596 2817 1715 2853; x_wconf 89' lang='lat' dir='ltr'>quam</span> <span class='ocrx_word' id='word_1_438' title='bbox 1734 2804 1830 2842; x_wconf 93' lang='lat' dir='ltr'>Ver-</span> 
     </span>
     <span class='ocr_line' id='line_1_45' title="bbox 269 2862 1831 2912; baseline 0.001 -13"><span class='ocrx_word' id='word_1_439' title='bbox 269 2862 419 2911; x_wconf 87' lang='lat' dir='ltr'>giliana</span> <span class='ocrx_word' id='word_1_440' title='bbox 446 2875 546 2911; x_wconf 88' lang='lat' dir='ltr'>quae</span> <span class='ocrx_word' id='word_1_441' title='bbox 573 2862 622 2900; x_wconf 88' lang='lat' dir='ltr'>ad</span> <span class='ocrx_word' id='word_1_442' title='bbox 648 2863 769 2900; x_wconf 86' lang='lat' dir='ltr'>Ennii</span> <span class='ocrx_word' id='word_1_443' title='bbox 795 2864 1014 2912; x_wconf 85' lang='lat' dir='ltr'>exemplum</span> <span class='ocrx_word' id='word_1_444' title='bbox 1038 2863 1210 2901; x_wconf 89' lang='lat' dir='ltr'>formata</span> <span class='ocrx_word' id='word_1_445' title='bbox 1235 2864 1336 2901; x_wconf 89' lang='lat' dir='ltr'>sunt.</span> <span class='ocrx_word' id='word_1_446' title='bbox 1363 2862 1503 2912; x_wconf 87' lang='lat' dir='ltr'>Itaque</span> <span class='ocrx_word' id='word_1_447' title='bbox 1528 2863 1625 2900; x_wconf 88' lang='lat' dir='ltr'>haec</span> <span class='ocrx_word' id='word_1_448' title='bbox 1649 2863 1754 2901; x_wconf 88' lang='lat' dir='ltr'>malo</span> <span class='ocrx_word' id='word_1_449' title='bbox 1780 2863 1831 2902; x_wconf 88' lang='lat' dir='ltr'>ad</span> 
     </span>
     <span class='ocr_line' id='line_1_46' title="bbox 269 2920 1630 2973; baseline 0.001 -15"><span class='ocrx_word' id='word_1_450' title='bbox 269 2920 386 2959; x_wconf 86' lang='lat' dir='ltr'>initia</span> <span class='ocrx_word' id='word_1_451' title='bbox 410 2921 506 2959; x_wconf 90' lang='lat' dir='ltr'>belli</span> <span class='ocrx_word' id='word_1_452' title='bbox 529 2921 782 2960; x_wconf 88' lang='lat' dir='ltr'>Hannibalici</span> <span class='ocrx_word' id='word_1_453' title='bbox 807 2921 957 2970; x_wconf 86' lang='lat' dir='ltr'>referri,</span> <span class='ocrx_word' id='word_1_454' title='bbox 983 2935 1060 2972; x_wconf 93' lang='lat' dir='ltr'>quo</span> <span class='ocrx_word' id='word_1_455' title='bbox 1086 2923 1186 2961; x_wconf 92' lang='lat' dir='ltr'>nihil</span> <span class='ocrx_word' id='word_1_456' title='bbox 1211 2923 1296 2961; x_wconf 85' lang='lat' dir='ltr'>erat</span> <span class='ocrx_word' id='word_1_457' title='bbox 1319 2923 1436 2972; x_wconf 84' lang='lat' dir='ltr'>poeta</span> <span class='ocrx_word' id='word_1_458' title='bbox 1462 2921 1630 2973; x_wconf 89' lang='lat' dir='ltr'>dignius.</span> 
     </span>
    </p>
   </div>
   <div class='ocr_carea' id='block_1_3' title="bbox 1955 0 2004 1139">
    <p class='ocr_par' dir='ltr' id='par_1_11' title="bbox 1955 0 2004 1139">
     <span class='ocr_line' id='line_1_47' title="bbox 1955 0 2004 1139; baseline 0 0"><span class='ocrx_word' id='word_1_459' title='bbox 1955 0 2004 1139; x_wconf 95' lang='lat' dir='ltr'> </span> 
     </span>
    </p>
   </div>
  </div>
 </body>
</html>
