2020 3334
324 237 421 273 XLH
880 237 906 271 I.
933 236 1161 272 HISTORlA
1185 236 1323 272 ENNII

324 350 622 388 Andromachae
659 350 761 388 esset
798 349 848 387 ab
886 350 1017 388 actore
1046 349 1090 387 in
1122 347 1318 387 Giceronis
1350 349 1618 388 calamitatem
1647 351 1881 400 interpreta-

324 411 411 447 tum
441 409 644 446 indicaret.
675 408 768 446 Non
795 407 997 458 explicabo
1029 408 1199 458 singula,
1230 409 1410 457 quamvis
1439 409 1622 458 pluribus
1648 409 1765 447 rebus
1788 409 1882 447 illu-

326 470 450 506 strare
481 479 631 506 morem
661 467 808 516 liceret,
843 480 922 517 quo
955 466 1089 506 Cicero
1121 466 1304 506 Enniana
1336 467 1511 506 carmina
1542 469 1663 506 etiam
1694 468 1882 507 orationi-

322 528 396 565 bus
428 527 640 565 adhiberet.

440 585 502 624 Ab
543 585 789 624 orationibus
832 586 883 623 ad
922 586 1042 624 libros
1084 585 1300 624 rhetoricos
1342 585 1573 637 progredior
1617 598 1663 624 ac
1710 585 1883 636 primum

323 645 484 694 quidem
527 645 577 683 ad
620 657 685 683 eos
726 645 795 694 qui
838 645 958 694 primi
1000 646 1103 693 sunt,
1148 645 1195 683 de
1239 646 1394 683 oratore
1436 644 1530 682 libri
1568 658 1603 683 a.
1645 645 1728 684 699
1774 644 1881 683 editi.

323 704 497 749 Quorum
529 705 650 742 etiam
679 705 832 754 primus
864 706 904 743 et
934 705 1125 743 secundus
1155 704 1303 742 habent
1330 704 1522 743 nonnulla
1546 704 1740 753 Enniana,
1772 704 1884 742 velut

323 763 429 812 quod
461 763 623 802 Crassus
653 764 698 801 in
726 764 855 813 primo
881 758 970 816 (34,
993 759 1109 817 154),
1140 776 1231 801 cum
1260 763 1319 801 ita
1350 776 1390 802 se
1421 765 1616 802 exerceret
1646 763 1883 812 adolescens,

323 825 368 861 ut
405 835 507 872 quae
544 823 705 874 legisset
741 823 849 872 apud
885 824 1044 872 poetam
1082 822 1212 861 verbis
1243 823 1332 861 aliis
1370 822 1438 861 sed
1467 823 1690 861 lectissimis
1720 822 1883 861 reddere

322 882 513 929 studeret,
551 882 672 920 etiam
709 882 759 920 ad
790 883 918 920 Ennii
953 894 1087 920 versus
1123 893 1163 920 se
1194 883 1404 921 eaeercuisse
1440 883 1650 930 memorat,
1682 883 1752 920 aut
1777 881 1882 931 quod

323 936 521 992 (45,198
536 936 612 994 sq.)
656 941 754 979 iuris
798 941 925 979 civilis
969 942 1157 979 scientiae
1204 943 1243 979 et
1289 942 1660 980 iurisconsultorum
1708 941 1880 979 muneris

324 1000 536 1039 extollendi
575 1012 693 1038 causa
731 1013 820 1038 cum
853 999 962 1038 Sexti
991 1000 1097 1038 Aelii
1132 1002 1280 1038 mentio
1316 1000 1379 1049 fit,
1420 1002 1491 1049 qui
1528 1013 1553 1038 a
1585 1011 1735 1039 summo
1766 1003 1882 1048 poeta

324 1059 547 1109 appellatus
580 1061 633 1098 sit
664 1062 808 1109 eyreyie
833 1060 1013 1098 cordatus
1038 1061 1147 1098 homo
1172 1062 1280 1098 catus
1304 1058 1442 1098 Aelius
1466 1059 1602 1098 Sextus
1628 1054 1736 1111 (ann.
1764 1054 1882 1111 331),

323 1120 410 1156 tum
440 1118 742 1157 iurisconsultus
774 1119 919 1157 dicitur
949 1119 996 1157 de
1027 1131 1067 1157 se
1099 1131 1170 1157 3110
1206 1120 1292 1157 iure
1329 1119 1455 1157 dicere
1491 1131 1605 1168 posse
1641 1119 1745 1156 idem
1777 1118 1881 1168 quod

321 1178 429 1226 apud
454 1178 631 1216 Ennium
657 1172 777 1230 (scen.
808 1179 887 1216 141
906 1173 1008 1231 sqq.)
1041 1178 1144 1217 dica-t
1172 1178 1235 1216 ille
1259 1179 1421 1226 Pythius
1446 1177 1598 1226 Apollo,
1628 1190 1668 1216 se
1693 1189 1771 1216 csse
1797 1190 1882 1216 eum

320 1237 422 1275 unde
457 1238 534 1275 sibi
568 1239 604 1275 si
633 1249 712 1275 non
735 1238 877 1285 populi
909 1240 943 1276 et
971 1249 1095 1286 reyes,
1132 1240 1174 1275 at
1206 1248 1334 1275 omnes
1363 1239 1427 1275 sui
1458 1239 1556 1276 cives
1587 1237 1790 1276 consilium
1822 1249 1882 1275 cx-

313 1299 451 1344 petant
480 1309 560 1346 eqs,
590 1296 629 1334 in
663 1296 834 1335 secundo
866 1298 999 1335 autem
1031 1309 1121 1334 cum
1153 1296 1233 1334 alia
1262 1297 1374 1334 velut
1398 1290 1488 1349 (37,
1510 1291 1614 1349 156)
1645 1296 1882 1334 sententiam

321 1355 574 1404 Neoptolemi
605 1355 777 1393 Enniani
816 1355 862 1394 de
899 1356 1173 1405 philosophiae
1210 1355 1361 1405 studio,
1398 1357 1484 1393 tum
1519 1355 1591 1392 illa
1626 1367 1729 1404 (11136
1760 1367 1881 1404 supra

319 1427 355 1463 p.
383 1427 441 1451 xn
479 1416 699 1452 memorata
736 1417 829 1452 sunt
867 1414 913 1453 de
950 1414 1225 1453 familiaritate
1264 1427 1367 1463 quae
1403 1414 1532 1452 Ennio
1574 1427 1662 1452 curn
1699 1413 1881 1464 Scipione

320 1473 465 1512 Nasica
501 1473 621 1511 fuerit
653 1468 748 1527 (68,
770 1468 884 1526 276).
923 1473 1073 1511 Verum
1105 1476 1238 1512 tamen
1269 1474 1385 1524 longe
1416 1475 1458 1511 in
1489 1485 1607 1512 causa
1637 1475 1772 1511 nostra
1802 1475 1880 1511 uti-

320 1532 396 1570 lior
427 1534 487 1571 est
518 1534 558 1570 et
587 1532 792 1571 fecundior
822 1533 976 1581 tertius,
1013 1533 1055 1570 in
1086 1546 1163 1582 quo
1196 1545 1286 1571 cum
1318 1532 1452 1571 Cicero
1484 1534 1565 1571 sive
1597 1532 1762 1571 Crassus
1796 1533 1881 1582 agit

319 1591 366 1629 de
403 1592 596 1630 novandis
633 1594 673 1630 et
709 1592 991 1630 transferendis
1029 1592 1177 1640 verbis,
1221 1592 1290 1641 qui
1327 1604 1488 1641 campus
1526 1592 1606 1629 late
1643 1593 1755 1641 patet
1792 1586 1880 1644 (38,

323 1651 426 1699 1543
452 1651 518 1699 40,
542 1651 643 1698 1623
665 1652 732 1699 42,
756 1646 871 1703 168),
891 1651 938 1690 de
957 1651 1129 1689 numeris
1149 1651 1320 1690 orationi
1340 1651 1570 1690 adhibendis
1591 1645 1679 1703 (47,
1698 1645 1813 1703 182),
1833 1650 1880 1688 de

324 1711 477 1748 actione
516 1722 616 1758 quae
654 1722 737 1748 esse
775 1710 916 1748 debeat
952 1712 994 1748 in
1032 1710 1195 1748 canticis
1229 1711 1392 1760 tragicis
1425 1704 1512 1762 (26,
1535 1704 1657 1762 102),
1694 1709 1742 1747 de
1773 1711 1880 1747 vocis

320 1781 414 1807 sono
459 1769 613 1807 diverso
655 1781 728 1818 pro
766 1769 995 1807 diversitate
1032 1781 1218 1808 sensuum
1255 1770 1297 1806 in
1334 1770 1452 1807 cantu
1490 1781 1760 1818 expressorum
1792 1763 1880 1821 (58,

323 1829 418 1866 217.
448 1823 571 1880 218),
608 1841 760 1878 semper
795 1830 953 1878 praeter
990 1830 1119 1867 cetera
1150 1828 1334 1866 Enniana
1371 1828 1485 1866 affert
1522 1828 1699 1877 exempla
1737 1827 1880 1877 quibus

322 1888 538 1925 sententias
582 1900 673 1926 suas
717 1887 919 1925 confirmet
963 1889 1003 1925 et
1045 1887 1234 1935 declaret,
1283 1900 1361 1925 non
1406 1900 1559 1937 semper
1606 1889 1653 1924 ut
1702 1886 1880 1925 dilaudet

317 1948 477 1995 poetam
508 1959 627 1995 quem
656 1947 862 1997 permagni
893 1947 1021 1985 facere
1053 1947 1168 1995 solet,
1208 1947 1274 1985 sed
1305 1948 1350 1984 ut
1384 1946 1577 1996 quaedam
1610 1946 1731 1984 etiam
1762 1941 1879 1998 (162.

322 2001 425 2058 164)
456 2006 566 2043 velut
596 2005 637 2043 in
668 2006 928 2044 translatione
959 2005 1170 2056 vituperet.
1208 2005 1380 2044 Ennium
1410 2007 1542 2055 ipsum
1573 2005 1691 2043 semel
1722 2007 1880 2043 tantum

322 2065 500 2114 appellat
536 2059 681 2117 (162),
725 2065 869 2103 nedum
906 2066 1082 2104 carmina
1119 2064 1227 2103 dicat
1260 2078 1307 2102 ex
1344 2064 1485 2114 quibus
1524 2077 1595 2104 sua
1633 2066 1879 2113 excerpserit,

324 2124 392 2162 sed
421 2126 555 2162 tamen
586 2124 680 2162 licet
711 2124 823 2163 nobis
855 2124 903 2162 de
934 2126 1105 2174 utroque
1137 2126 1206 2162 aut
1236 2126 1323 2174 ipsa
1347 2137 1389 2162 re
1421 2125 1492 2162 aut
1522 2124 1612 2162 aliis
1643 2123 1879 2162 testimoniis

320 2184 469 2221 certum
508 2183 699 2221 iudicium
736 2184 882 2232 facere3
921 2186 959 2221 et
997 2196 1099 2232 quae
1134 2182 1371 2222 hexametris
1409 2184 1502 2222 sunt
1538 2183 1723 2221 conclusa
1760 2176 1878 2234 (167.

323 2243 416 2290 168,
449 2242 496 2279 cf.
526 2237 629 2294 154)
671 2243 718 2280 ad
759 2243 919 2281 annales
950 2242 1078 2281 redire
1109 2244 1290 2292 apertum
1322 2244 1398 2290 est,
1436 2243 1513 2280 nisi
1542 2242 1650 2291 quod
1680 2254 1807 2291 pauca
1837 2242 1879 2279 in

319 2314 361 2339 re
391 2302 544 2339 incerta
570 2301 620 2339 ad
644 2301 861 2350 Scipionem
885 2302 1009 2339 malui
1032 2302 1189 2348 referre,
1220 2302 1376 2350 reliqua
1401 2301 1561 2339 scenicis
1587 2301 1765 2339 versibus
1791 2313 1878 2340 con-

319 2362 449 2409 cepta,
489 2358 656 2409 quorum
687 2373 779 2410 pars
811 2362 939 2399 maior
970 2363 1046 2408 est,
1081 2363 1219 2411 suapte
1250 2363 1396 2398 natura
1421 2373 1461 2398 se
1491 2362 1644 2411 tragica
1676 2372 1759 2398 esse
1790 2373 1879 2409 pro-

318 2419 426 2467 bant,
463 2420 503 2457 in
536 2420 677 2469 quibus
709 2421 803 2458 sunt
833 2433 935 2469 quae
966 2420 1107 2459 incerti
1138 2420 1215 2458 loci
1246 2421 1337 2467 sint,
1368 2419 1436 2457 sed
1469 2432 1570 2468 quae
1601 2419 1706 2457 certo
1739 2431 1879 2469 agnos-

319 2479 474 2527 cantur,
518 2479 589 2517 has
632 2478 718 2517 dico
756 2479 998 2530 tragoedias,
1036 2478 1268 2526 Alcmeona,
1310 2477 1645 2525 Andromacham,
1690 2477 1879 2525 Medeam,

326 2537 553 2586 Thyestem,
591 2538 757 2576 fortasse
788 2538 1035 2576 Eumenides.
1098 2538 1145 2576 In
1182 2538 1360 2576 versibus
1393 2537 1617 2585 afferendis,
1651 2538 1727 2575 etsi
1757 2536 1878 2575 etiam

319 2597 526 2634 continuos
552 2597 746 2645 recitavit,
778 2598 889 2635 velut
919 2597 1202 2646 pulcherrimos
1231 2597 1455 2635 Alcmeonis
1476 2591 1614 2649 (218),
1646 2596 1878 2645 plerumque

320 2668 365 2693 eo
402 2655 519 2693 modo
557 2657 737 2694 versatur
774 2669 889 2706 quem
928 2656 1026 2703 dixi,
1063 2658 1111 2694 ut
1146 2657 1282 2705 paucis
1320 2656 1449 2694 verbis
1487 2656 1627 2705 positis
1660 2667 1878 2693 commone-

319 2715 442 2753 faciat
478 2715 737 2764 reliquorum,
779 2728 878 2764 quae
916 2728 994 2753 11011
1032 2715 1189 2753 dubitat
1227 2716 1322 2754 nota
1359 2727 1441 2754 esse
1474 2715 1524 2752 iis
1557 2714 1699 2764 quibus
1732 2714 1878 2763 scribit,

319 2774 430 2811 velut
461 2768 586 2826 (167)
619 2775 763 2812 Desine
793 2774 920 2812 Roma
951 2777 1034 2812 tuos
1065 2775 1182 2812 hostis
1213 2776 1253 2812 et
1288 2774 1411 2812 Testes
1447 2776 1539 2812 sant
1571 2773 1710 2821 Campi
1746 2773 1878 2821 magni

321 2827 443 2883 (Scip.
468 2826 531 2884 v),
570 2834 609 2870 et
640 2827 734 2885 (26,
757 2828 861 2885 102)
895 2833 997 2881 Quid
1026 2836 1159 2881 petam
1189 2833 1369 2881 praesidi
1400 2834 1440 2870 et
1470 2844 1491 2869 0
1519 2834 1646 2880 pater,
1682 2843 1704 2869 0
1728 2833 1877 2879 patria,

359 2892 512 2929 Priami
537 2891 672 2929 domus
699 2887 979 2943 (Andromach.
1005 2891 1059 2941 v).
1088 2891 1163 2930 Sed
1190 2894 1230 2930 et
1254 2891 1355 2930 illud
1381 2892 1626 2942 agnoscimus
1652 2890 1759 2940 quod
1784 2890 1878 2937 dixi,

322 2949 546 2988 Ciceronem
577 2963 655 2990 non
687 2952 744 2989 ita
777 2964 892 3000 agere
923 2953 968 2989 ut
999 2963 1125 2989 meros
1155 2963 1291 2996 versus
1323 2950 1512 3000 quosdam
1544 2950 1656 2987 nobis
1691 2949 1805 2998 quasi
1836 2951 1876 2987 in
