2020 3334
317 248 351 284 X
875 248 902 284 Ι.
928 247 1156 283 HISTORIA
1179 248 1318 285 ENNII

316 361 386 400 fflo
416 363 592 411 tempore
623 360 734 398 nulla
765 359 859 398 dum
889 354 1035 414 erat*):
1065 361 1250 411 poterant
1275 361 1325 400 ab
1355 361 1484 402 Ennio
1513 363 1601 414 ipso
1638 363 1804 413 narrari,
1834 363 1877 402 in

317 420 525 460 annalibus
556 422 778 470 temporum
809 421 849 458 et
878 432 1010 458 rerum
1040 422 1242 471 gestarum
1273 419 1408 460 ordine
1437 422 1651 472 invitante,
1691 421 1876 473 quemad-

316 480 476 518 modum
509 479 705 518 Naevium
741 478 783 517 in
821 479 992 518 carmine
1028 479 1124 518 beili
1160 479 1300 518 Punici
1335 479 1554 530 prodidisse
1589 482 1721 532 ipsum
1757 495 1798 522 se
1834 482 1877 525 in

317 551 361 578 eo
398 539 502 577 bello
540 538 738 589 stipendia
772 539 910 578 fecisse
941 538 1118 578 Varrone
1155 540 1255 578 teste
1293 538 1430 578 scribit
1460 539 1610 580 Gellius
1640 542 1666 580 1.
1692 553 1721 580 s.
1747 554 1795 590 s.,
1831 542 1878 580 ut

315 598 505 637 Varronis
544 597 731 636 beneficio
769 598 890 636 etiam
925 598 996 636 illa
1033 598 1081 637 de
1118 598 1247 637 Ennio
1285 598 1319 637 si
1350 598 1411 638 dis
1440 598 1572 649 placet
1601 599 1651 638 ad
1681 601 1877 650 Nepotem

316 657 583 706 manaverint,
622 658 691 695 aut
721 657 763 695 in
797 656 958 696 Catonis
989 657 1172 696 laudibus
1210 670 1310 707 quae
1346 658 1497 697 multae
1535 660 1648 697 erant
1682 659 1725 698 in
1757 673 1877 698 anna—

314 717 418 756 libus
441 710 526 770 Δ(ΧΠ
556 717 603 754 fr.
629 711 710 769 Ν),
748 716 915 766 denique
952 717 1017 756 vel
1053 717 1096 755 in
1133 718 1305 756 extremo
1343 717 1591 756 duodecimo:
1635 718 1705 768 qui
1746 719 1876 758 minus

317 777 420 815 enim
450 776 625 814 Ennium
662 776 759 814 haec
790 788 945 825 quoque
977 776 1023 815 de
1054 789 1095 815 se
1126 776 1182 814 ibi
1215 777 1509 826 memoraverit,
1547 789 1635 815 cum
1665 777 1878 816 Horatium

316 836 518 874 videamus
554 836 596 873 in
632 835 704 873 illa
742 835 910 886 epistola
947 835 1143 885 stipendia
1179 848 1202 874 a
1233 848 1274 874 se
1303 836 1411 875 facta
1440 849 1519 875 non
1549 837 1877 886 praetermittere.

317 895 392 933 Sed
423 895 524 933 nihil
555 895 669 943 certi,
706 907 752 933 ac
789 894 901 933 nobis
939 894 1124 933 standum
1155 896 1215 934 est
1243 908 1354 933 mera
1383 895 1459 934 fide
1489 895 1667 946 Nepotis.
1698 896 1775 935 Res
1807 909 1876 934 au-

313 956 395 993 tem
425 954 514 1004 ipsa
544 967 663 1004 quam
692 953 816 992 tradit
845 967 924 992 non
955 966 1033 992 uno
1064 954 1221 992 nomine
1253 954 1418 993 obscura
1443 956 1519 994 est:
1549 967 1622 993 nec
1646 955 1751 993 enim
1775 968 1876 1006 quae

315 1026 434 1052 causa
457 1013 659 1052 Rudinum
689 1014 888 1052 hominem
916 1013 1083 1052 durante
1110 1015 1230 1052 etiam
1253 1015 1340 1052 tum
1363 1013 1468 1052 bello
1492 1015 1535 1052 in
1562 1013 1784 1053 Sardiniam
1810 1014 1875 1053 ad-

315 1073 488 1122 duxerit,
524 1085 595 1111 neo
628 1085 704 1122 quo
744 1073 907 1112 consilio
947 1075 1016 1111 aut
1053 1086 1130 1122 qua
1168 1072 1368 1112 occasione
1402 1072 1499 1112 Cato
1537 1086 1627 1111 eum
1664 1073 1710 1112 de
1746 1074 1878 1113 insula

314 1132 532 1181 deduxerit,
563 1133 659 1171 satis
689 1132 735 1170 fit
764 1133 1027 1182 perspicuum,
1053 1145 1292 1182 quamquam
1316 1144 1388 1170 nec
1411 1132 1486 1171 hoe
1509 1132 1769 1183 improbabile
1795 1145 1877 1172 esse

315 1193 378 1230 aio
410 1191 515 1241 quod
545 1192 738 1240 statuunt,
770 1204 859 1230 eum
889 1191 1087 1241 stipendia
1116 1192 1255 1231 fecisse
1279 1193 1321 1229 in
1352 1192 1506 1242 legione
1530 1191 1721 1241 Romana,
1746 1193 1878 1231 centu—

313 1252 465 1290 rionem
496 1251 529 1289 si
558 1250 657 1289 Jibet
686 1253 732 1289 ut
758 1250 877 1290 Silius
907 1251 1033 1300 finxit,
1063 1263 1135 1290 nec
1166 1251 1309 1301 quibus
1339 1251 1560 1290 rationibus
1590 1251 1664 1290 hoc
1694 1251 1780 1289 fieri
1809 1264 1877 1302 po-

313 1311 436 1349 tuisse
466 1311 509 1348 in
542 1323 586 1348 eo
619 1310 687 1360 qui
719 1311 814 1349 civis
846 1323 924 1348 non
956 1312 1040 1349 erat
1077 1310 1244 1360 probare
1275 1310 1523 1349 studuerunt.
1559 1309 1693 1348 Unum
1729 1313 1878 1349 certum

317 1371 376 1408 est
408 1371 447 1408 et
476 1369 549 1408 hoe
573 1369 689 1420 longe
715 1370 1004 1419 gravissimum,
1037 1370 1141 1419 quod
1168 1383 1190 1407 a
1216 1368 1364 1408 Catone
1391 1370 1598 1419 quaestore
1623 1370 1775 1408 Ennius
1800 1370 1878 1408 Ro-

313 1442 419 1466 mam
449 1429 666 1467 translatus
695 1428 848 1467 dieitur.
882 1427 1072 1467 Catonem
1098 1429 1202 1466 enim
1229 1430 1476 1478 quaestorem
1500 1429 1621 1467 fuisse
1653 1429 1877 1468 consulibus

313 1488 364 1526 M.
391 1486 564 1538 Cethego
589 1487 633 1526 P.
659 1488 871 1536 Tuditano,
904 1500 1071 1538 quorum
1100 1488 1216 1526 illum
1239 1488 1391 1527 Ennius
1416 1489 1565 1538 insigni
1592 1488 1708 1526 laude
1733 1489 1878 1539 imper-

312 1548 408 1586 tivit
438 1547 480 1585 in
512 1548 714 1585 annalium
739 1560 799 1596 IX,
823 1548 861 1585 h.
887 1560 918 1586 e.
952 1560 1053 1586 anno
1078 1561 1115 1585 u.
1143 1559 1173 1585 c.
1202 1548 1286 1586 550
1320 1546 1453 1586 Cicero
1477 1547 1539 1586 bis
1571 1549 1762 1597 expressis
1793 1561 1878 1587 ver-

312 1606 373 1646 bis
398 1606 576 1654 tradidit,
600 1607 642 1644 in
667 1607 792 1645 Bruto
819 1602 909 1658 (15,
930 1601 1005 1660 60)
1026 1608 1065 1645 et
1088 1608 1130 1645 in
1158 1605 1306 1646 Catone
1331 1620 1381 1645 m.
1409 1601 1468 1660 (4,
1490 1601 1575 1659 10).
1609 1606 1734 1652 Quem
1759 1619 1877 1656 quae-

313 1667 459 1705 storem
483 1665 620 1704 Livius
647 1660 763 1718 (xxix
791 1667 858 1715 25,
881 1660 954 1719 10)
980 1668 1117 1704 narrat
1147 1678 1192 1704 eo
1225 1678 1327 1704 anno
1356 1678 1445 1704 cum
1472 1665 1653 1716 Scipione
1676 1667 1877 1705 traiecisse

313 1726 355 1763 in
380 1725 575 1774 Afficam3
606 1725 711 1763 unde
743 1725 930 1764 decedens
957 1724 1180 1763 Sardiniam
1210 1725 1339 1775 petiit,
1372 1727 1411 1763 et
1440 1725 1532 1763 inde
1558 1726 1772 1764 comitante
1798 1726 1876 1763 En-

312 1785 379 1822 nio
398 1784 574 1823 Romam.
609 1783 727 1823 Cuius
754 1797 880 1823 annus
907 1784 1100 1823 adventus
1126 1785 1167 1822 in
1192 1785 1398 1835 principiis
1422 1784 1551 1834 poesis
1570 1784 1772 1823 Romanae
1797 1797 1876 1823 non

313 1844 445 1882 minus
476 1845 719 1882 momentum
750 1844 847 1882 facit
873 1857 992 1893 quam
1016 1856 1142 1883 annus
1167 1844 1317 1893 primae
1343 1844 1460 1881 datae
1491 1843 1649 1882 fabulae
1681 1844 1730 1882 ab
1762 1843 1876 1883 Livio

314 1903 540 1941 Andronico
573 1897 711 1956 (514).

431 1962 580 2000 Romae
612 1962 785 2001 Ennium
821 1964 863 2000 in
894 1965 1026 2001 monte
1057 1962 1257 2001 Aventino
1287 1962 1487 2001 habitasse
1518 1974 1596 2000 non
1635 1963 1877 2012 compertum

315 2022 374 2060 est
404 2023 482 2060 nisi
512 2021 747 2071 Hieronymi
780 2022 909 2061 verbis
942 2034 1043 2072 quae
1074 2034 1193 2072 supra
1225 2016 1281 2074 (p.
1306 2016 1368 2075 vr)
1394 2022 1543 2072 scripta
1573 2022 1683 2061 sunt:
1720 2023 1763 2060 in
1795 2034 1877 2071 qua

312 2093 354 2119 re
384 2081 713 2120 reminiscendum
750 2083 809 2120 est
843 2094 975 2119 rerum
1004 2081 1285 2119 tradendarum
1315 2082 1357 2119 in
1387 2081 1461 2119 hoc
1491 2093 1633 2132 genere
1662 2081 1739 2118 iter
1770 2080 1875 2130 quod

314 2152 436 2190 supra
479 2140 667 2190 descripsi
710 2153 863 2190 semper
900 2142 1070 2189 exstare,
1114 2141 1271 2179 etiamsi
1307 2140 1420 2179 nobis
1457 2153 1535 2178 non
1573 2152 1726 2190 semper
1758 2140 1877 2178 liceat

315 2200 480 2250 singulis
518 2199 633 2238 rebus
678 2201 847 2239 excussis
884 2201 1120 2239 monstrare:
1159 2212 1281 2249 quare
1318 2200 1392 2238 hoc
1429 2199 1651 2238 obtinemus
1681 2199 1876 2249 Hierony-

313 2272 423 2297 mum
458 2259 539 2297 fere
575 2271 654 2297 non
687 2260 842 2298 tradere
879 2260 958 2298 nisi
995 2272 1097 2309 quae
1138 2259 1245 2309 apud
1278 2258 1511 2297 Suetonium
1541 2258 1700 2309 legerit,
1738 2257 1874 2297 Sueto-

316 2318 406 2355 nius
445 2319 577 2356 autem
613 2318 697 2356 fieri
733 2331 812 2357 non
848 2320 980 2368 potest
1011 2320 1107 2368 quin
1139 2330 1228 2356 cum
1262 2318 1352 2357 aliis
1382 2318 1551 2356 testibus
1582 2317 1877 2367 vetustioribus,

314 2377 486 2427 Nepote,
524 2375 726 2426 Cicerone,
765 2378 872 2426 aliis,
915 2379 1097 2428 inprimis
1135 2377 1326 2415 Varronis
1364 2377 1410 2415 de
1446 2377 1574 2427 poetis
1611 2378 1875 2426 usurpaverit,

314 2449 433 2485 quem
474 2435 646 2474 vidimus
689 2450 768 2475 non
810 2437 1027 2487 neglexisse
1070 2438 1104 2476 si
1150 2449 1252 2486 quae
1297 2436 1403 2486 apud
1447 2437 1578 2486 ipsum
1622 2437 1782 2484 poetam
1824 2435 1871 2473 de

315 2508 359 2534 eo
392 2495 615 2534 offenderet.
654 2496 713 2534 De
744 2495 943 2535 Aventino
981 2495 1252 2534 memorabilia
1283 2497 1375 2533 sunt
1406 2508 1506 2545 quae
1537 2494 1678 2533 Festus
1708 2494 1876 2533 tradidit

317 2550 374 2607 (p.
402 2556 500 2603 492,
521 2556 574 2592 22
584 2549 675 2608 Th.)
706 2567 794 2594 cum
824 2556 967 2594 Livius
991 2554 1242 2594 Andronicus
1273 2555 1367 2593 bello
1386 2555 1534 2593 Punico
1558 2553 1724 2592 secundo
1754 2554 1874 2601 scrip-

313 2615 424 2652 sisset
459 2625 616 2653 carmen
652 2615 753 2662 quod
790 2627 815 2652 a
851 2616 1069 2664 viryinibus
1103 2617 1158 2653 est
1186 2616 1401 2658 cantatum,
1438 2614 1531 2661 quia
1554 2613 1783 2660 prosperius
1814 2624 1875 2651 res

308 2685 351 2720 p.
376 2674 518 2721 populi
548 2673 720 2711 Romani
752 2675 836 2722 yerz'
867 2677 997 2722 coepta
1028 2676 1082 2712 est
1107 2674 1260 2722 publice
1291 2673 1489 2711 adtributa
1520 2674 1574 2710 est
1604 2673 1638 2710 ei
1673 2672 1717 2709 in
1746 2670 1875 2710 Aven-

315 2733 394 2770 tino
425 2732 533 2770 aedis
558 2733 782 2777 Minervae,
812 2734 855 2770 in
886 2745 964 2780 qua
994 2733 1121 2771 liceret
1151 2733 1288 2771 scribis
1318 2732 1644 2779 histrionibusque
1673 2731 1875 2769 consistere

316 2803 362 2829 ac
392 2791 496 2829 dona
524 2802 687 2839 ponere,
726 2793 771 2830 in
806 2792 985 2830 honorem
1021 2792 1132 2830 Livii
1168 2793 1262 2840 quia
1297 2792 1332 2830 is
1369 2793 1402 2829 et
1431 2791 1619 2829 scribebat
1653 2789 1811 2838 fabulas
1842 2792 1876 2827 et

434 2927 465 2972 ²⁸)
491 2927 545 2962 De
566 2926 706 2962 Catone
730 2927 849 2972 possit
873 2927 1031 2962 fortasse
1055 2928 1207 2973 propior
1232 2927 1376 2963 occasio
1401 2926 1575 2969 inveniri;
1600 2925 1684 2960 vide
1704 2935 1800 2970 quae
1818 2925 1873 2960 in-

315 2974 374 3009 fra
400 2975 446 3009 de
471 2974 602 3010 Fulvio
627 2974 819 3010 Nobiliore
845 2974 1014 3021 exposita
1039 2978 1135 3011 sunt.
