2054 3282
359 169 415 210 96
899 161 1161 198 ANNALrUM
1184 161 1272 196 Lm.
1293 160 1383 196 mc.

1082 279 1181 314 LVII

356 345 440 387 527
474 343 582 385 Tum
609 343 751 385 tonuit
775 342 942 383 laevum
968 341 1074 382 bene
1100 341 1354 394 tempestate
1380 353 1538 381 serena.

1077 431 1192 466 LVIII

357 496 442 539 528
474 495 697 538 Tantidem
723 494 843 549 quasi
868 494 956 535 feta
981 507 1105 534 canes
1132 492 1222 533 sine
1247 492 1446 534 dentibus
1471 493 1601 534 latrat

1094 584 1174 619 LIX

357 650 442 691 529
474 649 592 690 Tunc
623 648 765 702 coepit
789 660 1021 696 memorare
1045 646 1174 687 simul
1199 648 1293 687 cata
1319 645 1433 688 dieta

1107 739 1169 772 LX

357 803 443 845 530
474 802 577 844 Inde
602 802 684 843 loci
709 801 842 842 lituus
869 800 1034 841 sonitus
1060 800 1211 841 effudit
1235 803 1395 842 acutos,

1094 892 1174 926 LXI

358 956 440 998 531
475 954 645 997 Clamor
670 955 722 995 ad
748 955 912 996 caelum
938 954 1172 995 volvendus
1197 969 1274 1008 per
1298 954 1471 996 aethera
1496 955 1626 1011 vagit.

474 1083 571 1118 LVII
591 1084 686 1128 (527)
725 1082 852 1117 Cicero
876 1082 921 1117 de
936 1082 1007 1116 div.
1026 1095 1053 1116 11
1074 1085 1186 1127 39‚82
1210 1083 1279 1117 ‘ad
1301 1083 1418 1117 nostri
1442 1083 1590 1128 augurii
1613 1083 1919 1118 consuetudinem

358 1137 452 1172 dixit
470 1136 610 1170 Ennius
632 1137 733 1171 «tum
749 1164 755 1169 .
773 1164 778 1169 .
796 1164 802 1170 .
819 1136 998 1171 serena».’
1104 1135 1156 1170 Cf.
1175 1135 1318 1170 Nonius
1338 1149 1372 1181 p.
1389 1139 1468 1179 408,
1485 1140 1504 1170 3
1522 1136 1653 1171 ‘Varro
1679 1136 1919 1171 Endemioni-

356 1191 424 1224 bus
439 1191 493 1235 (111
506 1189 560 1234 B.)
577 1189 688 1225 «dum
706 1199 873 1223 sermone
887 1188 1058 1224 cenulam
1071 1189 1267 1232 variamus,
1282 1189 1427 1224 interea
1439 1189 1564 1224 tonuit
1582 1189 1677 1225 bene
1695 1191 1919 1235 tempestate

357 1243 534 1278 serena».’
547 1242 735 1287 Vergilius
749 1242 839 1276 Aen.
856 1256 892 1276 1x
907 1246 974 1277 627
991 1243 1002 1259 ‘
1012 1243 1058 1277 de
1070 1243 1178 1288 parte
1192 1253 1323 1277 serena
1335 1242 1500 1277 intonuit
1511 1242 1658 1278 laevum
1667 1243 1692 1287 ’3
1706 1256 1733 1277 11
1747 1246 1814 1278 693
1835 1254 1919 1278 cum

357 1296 492 1331 Servio.
608 1295 663 1330 De
682 1296 796 1330 bene
817 1295 861 1330 cf.
878 1295 927 1330 ad
947 1309 959 1330 1
979 1295 1021 1330 fr.
1037 1309 1118 1331 xxv.

473 1349 588 1384 LVIH
602 1350 698 1395 (528)
723 1349 841 1384 Varro
855 1349 902 1383 de
914 1349 938 1383 1.
950 1349 989 1383 L.
1002 1362 1053 1385 v11
1067 1353 1110 1384 32
1128 1350 1139 1367 ‘
1149 1349 1362 1385 dubitatur.
1377 1378 1383 1384 .
1397 1378 1403 1384 .
1416 1351 1541 1384 utrum
1553 1350 1715 1395 primum
1727 1361 1803 1385 una
1815 1350 1919 1384 canis

356 1404 422 1437 aut
440 1413 550 1437 canes
570 1402 619 1436 sit
639 1402 849 1447 appellata;
871 1403 973 1437 dicta
992 1403 1092 1437 enim
1112 1403 1212 1448 apud
1232 1404 1373 1438 veteres
1392 1414 1468 1438 una
1487 1414 1608 1446 canes,
1629 1403 1758 1448 itaque
1777 1403 1919 1437 Ennius

356 1456 486 1491 scribit
505 1455 714 1492 «tantidem
733 1468 767 1500 q.
783 1455 862 1503 feta
877 1484 883 1490 .
901 1484 907 1490 .
925 1485 931 1490 .
947 1455 1112 1492 latrat»)

473 1508 552 1543 LIX
572 1510 669 1555 (529)
707 1508 824 1543 Varro
845 1509 892 1544 de
910 1509 933 1543 l.
949 1509 988 1544 L.
1002 1522 1055 1545 v11
1074 1513 1119 1544 46
1136 1509 1257 1554 ‘apud
1280 1509 1443 1544 Ennium
1461 1511 1574 1556 [459]
1595 1511 1681 1545 cata
1701 1511 1828 1554 acuta3
1848 1510 1919 1544 hoc

356 1563 455 1597 enim
474 1562 585 1597 verbo
606 1562 737 1597 dicunt
757 1561 901 1606 Savini3
922 1574 1037 1608 quare
1056 1565 1185 1599 «catus
1204 1562 1332 1598 Aelius
1347 1563 1501 1599 Sextus»
1517 1565 1612 1609 (331)
1629 1592 1635 1598 .
1650 1592 1656 1598 .
1670 1592 1677 1597 .
1693 1565 1730 1598 et
1743 1563 1843 1609 quod
1863 1565 1920 1597 est

357 1618 468 1651 <-tunc
488 1615 589 1661 cepit
607 1617 801 1651 memorari
820 1627 845 1650 s.
862 1618 948 1651 cata
967 1615 1092 1651 dicta»
1114 1616 1334 1661 accipienda
1354 1618 1465 1651 acuta
1484 1616 1613 1651 dicta.’

474 1668 537 1703 LX
557 1671 653 1715 (530)
691 1668 829 1704 Paulus
848 1669 950 1704 Festi
969 1682 1005 1714 p.
1020 1673 1076 1712 83,
1093 1674 1137 1704 16
1151 1669 1217 1704 Th.
1236 1669 1372 1704 ‘lituus
1398 1669 1620 1715 appellatus,
1641 1671 1741 1715 quod
1766 1669 1845 1704 litis
1871 1670 1921 1704 sit

355 1723 471 1757 testis.
494 1724 551 1757 est
576 1723 675 1757 enim
700 1733 817 1768 genus
843 1722 1002 1757 bucinae
1027 1723 1212 1766 incurvae,
1234 1734 1307 1768 quo
1333 1723 1397 1768 qui
1423 1723 1600 1758 cecinerit
1622 1723 1760 1758 dieitur
1778 1723 1918 1758 liticen.

356 1775 496 1810 Ennius
517 1776 628 1813 «inde
643 1805 649 1810 .
667 1805 673 1810 .
691 1804 696 1810 .
713 1776 891 1812 acutos».’

474 1829 554 1864 LXI
573 1831 669 1876 (531)
696 1829 813 1864 Varro
834 1829 880 1863 de
898 1829 923 1863 l.
938 1830 976 1865 L.
991 1843 1043 1864 vn
1059 1833 1125 1864 103
1143 1829 1283 1864 ‘multa
1303 1829 1350 1864 ab
1371 1829 1591 1864 animalium
1610 1830 1761 1864 vocibus
1780 1830 1920 1865 tralata

356 1883 395 1916 in
407 1882 588 1927 homines,
600 1883 740 1928 partim
753 1893 852 1928 quae
865 1884 952 1917 sunt
965 1884 1113 1928 aperta.
1129 1912 1134 1917 .
1150 1912 1156 1917 .
1171 1884 1281 1929 [584]
1296 1912 1302 1917 .
1317 1911 1322 1916 .
1337 1882 1401 1917 ‚¹⁰⁴
1412 1883 1535 1917 minus
1549 1884 1680 1928 aperta
1691 1885 1752 1918 ut.
1767 1912 1774 1917 .
1788 1912 1794 1917 .
1806 1883 1919 1917 Ennii

357 1937 442 1982 [inc.
461 1940 480 1970 7
501 1947 585 1971 ann.
601 1939 680 1971 585.
697 1937 792 1983 586}
809 1936 975 1971 eiusdem
996 1935 1043 1971 ab
1063 1937 1132 1971 edo
1154 1936 1337 1973 «clamor.
1355 1964 1361 1970 .
1379 1965 1385 1970 .
1401 1936 1530 1970 ethera
1548 1937 1703 1981 vagit».’
1801 1936 1860 1971 Ad
1874 1948 1919 1970 Lx

357 1991 395 2023 et
413 2003 473 2024 mu
493 1990 588 2025 conf.
603 1990 693 2024 Aen.
708 2003 731 2025 v
746 1993 813 2024 139
835 1990 887 2035 (in
907 1990 1110 2024 certamine
1129 1989 1254 2024 navali
1275 1990 1321 2024 de
1341 2000 1414 2034 quo
1435 1990 1483 2024 ad
1502 1991 1601 2035 ΗΝ)
1618 1990 1726 2024 ‘inde
1740 1989 1804 2024 ubi
1818 1989 1921 2024 clara

358 2043 463 2078 dedit
487 2044 650 2078 sonitum
675 2043 778 2086 tuba,
805 2043 940 2078 finibus
961 2054 1087 2078 omnes
1106 2072 1112 2077 .
1130 2073 1136 2077 .
1151 2043 1355 2088 prosiluere
1378 2042 1471 2087 suis3
1497 2042 1585 2077 ferit
1607 2042 1760 2078 aethera
1781 2042 1921 2078 clamor

356 2097 556 2131 nauticus.'

477 2240 560 2278 528
582 2240 791 2278 Tantidem
806 2241 939 2289 quasi:
952 2240 999 2288 cf.
1013 2240 1295 2279 Lachmamms
1309 2241 1362 2278 ad
1374 2240 1493 2278 [fuer.
1507 2252 1537 2277 11
1553 2248 1635 2287 453
1736 2239 1819 2278 529
1839 2252 1919 2277 me-

358 2311 512 2337 morare
536 2298 727 2348 Scaliger:
753 2301 965 2338 memorari
1113 2311 1329 2338 memorare
1356 2302 1411 2338 est
1434 2299 1574 2344 dicere,
1599 2301 1644 2337 ut
1666 2300 1846 2346 saepius;
1870 2299 1918 2346 cf'.

358 2358 470 2396 Paul.
484 2357 586 2397 Fest.
600 2371 642 2406 p.
660 2357 727 2407 89,
744 2367 795 2407 37
815 2359 884 2397 Th.
909 2358 950 2397 Ο.
967 2358 1028 2397 Gl.
1043 2359 1092 2397 L
1105 2370 1202 2407 Ἤρ.
1219 2357 1305 2406 690
1442 2357 1482 2396 A
1506 2360 1601 2396 tunc
1624 2359 1812 2406 incepisse
1833 2369 1919 2395 ver-

358 2428 445 2454 sum
462 2419 708 2465 probabilius
735 2421 769 2456 et
789 2420 832 2457 in
858 2419 982 2456 medio
1011 2419 1226 2456 desiderari
1253 2429 1396 2461 vocem,
1422 2430 1500 2465 qua
1528 2418 1663 2456 addita
1692 2429 1778 2455 cum
1805 2428 1920 2455 versu

359 2475 475 2512 simul
500 2477 699 2523 fulciatur,
722 2478 825 2516 velut
848 2477 966 2515 simul
985 2477 1217 2523 lacrimans,·
1239 2489 1349 2514 orare
1370 2489 1457 2514 cum
1477 2477 1650 2514 lacrimis
1670 2488 1830 2525 coepere
1845 2476 1919 2514 Isi·-

358 2535 445 2572 vius
464 2548 490 2573 v
509 2544 575 2583 30,
597 2546 645 2582 4;
668 2534 846 2588 λέγοντος
871 2535 937 2575 καὶ
962 2534 1085 2575 πολλὰ
1113 2534 1254 2587 μεταξὺ
1281 2540 1359 2574 τῶν
1389 2534 1513 2587 λόγων
1542 2533 1740 2586 ἐκχέοντος
1769 2534 1920 2586 δάκρυα

358 2592 520 2641 Dionys.
535 2595 629 2632 Hal.
647 2607 688 2632 1x
715 2605 778 2643 10,
793 2606 830 2642 Ι,-
849 2597 888 2634 et
907 2596 1024 2634 simul
1043 2596 1176 2633 dicens
1195 2595 1374 2633 libellum
1393 2596 1429 2632 ei
1446 2594 1616 2644 porrigit
1634 2593 1828 2642 Apuleius
1844 2605 1920 2631 me·

360 2655 448 2690 tam.
469 2665 511 2691 v1
534 2661 554 2700 7
704 2655 784 2692 531
816 2653 971 2693 Clamos
990 2654 1272 2693 Lachmaomus
1298 2655 1351 2692 ad
1371 2653 1490 2692 Luc-r.
1510 2666 1552 2692 v1
1578 2663 1592 2688 1
1606 2651 1710 2699 260,·
1730 2653 1776 2700 cf.
1797 2665 1919 2701 supra

362 2720 443 2758 422
556 2712 769 2751 volvendus
789 2711 1046 2764 ἑλισσόμενος,
1067 2714 1114 2761 cf.
1129 2713 1360 2751 Re'tsckelius
1372 2724 1529 2761 parem.
1542 2724 1586 2760 p.
1606 2719 1653 2759 27
1670 2724 1726 2758 m·
1744 2711 1864 2750 Lacr.
1878 2724 1919 2750 vr

367 2778 445 2819 179
466 2770 651 2820 plumbea
676 2784 768 2810 vero
794 2773 907 2823 glans
934 2774 1054 2811 etiam
1079 2772 1199 2823 longo
1219 2784 1334 2811 cursu
1352 2771 1547 2810 volvenda
1565 2771 1769 2820 liquescit‚·
1787 2783 1813 2810 v
1835 2779 1919 2818 514

359 2830 508 2868 Mwnro
627 2843 698 2880 per
724 2843 815 2869 aera
833 2831 1115 2870 Lachmannus
1135 2833 1157 2870 l.
1175 2844 1204 2869 c.
1222 2833 1289 2870 sed
1307 2832 1354 2879 cf.
1368 2831 1399 2869 I
1401 2832 1424 2869 l.
1444 2842 1529 2869 xvn
1550 2838 1632 2877 425
1660 2829 1855 2881 σιδήρειος
1876 2826 1919 2868 δ’

359 2885 583 2942 ὀρυμαγδὸς
607 2890 770 2942 χάλκεον
791 2889 962 2943 οὐρανὸν
985 2886 1043 2929 ἷκε
1064 2886 1117 2929 δι’
1140 2889 1303 2943 αἰθέρος
1323 2887 1547 2943 ἀτρυγέτοιο
1554 2903 1568 2936 ,·
1587 2901 1618 2926 Π
1639 2887 1723 2936 458
