2004 3278
257 167 336 204 CVI
808 167 834 202 I.
861 166 1088 202 HISTORIA
1110 167 1247 202 ENNII

253 280 473 319 incuriosus
493 280 651 327 citavit3
669 280 712 316 in
725 279 918 316 Ennianis
937 291 1028 317 raro
1046 280 1237 328 peccavit,
1255 280 1420 320 velutvx
1439 281 1523 319 219
1539 292 1674 320 versus
1686 281 1814 320 Ermii

253 341 321 387 qui
351 340 408 377 ait
426 335 652 386 ‘Tarquinii
675 348 815 385 eorpus
839 338 941 376 bona
963 338 1112 385 femina
1135 338 1233 376 lavit
1256 341 1291 377 et
1312 336 1438 378 wnoeit’
1459 334 1568 392 (ann
1591 334 1706 393 155).
1732 340 1812 379 Do-

253 400 347 436 nato
380 398 485 435 enim
520 398 621 436 teste
658 398 814 435 constat
843 396 1018 435 Ennium
1051 398 1254 446 scripsisse
1284 398 1394 436 Eoein
1422 399 1681 447 Tarquinium
1711 400 1745 437 b.
1770 401 1812 447 f„

254 457 435 495 Servium
460 458 593 494 autem
618 458 785 506 apparet
808 455 987 507 Vergilio
1013 456 1223 494 inducente
1249 457 1318 506 qui
1345 457 1484 496 scribit
1512 469 1725 507 corpusque
1754 459 1812 497 la-

253 519 346 554 vant
368 517 546 564 frigentis
570 517 612 554 in
636 516 750 554 illam
774 515 943 554 formam
968 515 1178 554 aberrasse.
1204 515 1306 554 Item
1330 529 1373 555 v1
1392 517 1476 554 845
1501 517 1567 555 ille
1591 520 1644 556 est
1668 518 1715 556 de
1738 528 1812 565 quo

253 576 310 613 ait
332 575 492 613 Emiius
517 572 636 613 ‘umus
661 576 728 623 qui
757 575 868 613 nobis
898 575 1112 614 cunctando
1142 577 1308 614 restituit
1336 572 1431 614 rem'
1463 588 1679 625 pronomen
1709 576 1812 614 unde

253 635 384 672 ortum
410 635 463 673 sit
489 628 600 687 (nam
619 634 771 673 Ennius
797 635 956 684 scripsit
976 631 1094 673 ‘umus
1117 635 1228 672 homo
1246 630 1372 673 nobis’
1393 647 1460 684 eqs
1481 647 1570 674 ann.
1592 629 1696 687 370)
1714 635 1811 673 Ver-

252 694 342 744 gilii
371 706 506 732 versus
537 694 741 743 patefacit,
774 695 843 743 qui
872 693 1100 744 requirebat
1129 705 1233 732 unus
1264 695 1332 742 qui
1351 724 1360 732 .
1380 724 1389 732 .
1417 696 1599 733 restituis.
1636 693 1811 732 Difficile

251 753 452 791 iudicatur
477 753 523 791 de
547 766 590 792 VI
611 754 694 791 595
723 749 883 791 ‘vultur'
906 783 914 790 .
935 783 944 791 .
965 783 973 791 .
999 753 1158 791 Ennius
1185 750 1380 792 ‘vulturus
1403 754 1447 791 in
1474 764 1609 801 campo
1627 755 1812 792 miserwm

251 813 458 850 mandebat
479 809 692 851 homonem'
720 806 828 864 (ann.
852 807 968 865 138),
999 812 1068 850 ubi
1093 824 1228 860 campo
1253 825 1331 851 non
1356 814 1462 851 recte
1487 813 1679 862 scriptum
1703 812 1811 851 vide-

251 873 327 919 tur,
359 871 427 910 sed
457 873 617 909 variant
646 873 765 910 testes
797 873 837 909 et
867 873 1027 909 variant
1056 872 1182 920 ipsius
1208 871 1338 910 Servii
1361 871 1455 910 libri
1480 873 1629 921 scripti.
1664 870 1812 910 Contra

250 943 293 968 VI
313 931 396 969 685
430 931 536 980 quod
565 931 714 982 legitur
744 931 829 969 licet
859 931 1019 969 Ennius
1055 931 1196 969 dixerit
1228 928 1424 970 ‘aestatem
1461 934 1690 975 autumnus,
1721 934 1812 979 post

251 1001 339 1028 acer
357 991 503 1038 hiemps
521 987 565 1028 it’
588 984 696 1043 (ann.
717 983 835 1043 424),
856 1002 985 1028 errore
1004 1003 1083 1029 non
1103 989 1231 1028 Servii
1250 990 1317 1029 sed
1335 990 1589 1028 librariorum
1608 991 1691 1029 eius
1711 990 1810 1029 desi-

251 1049 411 1087 deratur
434 1051 608 1097 sequitur
633 1049 738 1099 quod
761 1049 882 1088 habet
905 1049 1141 1088 Priscianus.

367 1108 415 1146 In
445 1109 507 1147 his
540 1121 640 1157 quae
672 1108 800 1146 adhuc
828 1109 1007 1147 recensui
1032 1107 1191 1148 Servius
1222 1121 1301 1147 uno
1333 1108 1454 1146 Ennii
1484 1109 1642 1147 1101111116
1680 1109 1809 1157 posito

250 1167 370 1205 verba
395 1169 466 1206 aut
489 1181 646 1206 versum
671 1167 840 1207 subiicit.
869 1168 946 1206 Sed
970 1169 1063 1206 sunt
1086 1169 1221 1206 variae
1245 1169 1396 1206 formae
1423 1167 1564 1217 quibus
1586 1168 1629 1205 in
1649 1167 1811 1206 afferen-

250 1226 310 1266 dis
337 1227 459 1265 Ennii
482 1227 659 1266 versibus
685 1228 746 1265 uti
771 1227 883 1275 solet,
912 1240 1012 1276 quae
1038 1227 1255 1265 cavendum
1280 1229 1340 1266 est
1364 1240 1412 1265 ne
1437 1228 1614 1265 utentem
1638 1227 1681 1265 in
1707 1240 1810 1265 erro-

249 1298 332 1324 rem
356 1286 556 1324 inducant.
584 1286 697 1332 Quod
721 1299 843 1336 genus
863 1299 893 1323 11
915 1287 998 1324 274
1019 1286 1157 1325 scribit
1183 1283 1233 1325 ‘ei
1257 1283 1384 1325 mihi':
1414 1286 1542 1325 Emiii
1565 1297 1715 1333 versus3
1742 1286 1810 1324 sed

249 1358 384 1384 versus
409 1345 581 1396 Vergilii
605 1358 695 1384 cum
720 1347 773 1384 sit
798 1347 831 1384 ei
855 1346 964 1390 mihi,
989 1345 1117 1393 qualis
1143 1349 1236 1390 erat,
1261 1348 1450 1394 quantum
1473 1348 1645 1384 mutatus
1669 1346 1718 1383 ab
1742 1346 1810 1383 illo

248 1405 423 1449 Hectore,
449 1406 616 1454 apparet
640 1405 744 1442 hunc
765 1406 896 1443 totum
916 1404 964 1443 ab
984 1405 1114 1443 Ennio
1134 1406 1336 1454 sumptum
1354 1417 1433 1443 non
1453 1417 1547 1453 esse,
1571 1404 1639 1444 sed
1656 1405 1811 1454 partem

248 1465 422 1502 tantum:
454 1465 570 1513 posui
595 1458 703 1516 (ann.
728 1458 770 1516 7)
798 1465 833 1503 ei
856 1465 964 1509 mihi,
989 1465 1118 1512 qualis
1143 1467 1226 1503 erat
1251 1466 1290 1502 et
1314 1465 1453 1502 rettuli
1476 1464 1574 1502 haec
1599 1464 1650 1502 ad
1678 1476 1809 1514 aspec—

248 1525 334 1560 tum
352 1523 517 1561 Homeri
542 1523 590 1562 de
614 1524 751 1562 inferis
778 1523 1034 1562 ascendentis.
1059 1523 1170 1562 Idem
1195 1523 1302 1562 cadit
1325 1525 1368 1561 in
1386 1524 1491 1561 hunc
1509 1524 1706 1562 scenicum
1724 1536 1810 1561 ver-

248 1595 335 1621 sum
354 1595 384 1620 11
405 1583 487 1620 241
517 1579 554 1620 ‘o
571 1580 741 1630 patria':
764 1594 899 1621 versus
923 1583 1148 1621 Ennianus.
1173 1582 1344 1633 Vergilii
1368 1595 1502 1622 versus
1526 1583 1592 1620 hic
1617 1584 1676 1621 est
1700 1594 1722 1620 ο
1733 1595 1809 1630 pa-

248 1642 344 1686 tria,
369 1652 390 1679 o
415 1642 550 1680 divum
574 1642 710 1680 domus
735 1642 766 1679 I
767 1642 881 1686 lium,
912 1644 946 1680 et
968 1642 1117 1680 incluta
1147 1642 1242 1680 bello
1265 1654 1316 1679 m.
1341 1642 1393 1680 D.
1419 1642 1646 1679 Ennianum
1677 1643 1809 1680 autem

250 1713 367 1749 quem
392 1701 490 1739 dicit
515 1701 605 1739 aliis
629 1700 796 1739 testibus
823 1702 978 1739 constat
1002 1701 1103 1738 hanc
1128 1701 1298 1739 formam
1327 1700 1511 1740 habuisse
1543 1695 1662 1752 (scen.
1686 1695 1761 1753 92)
1787 1712 1808 1738 o

241 1762 374 1807 pater,
400 1771 421 1797 o
439 1762 595 1808 patria,
621 1771 642 1797 0
667 1760 821 1799 Priami
845 1761 999 1804 domus,
1030 1760 1290 1798 similitudine
1315 1762 1361 1798 ut
1386 1761 1551 1809 apparet
1579 1773 1658 1798 non
1689 1761 1807 1798 nimis

248 1819 400 1869 grandi.
444 1831 486 1856 111
502 1820 554 1856 27
578 1816 704 1867 ‘quem
720 1831 800 1857 nou
818 1820 972 1857 virtutis
991 1816 1186 1867 eyentem':
1204 1820 1331 1858 Ennii
1348 1830 1482 1858 versus
1496 1822 1550 1857 est
1562 1813 1670 1872 (ann.
1686 1813 1809 1872 599)3

247 1879 405 1917 totusne
432 1891 482 1917 an
508 1891 553 1916 ex
578 1879 704 1928 parte,
730 1879 818 1928 quis
842 1879 917 1917 hoc
942 1877 1127 1916 dirimet?
1163 1877 1219 1916 Of.
1241 1878 1292 1917 ad
1310 1891 1352 1918 vi
1373 1880 1455 1916 219
1483 1878 1683 1928 adscripta
1708 1891 1808 1927 quae

248 1950 367 1986 supra
401 1938 538 1985 attuli,
575 1938 644 1975 ubi
676 1938 738 1976 his
769 1937 994 1987 praemissis
1025 1949 1159 1976 versus
1190 1938 1318 1976 Ennii
1347 1939 1415 1986 qui
1445 1939 1502 1976 ait
1532 1950 1688 1976 versum
1719 1937 1807 1976 sub-

247 1997 335 2035 iicit
365 2009 444 2035 non
474 1997 592 2046 plane
624 1997 835 2047 gemellum
854 1997 1095 2047 Vergiliano.
1145 2009 1203 2034 ΧΠ
1226 1997 1307 2035 115
1336 1993 1545 2045 ‘lucemque
1572 1997 1682 2035 elatis
1699 1998 1808 2035 uari-

248 2057 318 2094 bus
343 2053 510 2104 efflant’:
533 2057 747 2094 Ennianus
771 2067 906 2095 versus
927 2059 981 2094 est
999 2057 1134 2094 ordine
1152 2059 1399 2094 commutato:
1422 2056 1487 2095 ille
1506 2057 1608 2094 enim
1627 2057 1683 2093 ait
1702 2051 1807 2102 ‘fun-

247 2116 416 2164 dum-tque
435 2116 545 2154 elatis
563 2116 727 2153 naribus
746 2112 882 2154 lucem'
899 2109 1007 2163 (ann.
1024 2109 1139 2167 600).
1159 2115 1218 2153 De
1232 2117 1345 2164 parte
1357 2115 1547 2164 loquitur,
1567 2127 1807 2163 quamquam

247 2174 451 2223 probabile
476 2176 536 2213 est
560 2175 683 2213 etiam
704 2175 811 2224 apud
829 2174 1003 2212 Ennium
1020 2174 1122 2212 Solis
1141 2175 1228 2222 equi
1245 2175 1288 2212 in
1306 2175 1502 2224 principio
1521 2186 1656 2212 versus
1674 2174 1806 2213 fuisse.

247 2233 448 2285 Vergilius
475 2246 554 2283 qua
586 2246 628 2271 re
659 2234 838 2272 ordinem
868 2234 1096 2282 mutaverit,
1126 2234 1341 2283 patefaciet
1370 2246 1506 2272 versus
1535 2246 1623 2271 ann.
1646 2233 1730 2271 594
1757 2232 1806 2271 ab

248 2292 384 2331 eodem
404 2293 540 2332 Servio
567 2293 618 2331 ad
635 2306 650 2331 1
671 2294 723 2331 51
746 2293 978 2343 adscriptus.
1004 2293 1095 2331 Non
1113 2292 1336 2342 praeteribo
1355 2305 1398 2330 XI
1419 2293 1499 2331 601
1524 2289 1640 2339 (Ἳαύε
1657 2293 1807 2340 ferreus

247 2352 386 2400 hastis)
411 2353 540 2391 horret
562 2349 684 2401 ayer':
708 2353 892 2391 terribilis
917 2355 980 2391 est.
1015 2352 1090 2390 Est
1114 2355 1241 2390 autem
1264 2363 1399 2390 versus
1423 2352 1637 2407 Ennianus
1661 2352 1807 2399 vitupe-

247 2414 357 2450 ratus
382 2423 409 2450 a
432 2412 588 2450 Lucilio
614 2412 759 2450 dicente
776 2424 852 2459 per
874 2412 1103 2450 inrisionem
1130 2411 1304 2449 debuisse
1335 2422 1421 2449 eum
1451 2410 1576 2449 dicere
1602 2407 1744 2448 ‘horret
1773 2412 1807 2448 et

247 2467 373 2518 alyet’.
400 2470 494 2516 Quis
521 2472 626 2509 enim
650 2483 729 2508 non
749 2470 970 2518 crediderit,
996 2470 1222 2508 Ennianum
1240 2482 1397 2508 versum
1417 2482 1533 2518 quem
1551 2468 1727 2507 Lucilius
1746 2481 1804 2506 re-

247 2530 499 2579 prehenderit
531 2543 612 2568 esse
637 2530 913 2580 Vergilianum
944 2531 1083 2577 istum,
1115 2529 1183 2567 sed
1207 2529 1286 2566 fuit
1309 2529 1343 2567 is
1370 2540 1486 2577 quem
1511 2527 1733 2566 Macrobius
1759 2539 1805 2564 ex

247 2665 345 2689 mum
364 2653 530 2698 experior
547 2654 636 2689 mihi
649 2664 723 2699 eqs.
745 2653 835 2688 Aen.
850 2667 863 2688 1
878 2657 898 2688 6
917 2652 1040 2699 (Dan.)
1064 2653 1251 2689 Terentius
1268 2656 1401 2688 vetuste
1419 2652 1468 2687 ad
1478 2662 1674 2697 personam
1685 2656 1806 2687 trans-

246 2701 332 2736 tulit
352 2701 428 2736 ‘sed
445 2711 564 2736 eccum
582 2701 716 2746 Syrum
734 2701 895 2736 incedere
914 2701 1033 2736 video:
1050 2701 1136 2735 hinc
1154 2701 1231 2735 iam
1248 2700 1344 2735 scibo
1362 2699 1453 2744 quid
1473 2700 1565 2734 sict.'
1591 2698 1659 2734 Ille
1679 2700 1805 2734 autem

247 2747 409 2792 (adelph.
424 2761 467 2782 111
481 2752 514 2790 3,
530 2749 564 2790 7)
577 2749 628 2783 ire
641 2749 742 2784 video
756 2749 795 2782 et
811 2749 887 2783 iam
905 2748 991 2783 him
1007 2748 1104 2784 scibo
1121 2748 1186 2783 ubi
1203 2748 1278 2782 siet.
1305 2748 1395 2781 Aen.
1410 2759 1446 2781 ιν
1461 2749 1528 2781 137
1548 2746 1645 2791 quod
1663 2747 1739 2790 ipse
1751 2746 1807 2780 ait

247 2796 289 2830 in
307 2795 479 2831 bucolicis
499 2795 599 2830 ‘alba
616 2806 681 2831 mc
700 2795 853 2840 Assyrio
871 2795 1022 2838 fucatur
1043 2795 1133 2830 lana
1151 2794 1312 2830 veneno’.
1339 2793 1441 2836 Quae
1459 2793 1636 2838 leguntur
1661 2791 1804 2827 scilicet

247 2842 287 2876 in
311 2841 495 2888 georgicis
515 2844 555 2887 (11
575 2843 668 2887 465).
697 2842 861 2886 Cumque
886 2841 1017 2877 scribit
1037 2841 1125 2876 Aen.
1139 2845 1272 2877 v11378
1298 2841 1415 2877 turbo:
1435 2841 1601 2876 Catullus
1624 2840 1702 2875 ‘hoc
1726 2843 1802 2875 tur—

247 2890 327 2925 ben'
349 2889 439 2926 dicit
463 2889 725 2925 dubitamusne
752 2900 836 2924 eum
855 2888 1043 2925 Catullum
1062 2887 1272 2934 appellasse
1290 2899 1356 2933 pro
1376 2887 1544 2923 Tibullo?
