2054 3282
289 189 374 230 232
950 173 1161 211 INCERTA

1018 291 1102 326 XIII

291 364 345 406 13
765 357 902 397 buxus
928 353 1081 407 vincta,
1106 355 1229 394 taxus
1256 353 1381 392 tonsa

1020 467 1105 502 XIV

289 538 342 579 14
640 535 767 587 atque
792 545 931 588 genua
954 527 1200 584 comprimit
1224 530 1316 570 arta
1340 541 1450 584 gena

1027 638 1095 679 XV

290 712 341 754 15
896 707 1036 749 avium
1068 706 1222 762 vulgus

1020 827 1105 862 XVI

289 894 340 935 16
896 889 999 932 caeli
1030 888 1221 944 palatum

1010 1010 1113 1045 XVII

289 1076 339 1117 17
922 1072 1011 1114 vita
1041 1071 1183 1114 vitalis

401 1238 484 1273 XIII
504 1239 577 1284 (13)
608 1237 750 1272 Nonius
770 1249 805 1282 p.
823 1239 900 1280 194,
917 1239 960 1271 23
977 1235 1137 1271 ‘buxum
1151 1235 1297 1282 generis
1310 1235 1434 1271 neutri
1449 1264 1455 1270 .
1473 1263 1479 1270 .
1496 1265 1502 1270 .
1518 1234 1690 1271 feminini
1703 1234 1844 1270 Ennius

286 1291 426 1328 «buxus
446 1293 541 1327 victa
559 1292 658 1327 taxis
675 1290 835 1326 tonsa».'
890 1289 901 1297 “

402 1344 487 1379 XIV
506 1346 579 1390 (14)
616 1344 779 1379 Isidorus
800 1343 891 1389 orig.
906 1356 944 1377 xl
966 1347 995 1386 1,
1013 1346 1079 1377 108
1097 1343 1240 1388 ‘genua
1260 1344 1346 1378 sunt
1366 1342 1643 1378 commissiones
1663 1342 1844 1377 femorum

286 1399 323 1433 et
342 1409 486 1433 crurum
507 1399 545 1432 et
564 1397 664 1432 dicta
683 1408 806 1442 genua
826 1407 868 1431 eo
890 1397 990 1441 quod
1014 1396 1055 1431 in
1079 1397 1185 1431 utero
1211 1396 1287 1431 sint
1311 1396 1417 1442 genis
1443 1396 1626 1441 opposita.
1648 1396 1847 1431 cohaerent

286 1451 384 1486 enim
410 1450 481 1485 sibi
507 1452 545 1485 et
570 1452 731 1496 cognata
757 1451 843 1484 sunt
867 1449 1002 1492 oculis,
1022 1449 1259 1485 lacrimarum
1284 1449 1470 1485 indicibus
1497 1450 1535 1484 et
1557 1449 1844 1484 misericordiae.

286 1516 371 1539 nam
392 1515 413 1539 a
433 1504 538 1549 genis
558 1514 680 1549 genua
700 1504 884 1538 dicuntur.
905 1503 952 1523 ¹⁰⁹
965 1503 1126 1548 denique
1144 1503 1407 1547 complicatum
1421 1502 1528 1548 gigni
1541 1502 1768 1547 formarique
1781 1502 1847 1536 ho-

286 1557 423 1592 minem
444 1557 582 1599 dicunt,
603 1557 658 1591 ita
676 1558 719 1591 ut
731 1568 854 1602 genua
874 1568 1019 1591 sursum
1039 1556 1123 1598 sint,
1140 1556 1274 1601 quibus
1294 1556 1393 1591 oculi
1412 1556 1629 1599 formantur,
1650 1556 1692 1599 ut
1711 1554 1791 1590 cavi
1811 1556 1849 1590 et

286 1610 467 1645 reconditi
492 1610 592 1645 fiant.
613 1609 754 1644 Ennius
781 1611 918 1655 «atque
939 1639 945 1644 .
963 1639 968 1644 .
987 1638 992 1643 .
1014 1620 1143 1655 gena».
1165 1609 1252 1644 inde
1278 1610 1335 1644 est
1360 1609 1460 1654 quod
1485 1609 1663 1651 homines
1686 1609 1774 1642 dum
1799 1609 1847 1643 ad

287 1675 408 1708 genua
428 1674 466 1698 se
491 1664 741 1708 prosternunt,
768 1663 895 1698 statim
920 1662 1173 1698 lacrimantur.
1194 1662 1312 1697 voluit
1337 1662 1436 1697 enim
1461 1672 1524 1697 eos
1542 1663 1677 1696 natura
1701 1663 1848 1696 uterum

288 1717 494 1751 maternum
519 1716 767 1760 rememorari,
794 1716 859 1751 ubi
885 1716 992 1762 quasi
1018 1716 1057 1751 in
1082 1715 1245 1751 tenebris
1272 1715 1516 1751 considebant
1541 1717 1741 1760 antequam
1766 1725 1848 1760 per-
1870 1724 1874 1729 '

288 1770 454 1806 venirent
473 1770 521 1805 ad
538 1770 686 1805 lucem.’

406 1823 472 1857 XV
491 1825 564 1868 (15)
602 1823 748 1858 Servius
774 1823 815 1858 in
833 1823 923 1857 Aen.
942 1836 954 1856 1
976 1826 1043 1857 190
1062 1834 1097 1867 p.
1118 1825 1173 1866 75,
1188 1826 1231 1856 21
1250 1821 1345 1856 Thil.
1367 1822 1468 1856 ‘tum
1493 1821 1626 1867 vulgus
1646 1821 1706 1867 (de
1733 1821 1849 1856 cervis

288 1876 453 1921 loquitur
466 1887 621 1921 quorum
636 1876 808 1911 ductores
822 1876 983 1921 primum
998 1875 1085 1910 dein
1095 1875 1227 1921 vulgus
1241 1875 1454 1920 interimit):
1469 1875 1564 1910 bene
1574 1875 1706 1920 vulgus
1721 1875 1850 1909 ducto-

289 1929 392 1964 ribus
420 1929 681 1974 interemptis?
708 1929 792 1964 add.
814 1929 999 1964 Danielin.
1024 1929 1186 1963 ‘Ennius
1216 1928 1339 1963 avium
1367 1928 1499 1974 vulgus
1528 1929 1566 1963 et
1592 1928 1784 1963 hastarum
1813 1929 1851 1963 et

290 1982 434 2018 avium’
450 1982 503 2017 ita
518 1982 680 2026 Cassan„
699 1983 765 2017 sed
784 1994 806 2017 a
825 1983 948 2017 vetere
968 1983 1173 2017 correctore
1193 1993 1305 2026 supra
1324 1982 1368 2016 et
1393 1982 1539 2016 avium
1559 1981 1707 2026 scriptis
1734 1981 1850 2016 alibi

289 2034 633 2070 multitudinem
662 2036 706 2070 et
732 2036 964 2071 hastarum
994 2036 1053 2078 et,
1079 2035 1178 2070 unde
1203 2030 1309 2069 effe'ci
1335 2034 1425 2069 olim
1451 2035 1550 2080 quod
1576 2034 1684 2069 Thilo
1710 2034 1853 2079 recepit

291 2088 468 2125 «avium
492 2088 682 2134 vulgus»
710 2090 753 2123 et
778 2088 894 2124 alibi
918 2089 1208 2125 «hastarum»
1231 2088 1254 2123 i.
1277 2099 1306 2123 e.
1327 2088 1671 2122 multitudinem
1696 2088 1849 2123 hasta-

290 2153 384 2176 rum
409 2142 453 2176 et
472 2141 627 2176 avium.
651 2141 744 2176 Sunt
757 2142 830 2177 duo
846 2153 941 2187 quae
955 2142 1050 2177 dicit
1062 2141 1186 2177 avium
1200 2141 1332 2187 vulgus
1346 2142 1384 2176 et
1396 2141 1587 2176 hastarum
1601 2141 1744 2186 vulgus,
1762 2152 1851 2186 quo-

291 2207 372 2229 rum
398 2194 469 2229 hoc
492 2205 539 2228 ne
564 2205 713 2230 necesse
738 2195 889 2240 quidem
916 2196 973 2230 est
1000 2195 1049 2230 ad
1077 2195 1235 2230 eundem
1260 2194 1421 2229 Ennium
1450 2194 1587 2229 redire:
1617 2194 1783 2239 loquitur
1810 2195 1853 2228 ut

292 2247 425 2282 Graeci
450 2258 526 2282 non
551 2247 669 2282 solum
696 2248 808 2290 ἔθνος
832 2249 980 2293 ἀνδρῶν
1000 2248 1065 2283 sed
1085 2249 1199 2283 etiam
1222 2247 1324 2282 velut
1342 2245 1509 2292 ὀρνίκθων
1531 2252 1716 2292 πετεηνῶν
1739 2247 1853 2288 ἔθνος

293 2300 347 2346 (Π.
359 2313 407 2335 xv
421 2303 491 2334 690
506 2301 575 2346 sq.)
590 2302 627 2335 et
646 2301 724 2335 sim.
740 2301 1032 2346 appellaverunt.

410 2353 497 2387 XVI
516 2354 590 2399 (16)
628 2353 753 2388 Cicero
774 2355 820 2389 de
838 2356 913 2390 nat.
930 2354 1028 2390 deor.
1040 2368 1068 2390 11
1089 2358 1144 2398 18,
1154 2358 1199 2389 49
1216 2354 1419 2399 ‘Epicurus
1435 2382 1440 2388 .
1458 2382 1464 2387 .
1482 2381 1488 2387 .
1504 2353 1592 2388 dum
1611 2352 1739 2398 palato
1760 2353 1852 2397 quid

293 2407 343 2441 sit
362 2406 545 2451 optimum
566 2406 710 2441 iudicat
729 2408 847 2442 «caeli
866 2407 1070 2453 palatum»,
1090 2409 1133 2442 ut
1152 2408 1207 2442 ait
1219 2407 1372 2450 Ennius,
1391 2418 1466 2441 non
1486 2406 1678 2451 ‘suspexit'
1777 2406 1852 2440 Au-

293 2459 465 2505 gustinus
485 2459 531 2494 de
551 2459 618 2494 civ.
637 2459 697 2494 dei
717 2472 767 2494 v11
787 2463 807 2494 8
827 2473 862 2505 p.
882 2464 961 2503 284,
977 2465 996 2495 2
1017 2461 1147 2496 Domb.
1168 2460 1314 2495 ‘hiatus
1339 2461 1464 2494 noster
1490 2471 1573 2494 cum
1600 2470 1639 2494 os
1666 2458 1851 2504 aperimus

293 2512 431 2547 mundo
453 2512 585 2547 similis
605 2512 785 2555 videatur,
805 2513 903 2548 unde
924 2515 962 2548 et
980 2514 1149 2559 palatum
1169 2513 1300 2549 Graeci
1321 2512 1484 2557 οὐρανὸν
1505 2511 1699 2557 appellant
1712 2514 1750 2547 et
1762 2523 1852 2547 non-

294 2565 399 2609 nulli,
419 2565 543 2611 inquit
562 2565 717 2611 (Varro),
737 2567 870 2610 poetae
890 2567 1015 2602 Latini
1038 2567 1182 2602 caelum
1200 2567 1423 2602 vocaverunt
1442 2565 1638 2611 palatum.'

412 2618 515 2653 XVII
529 2620 603 2664 (17)
629 2618 755 2654 Cicero
770 2618 869 2654 Laeff.
886 2624 917 2662 6,
933 2624 976 2654 22
993 2620 1199 2665 ‘principio
1214 2620 1278 2665 qui
1292 2620 1417 2664 potest
1429 2629 1508 2653 esse
1523 2619 1623 2654 «vita
1637 2618 1797 2660 vitalis»,
1811 2619 1854 2652 ut

295 2671 350 2706 ait
362 2671 514 2714 Ennius,
529 2683 624 2717 quae
637 2683 711 2707 non
724 2672 764 2707 in
777 2672 888 2707 amici
902 2673 1032 2708 mutua
1044 2673 1297 2708 benivolentia
1310 2671 1567 2717 conquiescit.'
1654 2671 1706 2706 Vi
1715 2670 1851 2705 talem

417 2844 468 2881 13
490 2844 624 2882 vincta
641 2845 756 2882 taxus
773 2844 934 2882 Iunius:
954 2844 1060 2883 victa
1078 2843 1181 2882 taxis
1293 2844 1345 2881 14
1369 2842 1501 2881 Oratio
1522 2845 1555 2881 et
1572 2854 1706 2880 versus
1725 2842 1853 2888 forma

296 2902 478 2940 obscura:
506 2903 552 2950 cf.
573 2914 671 2941 scen.
694 2911 774 2951 427
798 2902 1067 2952 imprimitque
1087 2915 1208 2954 genae
1228 2915 1369 2954 genam
