2004 3278
278 178 408 215 CXXII
834 178 860 213 Ι.
886 176 1113 212 HISTORIA
1132 175 1270 211 mmm

273 293 433 342 putant,
459 290 595 329 Cicero
622 285 693 342 (ad
717 302 808 328 ann.
830 283 935 342 179)
959 301 1084 339 paene
1110 288 1246 327 eodem
1277 289 1471 327 versiculo
1502 290 1543 328 et
1566 289 1763 340 Pyrrhum
1793 292 1835 329 et

271 350 487 389 Aeacidam
506 349 725 399 appellavit
744 343 812 402 (cf.
829 348 936 387 Serv.
953 348 996 386 in
1008 347 1106 386 Aen.
1125 360 1168 387 v1
1189 342 1307 399 839),
1325 347 1374 386 de
1384 347 1573 387 Marcello
1593 350 1662 399 qui
1680 349 1833 389 Hanni-

273 409 403 448 balem
434 410 541 446 vinci
565 420 678 458 posse
704 407 856 455 docuit,
887 407 934 445 de
959 406 1084 446 Fabio
1111 408 1181 457 qui
1205 420 1229 446 a
1254 406 1475 446 cunctando
1505 420 1648 447 nomen
1678 409 1834 448 invenit

273 463 388 521 (xxv1
411 461 679 520 138—144);
712 466 852 505 deinde
883 466 1018 506 doctos
1048 466 1227 506 homines
1257 467 1323 504 hic
1354 466 1439 504 illic
1471 465 1682 506 Claudiani
1711 468 1832 507 verba

272 527 452 577 cupidius
486 540 604 576 quam
630 527 784 565 cautius
809 527 1082 576 interpretari,
1112 526 1223 565 velut
1255 526 1366 565 Unus
1392 519 1507 578 (xxv1
1529 527 1612 564 142
1621 521 1699 580 sq)
1730 528 1832 567 falso

271 586 323 625 ad
341 586 514 624 Ennium
532 586 719 636 refertur3
738 585 907 635 denique
918 584 1210 624 Claudianum'
1198 598 1331 635 ipsum
1349 584 1514 623 subinde
1531 585 1707 624 indicare
1728 587 1833 636 quod

272 658 393 697 genus
424 645 595 684 fontium
626 646 878 695 potissimum
906 645 1067 694 adierit,
1099 646 1168 694 qui
1191 646 1250 683 ita
1276 645 1374 683 dicit
1397 656 1496 684 xnv
1517 645 1599 683 183
1625 646 1662 684 si
1684 646 1833 685 volvere

263 706 416 753 priscos
448 705 610 744 annales
641 705 773 750 libeat,
804 706 976 753 quotiens
1006 705 1067 743 hie
1098 699 1286 757 (populus
1311 697 1376 756 R.)
1394 703 1551 752 proelia
1573 706 1740 753 sumpsit
1755 717 1833 753 pro

269 766 400 812 soeii33
426 776 523 803 xxm
546 765 629 803 104
655 776 908 813 quamquam,
937 765 974 802 si
997 766 1167 802 veterum
1191 764 1404 802 certamina
1427 764 1500 802 rite
1527 764 1718 809 recordor,
1742 767 1833 803 twne

270 825 398 868 etiam,
421 824 591 872 pulchra
616 835 703 862 eum
728 824 899 862 libertate
926 824 1096 872 viyerent
1119 835 1204 872 eqs3
1236 835 1333 862 xxw
1355 822 1437 861 506
1469 824 1645 871 referunt
1666 825 1703 862 si
1738 835 1832 862 vera

262 885 446 931 parentes
467 904 521 908 —
544 883 627 921 509
654 884 798 922 iactata
815 883 957 931 procul
981 883 1205 920 dicuntur
1227 883 1270 920 in
1295 883 1437 920 hostem
1459 882 1631 930 fulmina
1659 876 1756 935 (non
1782 882 1832 921 ab

270 942 399 980 Ennio
431 941 618 980 dicuntur
648 942 716 981 sed
746 954 770 980 a
800 935 1070 994 parentibus);
1104 954 1201 980 xxvi
1231 942 1314 979 124
1348 941 1506 980 sublimi
1537 945 1633 980 certe
1667 941 1832 981 Guriwm

270 1002 375 1040 canit
404 1013 469 1040 ore
497 1003 665 1040 vetustas
697 996 809 1055 (nam
839 1002 1017 1040 vetustas
1048 1001 1158 1040 canit
1188 1014 1267 1039 non
1298 1002 1344 1039 ut
1368 1000 1520 1040 Ennius
1548 1001 1668 1051 poeta
1693 1001 1762 1040 sed
1786 1003 1833 1040 ut

270 1060 394 1099 Fama
420 1055 560 1113 canit).

389 1119 584 1169 subsequi
608 1119 724 1158 iubeo
750 1119 827 1158 duo
853 1120 1050 1170 principes
1070 1122 1231 1169 patrum
1250 1119 1616 1169 ecclesiasticorum,
1635 1119 1831 1170 Hierony-

269 1193 377 1217 mum
404 1181 443 1217 et
461 1179 742 1230 Augustinum,
769 1191 866 1228 quos
892 1192 972 1217 non
996 1180 1124 1230 magis
1150 1191 1174 1217 a
1194 1191 1235 1217 se
1254 1179 1410 1230 seiungi
1427 1179 1541 1217 volui
1561 1191 1681 1228 quam
1701 1193 1724 1218 a
1744 1180 1831 1218 Ser-

269 1239 334 1276 vio
366 1238 629 1287 Macrobium,
665 1251 736 1277 nec
766 1240 948 1288 tempora
976 1238 1070 1276 huic
1101 1238 1232 1277 ordini
1266 1237 1457 1276 officiunt.
1495 1237 1662 1276 Illorum
1699 1241 1832 1278 autem

268 1299 406 1336 neuter
436 1310 516 1336 non
548 1298 702 1347 aliquid
732 1298 784 1336 ad
808 1298 983 1336 Ennium
1015 1297 1120 1347 quod
1151 1297 1316 1349 dignum
1341 1299 1443 1336 esset
1466 1299 1657 1336 memoria
1682 1299 1830 1337 attulit.

269 1357 328 1394 Ac
339 1356 604 1407 Hieronymus
620 1357 779 1406 quidem
788 1351 841 1410 (a.
852 1358 992 1395 331-
942 1351 1104 1410 —420)
1120 1369 1220 1406 quae
1234 1356 1281 1395 de
1289 1356 1411 1395 Ennii
1419 1357 1506 1396 vita
1515 1357 1683 1396 tradidit
1693 1353 1832 1411 (supra

269 1417 449 1466 exposita
467 1430 504 1466 p
525 1410 585 1468 VI)
612 1429 657 1454 ex
678 1416 868 1455 Suetonio
894 1418 1053 1466 sumpta
1073 1429 1156 1455 esse
1174 1429 1288 1454 nemo
1309 1417 1445 1455 nescit.
1471 1416 1531 1454 De
1550 1417 1672 1455 Ennii
1691 1419 1831 1456 carmi-

269 1475 384 1514 nibus
412 1488 513 1525 quae
539 1476 665 1524 affert,
690 1488 737 1514 ea
761 1488 862 1525 quae
883 1475 934 1514 ad
953 1488 1042 1514 ann.
1063 1488 1078 1513 1
1096 1476 1143 1514 fr.
1158 1487 1228 1513 XIX
1248 1477 1288 1514 et
1306 1475 1357 1514 ad
1376 1475 1523 1514 Telam.
1543 1488 1575 1514 ιι
1593 1489 1630 1526 p.
1654 1477 1736 1515 178
1764 1477 1831 1516 ad-

269 1535 409 1584 scripsi
434 1535 681 1584 patefaciunt
705 1548 784 1573 non
810 1548 856 1573 ex
884 1535 1027 1585 Ennio,
1060 1548 1176 1584 quem
1201 1534 1327 1574 altero
1352 1535 1439 1574 loco
1465 1548 1512 1573 ne
1538 1536 1720 1574 nominat
1745 1537 1832 1586 qui-

269 1594 369 1642 dem,
395 1594 462 1632 sed
487 1607 533 1632 ex
554 1592 740 1633 Cicerone
764 1594 822 1633 ibi
846 1595 965 1633 simul
991 1595 1114 1633 citato
1141 1594 1376 1644 deprompta
1402 1607 1495 1634 esse.
1521 1595 1631 1633 Idem
1657 1595 1765 1633 cadit
1788 1596 1831 1634 ιιι

268 1653 453 1692 Enniana
478 1653 555 1691 (ιιιο
581 1654 795 1692 sexcenties
822 1653 871 1692 ab
897 1654 989 1692 aliis
1014 1653 1179 1692 laudata
1203 1655 1356 1692 utinam
1385 1665 1434 1692 ne
1463 1655 1506 1692 in
1536 1665 1689 1693 nemore
1712 1655 1831 1700 Pelio,

267 1712 558 1751 nobilissimum
588 1713 750 1751 Medeae
781 1713 1023 1763 principium
1049 1707 1167 1765 (scen.
1191 1713 1273 1751 246
1302 1726 1339 1762 p.
1364 1706 1480 1766 164),
1512 1715 1551 1751 et
1582 1714 1645 1751 aio
1670 1716 1705 1752 te
1727 1712 1831 1759 Aea-

268 1771 358 1810 cida
383 1771 583 1811 Romanos
613 1774 763 1811 vincere
786 1783 903 1821 posse
940 1766 1051 1825 (ann
1073 1773 1154 1810 179
1175 1785 1212 1821 p.
1235 1766 1327 1824 33),
1366 1784 1533 1821 quorum
1563 1772 1829 1823 Hieronymus

268 1832 453 1869 neutrum
477 1831 636 1870 videtur
661 1831 791 1870 Ennio
815 1832 895 1881 ipsi
920 1833 1127 1881 acceptum
1151 1831 1252 1869 ferre
1278 1831 1347 1870 sed
1370 1830 1471 1869 illud
1496 1832 1664 1871 fortasse
1696 1845 1741 1871 ex
1769 1832 1831 1871 Ci-

269 1891 420 1929 ceronis
441 1889 629 1929 Caeliana
655 1885 714 1943 (8,
737 1885 810 1944 18)
832 1890 968 1929 eadem
992 1890 1125 1939 verba,
1149 1903 1228 1928 non
1254 1891 1355 1940 plus,
1381 1890 1581 1929 afferentis
1607 1892 1830 1942 sumpsisse,

269 1950 439 1988 alterum
463 1950 547 1988 sine
572 1950 694 1988 Ennii
719 1950 876 1988 nomine
908 1951 954 1987 ut
983 1963 1099 1999 saepe
1131 1950 1310 1998 allatum,
1342 1951 1530 1999 quoniam
1563 1949 1698 1989 Croesi
1727 1952 1830 1990 vati-

270 2010 417 2047 cinium
449 2021 539 2047 cum
562 2009 708 2059 Pyrrhi
733 2010 956 2061 coniungit,
983 2022 1006 2047 a
1033 2008 1219 2047 Cicerone
1245 2009 1293 2047 de
1318 2009 1439 2048 divin.
1467 2003 1515 2062 (11
1538 2010 1611 2058 56,
1634 2005 1738 2063 116)
1763 2023 1829 2060 pe-

268 2069 379 2107 tiisse
406 2069 475 2117 qui
499 2069 597 2107 item
619 2069 717 2107 haec
742 2069 819 2107 duo
846 2069 1007 2107 oracula
1032 2069 1246 2116 connectit,
1273 2069 1351 2106 nisi
1371 2068 1477 2118 quod
1494 2068 1761 2119 Hieronymus
1781 2070 1829 2108 de

270 2126 412 2166 Croeso
437 2140 516 2166 non
540 2128 811 2167 hexametrum
831 2128 1059 2167 Tullianum
1084 2128 1199 2166 affert
1223 2128 1291 2166 sed
1309 2127 1430 2166 verba
1447 2127 1646 2177 pedestria
1667 2128 1831 2168 Croesus

269 2190 532 2235 transyressus
557 2188 707 2237 Halym
730 2189 904 2226 maxima
928 2199 1048 2236 reyna
1065 2187 1214 2235 perdet,
1240 2200 1340 2236 quae
1365 2188 1527 2237 propius
1557 2187 1608 2226 ad
1626 2186 1830 2227 Ammiani

268 2246 490 2284 Marcellini
514 2246 634 2285 verba
659 2247 852 2286 accedunt
868 2250 960 2295 post
977 2247 1127 2296 Halym
1150 2247 1295 2294 flumen
1319 2248 1592 2286 transmisswm
1616 2248 1830 2286 maximum

267 2317 429 2355 reynum
453 2306 699 2351 deiecturum,
725 2307 795 2356 qui
820 2308 859 2345 et
883 2307 968 2356 ipse
986 2306 1083 2344 haec
1103 2306 1179 2345 duo
1201 2306 1361 2343 oracula
1380 2318 1460 2344 una
1479 2307 1724 2345 memoravit.
1752 2306 1830 2345 Sed

268 2365 343 2403 hoc
367 2365 458 2402 utut
482 2365 693 2414 iudicatur,
716 2366 760 2404 in
784 2365 846 2405 his
872 2367 906 2404 si
930 2365 1032 2404 nihil
1057 2366 1117 2403 est
1142 2364 1247 2414 quod
1272 2364 1323 2403 ad
1348 2364 1521 2402 Ennium
1545 2366 1676 2414 ipsum
1700 2365 1829 2404 redire

269 2423 452 2472 affirmes,
482 2424 560 2463 duo
591 2437 727 2464 versus
752 2425 885 2473 Ennii,
918 2437 1015 2474 quos
1040 2424 1180 2463 laudat
1210 2435 1317 2461 mero
1342 2425 1483 2473 poetae
1508 2425 1678 2472 nomine,
1696 2425 1829 2472 plebes

269 2484 313 2521 in
342 2483 411 2521 hoe
435 2485 516 2532 reqi
541 2485 702 2522 antistat
726 2485 827 2523 loeo:
849 2484 934 2522 lieet
958 2484 1178 2522 laet-amare
1194 2483 1320 2531 plebi,
1350 2483 1431 2531 reyi
1454 2483 1605 2521 honeste
1628 2494 1707 2521 non
1731 2484 1828 2528 lieet,

271 2541 340 2591 qui
363 2542 407 2579 in
431 2541 640 2593 Iphigenia
659 2537 755 2595 (vn)
782 2542 1002 2581 collocandi
1028 2544 1142 2581 erant
1165 2543 1306 2591 utpote
1332 2554 1377 2580 ex
1397 2540 1600 2591 Euripidis
1619 2541 1829 2593 Iphigenia

269 2600 478 2640 Aulidensi
501 2602 698 2651 translati,
722 2602 839 2640 hodie
864 2602 1018 2640 nullum
1043 2602 1120 2640 nisi
1138 2601 1426 2651 Hieronymum
1451 2602 1652 2639 auctorem
1670 2601 1828 2650 habent,

270 2659 337 2698 sed
362 2660 410 2698 cf.
437 2659 542 2709 adn.;
567 2661 671 2699 idem
697 2656 791 2714 (inc.
813 2656 888 2714 41)
916 2661 1021 2711 quod
1043 2661 1236 2709 simplices
1260 2661 1430 2699 homines
1455 2662 1489 2698 et
1510 2661 1655 2698 cicures
1674 2660 1828 2699 Ennia·

268 2730 338 2758 nos
358 2719 467 2768 dicit,
486 2720 699 2769 accipimus
720 2720 908 2769 oblatum,
929 2733 1006 2770 quo
1025 2721 1195 2759 maxime
1214 2720 1440 2769 pertineant
1450 2718 1571 2758 verba
1586 2719 1826 2770 ignoramus.

387 2778 603 2829 Augustini
617 2773 669 2831 (a.
683 2775 935 2832 354—430)
948 2779 1149 2827 beneficio,
1162 2780 1236 2817 etsi
1249 2792 1327 2817 non
1340 2779 1456 2817 unius
1469 2777 1696 2829 Augustini,
1711 2791 1827 2827 quem

270 2839 475 2886 acceptum
498 2838 666 2889 legimus
691 2851 848 2877 versum
873 2839 994 2877 Ennii
1017 2833 1125 2891 (ann.
1148 2832 1252 2890 500)
1278 2838 1449 2876 moribus
1474 2838 1645 2885 antiquis
1669 2849 1731 2875 res
1751 2840 1828 2875 stat

269 2896 318 2933 R.
344 2897 524 2945 virisque,
555 2909 644 2935 eum
667 2898 752 2948 ipse
778 2899 837 2936 ait
859 2898 903 2937 in
929 2897 1128 2937 Ciceronis
1154 2896 1202 2936 de
1225 2909 1267 2936 re
1292 2896 1451 2947 publica
1482 2896 1620 2946 quinto
1652 2897 1826 2946 positum
