2054 3282
374 177 432 219 84
901 172 1162 208 ANNALIUM
1186 172 1273 207 LIB.
1293 171 1386 207 mo.

1122 290 1172 324 IX

371 353 456 395 465
489 351 670 394 «Audire
701 355 766 393 est
797 365 947 406 operae
978 351 1163 404 pretium
1194 350 1420 405 procedere
1450 354 1568 393 recte

488 423 569 473 Qui
600 437 688 464 rem
719 422 955 463 Romanam
980 421 1236 475 Latiumque
1268 435 1491 477 augescere
1523 421 1654 463 vultis

368 576 451 618 467
1129 525 1161 558 X
1435 575 1539 617 «tibi
1564 575 1654 618 vita

486 645 568 688 Seu
594 660 706 687 mors
732 644 777 686 in
802 644 960 686 mundo
986 647 1052 686 est

1120 736 1171 771 XI

365 800 451 841 469
485 798 590 840 Cum
622 812 712 840 sese
743 798 928 840 exsiccat
959 811 1108 839 somno
1140 797 1334 840 Romana
1365 797 1563 840 iuventus

1108 901 1177 936 ΧΠ

364 963 451 1006 470
482 962 637 1006 Omnes
669 963 794 1005 corde
825 966 991 1018 patrem
1024 963 1178 1005 debent
1209 963 1436 1018 animoque
1467 964 1654 1021 benigno

484 1034 651 1077 Circum
683 1049 776 1077 sum

479 1157 529 1192 IX
556 1158 651 1204 (465)
698 1156 904 1202 Porphyrio
931 1156 970 1191 in
995 1156 1082 1191 Hor.
1104 1158 1172 1192 sat.
1193 1170 1206 1191 1
1226 1161 1258 1202 2,
1274 1160 1318 1192 37
1341 1157 1493 1192 ‘audire
1519 1158 1576 1192 est
1601 1167 1737 1203 operae
1761 1158 1924 1203 pretium

361 1211 559 1256 procedere
578 1212 677 1245 recte
691 1210 756 1254 qui
769 1210 934 1245 moechis
946 1220 1021 1245 non
1034 1210 1146 1246 vultis
1165 1212 1209 1246 ut
1227 1211 1328 1245 omni
1346 1212 1454 1256 parte
1468 1211 1655 1247 laborent:
1671 1211 1813 1247 urbane
1833 1211 1924 1246 abu-

361 1265 452 1299 titur
477 1263 656 1298 Ennianis
681 1263 847 1298 versibus
868 1263 1027 1300 «audire
1048 1292 1054 1298 .
1078 1292 1084 1298 .
1108 1292 1114 1298 .
1136 1275 1322 1310 auyescere
1340 1264 1494 1308 vultis»;
1521 1265 1587 1299 sed
1612 1264 1707 1299 illud
1731 1264 1923 1309 urbanius,

361 1317 460 1362 quod
481 1329 563 1352 cum
582 1316 724 1351 Ennius
738 1316 897 1353 «vultis»
913 1316 1059 1362 dixerit,
1073 1318 1135 1353 hic
1149 1329 1247 1355 «non
1260 1318 1396 1354 vultis»
1410 1318 1606 1353 intulerit.’
1623 1317 1803 1353 Similiter
1815 1318 1921 1353 Acro.

476 1370 620 1406 Nonius
635 1383 671 1416 p.
686 1374 768 1415 478,
782 1373 827 1405 20
844 1370 1028 1405 ‘nutritur
1048 1372 1086 1406 et
1104 1372 1313 1408 nutricatur
1331 1382 1398 1417 pro
1418 1371 1538 1406 nutrit
1557 1372 1595 1406 et
1613 1371 1787 1406 nutricat.
1804 1371 1922 1406 Varro

359 1426 582 1460 testamento
601 1424 687 1468 περὶ
706 1423 895 1470 διαθήκης
914 1435 957 1460 «e
976 1434 1061 1460 mea
1078 1423 1317 1474 Φιλοφθονίᾳ
1335 1424 1434 1459 natis
1454 1435 1546 1469 quos
1563 1424 1764 1470 Menippea
1782 1424 1923 1459 heresis

359 1478 545 1512 nutricata
566 1479 622 1512 est
640 1479 783 1513 tutores
804 1477 851 1512 do
871 1477 936 1522 qui
951 1506 957 1512 .
975 1506 981 1512 .
999 1506 1005 1511 .
1021 1479 1187 1514 ulciscere
1206 1478 1369 1514 vultis»)
1467 1478 1615 1515 Horatii
1633 1488 1778 1513 versum
1796 1477 1931 1523 potius

359 1542 471 1576 quam
483 1530 596 1566 Ennii
610 1530 798 1577 significat
810 1530 952 1566 Marius
960 1530 1174 1566 Victorinus
1189 1530 1230 1566 G.
1243 1532 1281 1566 L.
1293 1531 1337 1565 K.
1349 1545 1386 1566 v1
1398 1543 1434 1576 p.
1448 1535 1504 1574 67,
1517 1534 1536 1566 7
1554 1532 1565 1549 ‘
1575 1532 1747 1576 quartam
1761 1530 1923 1576 speciem

359 1584 595 1628 addiderunt,
615 1594 729 1629 quam
742 1583 875 1619 Graeci
890 1583 1020 1620 dicunt
1038 1590 1184 1629 κρᾶσιν,
1203 1584 1243 1619 id
1263 1586 1320 1620 est
1340 1596 1423 1620 cum
1441 1584 1552 1619 unius
1568 1584 1718 1620 litterae
1731 1584 1869 1619 vocalis
1883 1584 1923 1618 in

359 1638 451 1673 duas
477 1637 642 1683 syllabas
661 1637 704 1672 fit
723 1637 944 1682 communio,
964 1639 1007 1673 ut
1027 1638 1181 1674 «audire
1197 1667 1202 1672 .
1220 1667 1226 1672 .
1244 1667 1250 1672 .
1265 1639 1416 1674 recte».'

475 1691 508 1726 X
528 1691 624 1738 (467)
663 1690 853 1726 Charisius
873 1704 901 1725 11
919 1703 954 1736 p.
971 1694 1050 1735 201,
1064 1695 1107 1726 15
1122 1691 1165 1726 K.
1189 1691 1246 1726 ‘in
1267 1692 1407 1726 mundo
1420 1702 1487 1737 pro
1500 1691 1629 1737 palam
1642 1691 1732 1726 etin
1746 1691 1920 1737 expedito

358 1755 402 1780 ac
424 1744 507 1780 cito.
529 1744 684 1779 Plautus
707 1772 713 1778 .
733 1772 739 1778 .
762 1744 909 1791 [Pseud.
925 1745 1021 1791 499].
1037 1743 1221 1779 Caecilius
1243 1772 1250 1778 .
1270 1772 1276 1778 .
1297 1745 1415 1790 .[276.
1432 1747 1500 1778 278
1514 1744 1585 1791 R.].
1600 1743 1742 1779 Ennius
1762 1743 1878 1780 «tibi.
1893 1772 1920 1777 ..

358 1798 462 1834 est».’
562 1797 615 1832 Cf.
634 1797 774 1832 Paulus
800 1797 903 1832 Festi
927 1809 962 1842 p.
986 1801 1040 1840 77,
1056 1801 1101 1833 34
1118 1797 1184 1832 Th.
1211 1797 1271 1831 ‘in
1295 1796 1435 1831 mundo
1461 1797 1639 1832 dicebant
1664 1796 1810 1842 antiqui
1837 1808 1920 1832 cum

358 1851 501 1896 aliquid
526 1850 566 1885 in
590 1852 767 1896 promptu
792 1861 872 1885 esse
898 1850 1074 1886 volebant
1098 1850 1296 1896 intellegi.'
1442 1850 1650 1885 Annalibus
1676 1850 1790 1886 inseri
1815 1850 1922 1885 iubet

358 1904 398 1939 G.
413 1904 647 1939 Hermannus
666 1903 792 1949 Eurip.
807 1904 944 1939 Alcest.
959 1916 994 1949 p.
1007 1917 1065 1938 xx.

473 1957 524 1992 XI
542 1959 640 2004 (469)
683 1957 902 1992 Lactantius
928 1957 967 1992 in
988 1957 1081 1992 Stat.
1096 1957 1210 1992 Theb.
1225 1970 1262 1992 v1
1282 1960 1326 1991 27
1349 1957 1408 1993 ‘et
1433 1968 1546 1992 cornu
1571 1956 1744 2003 fugiebat
1769 1968 1918 1992 somnus

356 2011 475 2046 inani:
493 2040 499 2045 .
517 2040 523 2046 .
541 2039 546 2045 .
562 2011 616 2046 sic
636 2021 658 2045 a
683 2010 890 2056 pictoribus
916 2010 1123 2053 simulatur,
1149 2012 1192 2045 ut
1217 2010 1403 2055 liquidum
1428 2021 1598 2045 somnum
1623 2021 1643 2044 e
1670 2020 1783 2044 cornu
1809 2020 1920 2055 super

357 2065 580 2100 dormientes
593 2064 766 2099 videatur
779 2063 978 2099 effundere.
994 2064 1048 2099 sic
1060 2064 1201 2098 Ennius
1217 2074 1342 2100 «cum.
1357 2092 1363 2097 .
1378 2092 1383 2097 .
1397 2063 1566 2099 Romana
1581 2066 1623 2110 (p
1633 2063 1703 2098 erf
1706 2075 1755 2098 us
1765 2074 1786 2098 a
1805 2074 1919 2098 mem-

356 2117 408 2152 br.
424 2117 583 2163 Barthii)
603 2117 826 2153 iuventus».'

473 2171 540 2206 XII
559 2172 656 2216 (470)
700 2171 869 2206 Donatus
888 2170 927 2206 in
947 2170 1027 2206 Ter.
1042 2171 1188 2206 Phorm.
1202 2183 1226 2206 v
1245 2175 1278 2215 9,
1292 2174 1337 2205 39
1359 2170 1466 2205 ‘faxo
1492 2170 1563 2205 tali
1589 2181 1671 2204 sum
1694 2171 1917 2205 mactatum:

356 2235 497 2259 summo
517 2224 585 2270 (sic
601 2223 686 2259 Vat.
704 2224 804 2259 Ricc.
823 2223 888 2259 Ox.
913 2224 1048 2259 ‘sum’
1070 2224 1199 2259 modo
1218 2223 1453 2270 Wessnerus)
1474 2234 1541 2269 pro
1565 2234 1608 2258 eo
1632 2223 1732 2268 quod
1754 2224 1812 2258 est
1833 2233 1919 2257 eum

355 2371 478 2416 vulta,
499 2373 609 2411 cuius
635 2366 737 2423 ἦθος
763 2373 962 2411 locutionis
985 2373 1101 2420 facile
1119 2373 1293 2416 sentitur,
1312 2383 1356 2409 ex
1373 2383 1412 2409 eo
1426 2383 1564 2419 yencre
1581 2373 1636 2409 est
1650 2371 1802 2410 dicendi
1817 2371 1918 2418 quod

355 2431 459 2478 tetiqi
482 2432 525 2468 in
542 2443 711 2479 prooem.
731 2429 809 2467 188
816 2440 837 2478 5
843 2427 922 2483 s86
938 2443 979 2479 p.
1001 2441 1051 2478 14
1072 2433 1107 2469 et
1126 2430 1230 2470 Guil.
1245 2431 1426 2468 Heraeus
1441 2431 1544 2468 vind.
1559 2430 1718 2468 Liviam.
1732 2442 1747 2467 1
1761 2424 1915 2482 (1889)

350 2500 392 2537 p.
415 2497 462 2536 15
483 2501 536 2537 sq.
557 2491 683 2529 Ennii
706 2492 753 2539 cf.
773 2502 871 2529 scen.
893 2488 969 2526 186
993 2493 1026 2528 et
1044 2502 1135 2528 ann.
1158 2498 1234 2537 107
1371 2489 1454 2527 466
1479 2488 1538 2536 Cf.
1559 2489 1751 2527 Horatius
1770 2500 1799 2526 c.
1813 2500 1843 2526 s.
1860 2487 1914 2525 66

354 2561 514 2597 remque
534 2549 753 2588 Romanam
770 2549 1008 2599 Latiumque
1027 2549 1123 2588 felix
1143 2549 1310 2587 alterum
1328 2548 1370 2586 in
1390 2548 1559 2586 lustrum
1575 2578 1582 2585 .
1599 2578 1605 2584 .
1620 2548 1809 2597 prorogat

356 2608 440 2646 469
468 2619 604 2646 somno
630 2620 712 2647 sese
739 2609 908 2647 exsiccat
930 2608 1130 2653 Columna,
1150 2608 1311 2646 Merula
1448 2607 1635 2645 exsiccat:
1655 2607 1701 2654 of.
1725 2607 1916 2655 Vergilius

355 2665 453 2705 Aen.
467 2678 513 2704 111
535 2675 556 2713 5
568 2676 582 2702 1
598 2677 612 2702 1
637 2667 760 2706 fessos
780 2680 898 2717 sopor
915 2668 1065 2718 inrigat
1085 2668 1216 2713 artus;
1237 2669 1272 2705 et
1289 2678 1387 2714 quac
1405 2666 1633 2704 Macrobius
1655 2665 1735 2703 Sat.
1749 2677 1792 2704 v1
1811 2675 1844 2714 1,
1858 2675 1914 2712 44

355 2726 544 2774 componit
567 2722 787 2774 ‘placidam
805 2740 875 2776 per
893 2727 1069 2765 membra
1089 2727 1261 2776 quietem
1279 2721 1441 2776 irrigat'
1457 2719 1574 2778 (Aen.
1587 2737 1602 2761 1
1623 2722 1676 2773 69
1688 2718 1745 2777 1)3
1771 2724 1912 2762 Furius

353 2785 395 2822 in
414 2785 543 2834 primo
563 2780 791 2834 ‘mitemque
810 2787 916 2836 rigat
934 2798 1004 2836 per
1022 2787 1184 2836 pectora
1203 2780 1417 2833 somnum'3
1437 2784 1476 2822 et
1488 2783 1692 2821 Lucretius
1709 2784 1750 2821 in
1771 2784 1912 2833 quarto

354 2838 479 2897 (907)
500 2840 623 2882 ‘nunc
649 2845 790 2893 quibus
814 2845 882 2883 ille
906 2845 1034 2883 modis
1064 2856 1222 2883 somnus
1241 2839 1318 2894 'per
1337 2843 1520 2896 *membra
1547 2843 1719 2891 quietem
1747 2838 1911 2893 inrigat’

472 2904 558 2941 470
577 2915 631 2952 sq.
644 2905 823 2942 venerari
844 2902 988 2942 Omnes
1004 2935 1010 2941 .
1027 2935 1035 2941 .
1052 2935 1058 2941 .
1075 2903 1230 2942 Circum
1250 2916 1337 2942 sum
1355 2902 1468 2940 fundi
1487 2902 1739 2951 Plasberyius
