2004 3278
280 197 428 234 CXVIII
838 195 864 231 1.
890 193 1118 231 HISTORIA
1136 193 1275 231 mmm

281 310 389 349 sibus
418 309 648 347 declaretur.
674 307 765 346 Non
790 319 900 346 secus
928 307 1058 357 capite
1080 308 1116 357 9,
1143 319 1232 346 cum
1250 307 1356 346 idem
1376 306 1535 347 Servius
1555 309 1844 348 controversias

281 368 472 418 quasdam
495 368 715 418 singulares
735 366 783 405 de
803 367 1024 405 elocutione
1042 365 1277 418 Vergiliana
1295 366 1502 417 disceptat,
1527 367 1575 406 de
1593 368 1724 406 Ennio
1742 368 1845 406 nihil

281 428 444 467 affertur
456 428 614 476 praeter
626 439 750 464 unum
764 420 809 479 (8
819 419 937 479 sqq),
949 425 1068 475 idque
1083 438 1107 464 a
1119 426 1257 464 multis
1271 427 1375 474 ante,
1395 425 1536 475 Gellio,
1547 427 1692 475 Nonio,
1706 426 1844 466 Servio

278 487 509 534 tractatum,
540 487 751 534 equitc‘mne
775 498 848 535 pro
880 496 973 533 equo
1004 487 1089 523 tam
1112 485 1315 536 Vergilius
1348 479 1498 538 (georg.
1518 498 1565 523 m
1587 480 1691 539 116)
1725 499 1845 536 quam

279 546 432 585 Ennius
463 546 658 595 posuerit,
691 545 802 583 cuius
832 545 898 583 hic
929 557 1086 594 quoque
1117 557 1163 583 ex
1194 545 1292 583 libro
1317 545 1524 583 annalium
1546 547 1706 594 septimo
1731 541 1843 597 [xm]

281 606 456 644 citantur
480 604 602 643 verba
627 616 743 654 saepe
768 604 934 642 laudata
954 600 1131 652 ‘denique
1155 605 1196 642 vi
1213 615 1359 653 magna
1377 604 1599 652 quadrupes
1619 601 1744 653 eques'
1765 616 1843 654 eqs.

398 663 508 702 Haec
533 676 579 702 ex
605 663 884 702 Saturnalibus
908 662 1114 712 Macrobii,
1145 664 1242 701 satis
1270 663 1410 711 multa,
1442 664 1594 712 opinor,
1624 664 1672 701 ut
1693 663 1846 702 Macro-

280 723 390 762 bium
414 724 521 761 inter
545 724 821 761 meritissimos
847 722 895 760 de
920 722 1042 760 Ennii
1069 723 1261 761 memoria
1291 723 1572 774 grammaticos
1602 722 1743 761 referri
1773 735 1847 772 par

282 784 345 822 sit.
372 782 570 832 Excerpta
596 781 790 831 quaedam
815 783 1076 832 grammatica
1094 781 1287 820 Macrobii
1307 775 1418 834 (nam
1438 783 1742 821 commentarius
1762 783 1845 821 eius

283 843 326 880 in
354 841 553 880 Ciceronis
584 842 782 880 somnium
808 840 1004 890 Scipionis
1035 841 1137 879 nihil
1167 841 1288 879 habet
1311 835 1503 894 Enniani)
1530 853 1729 891 perpauca
1754 841 1846 880 affe-

283 903 378 940 runt
403 901 450 939 de
476 900 606 939 Ennio
633 900 702 939 sed
726 913 773 938 ea
798 913 877 938 non
901 900 1069 951 indigna
1095 912 1195 950 quae
1220 902 1503 938 memorentur:
1539 912 1627 938 ann.
1650 901 1732 939 379
1761 912 1847 939 con-

282 962 434 1008 tempsit
462 962 586 1009 sentes
618 960 757 1008 quibus
789 961 960 1008 exeruyit
983 970 1109 1007 aquae
1135 961 1206 1005 vis,
1238 960 1279 998 in
1305 960 1473 1009 utroque
1499 961 1680 1009 excerpto
1706 961 1746 997 et
1769 959 1846 998 Bo-

280 1020 409 1058 biensi
434 1021 474 1057 et
497 1019 679 1057 Parisino
705 1018 774 1058 sed
798 1019 860 1057 his
886 1019 981 1057 solis
1007 1020 1198 1058 servatus.
1223 1018 1326 1057 Item
1352 1031 1440 1058 ann.
1464 1019 1546 1056 137
1573 1021 1759 1057 tractatus
1771 1030 1847 1067 per

282 1089 453 1127 aequora
477 1080 606 1126 campi
629 1091 707 1116 non
734 1079 863 1116 exstat
887 1078 966 1116 nisi
990 1078 1033 1116 in
1058 1079 1239 1128 excerpto
1258 1077 1457 1116 Bobiensi.
1484 1077 1597 1123 Quod
1615 1078 1737 1116 Ennii
1755 1090 1801 1116 ex
1820 1090 1847 1115 x

282 1138 487 1176 annalium
506 1133 629 1189 [xvn]
655 1139 838 1187 excerpta
856 1137 1070 1176 Bobiensia
1093 1138 1293 1176 testantur
1310 1138 1403 1184 fiere
1421 1137 1601 1185 formam,
1626 1137 1701 1175 hoc
1720 1149 1845 1175 exem-

281 1198 393 1247 plum
417 1197 534 1235 huius
560 1197 711 1235 formae
736 1209 815 1234 non
841 1197 920 1234 alio
942 1197 1171 1243 testimonio
1191 1198 1359 1244 constat,
1385 1197 1554 1235 alterum
1574 1196 1749 1235 eiusdem
1768 1197 1846 1235 for-

281 1269 369 1295 mae
395 1250 504 1309 (ann.
528 1251 614 1309 15),
639 1268 766 1306 neque
792 1256 897 1294 enim
922 1255 1097 1294 dubitari
1121 1257 1263 1306 potest,
1288 1255 1515 1307 negligitur.

401 1316 523 1353 Ennii
547 1328 690 1353 nomen
714 1315 863 1366 legitur
888 1316 1009 1353 etiam
1035 1315 1141 1364 apud
1168 1314 1377 1353 Claudium
1402 1313 1664 1353 Claudianum
1688 1316 1847 1364 poetam

282 1375 447 1413 Arcadii
472 1377 511 1412 et
529 1374 699 1413 Honorii
723 1375 1010 1424 imperatorum
1032 1368 1086 1427 (a.
1103 1368 1356 1427 395—408)
1377 1374 1594 1423 aequalem,
1619 1376 1665 1412 ut
1689 1387 1737 1412 ne
1762 1376 1845 1412 tum

285 1434 443 1483 quidem
461 1434 580 1483 plane
601 1433 799 1472 oblivione
820 1433 1004 1471 obrutum
1023 1433 1145 1471 fuisse
1164 1434 1424 1485 intelligatur.
1446 1433 1523 1479 Qui
1540 1435 1675 1472 tamen
1687 1434 1848 1472 habeat-

283 1506 332 1531 ne
357 1505 496 1532 revera
519 1494 563 1531 in
589 1492 830 1531 carminibus
856 1494 938 1531 suis
965 1492 1070 1542 quod
1095 1493 1146 1531 ad
1165 1493 1287 1531 Ennii
1310 1494 1463 1543 poesim
1486 1492 1613 1531 redire
1639 1492 1747 1532 dicas
1773 1492 1848 1531 dif-

284 1552 387 1591 ficile
413 1552 665 1591 diiudicatur.
693 1551 811 1590 Certa
837 1551 997 1602 quidem
1021 1552 1260 1591 imitationis
1286 1552 1493 1590 Ennianae
1511 1552 1662 1591 indicia
1675 1552 1746 1590 Th.
1760 1551 1848 1590 Bir-

285 1613 349 1650 tus
370 1611 447 1650 sibi
464 1612 574 1650 visus
594 1612 654 1649 est
673 1611 878 1659 detexisse,
904 1624 1005 1660 quae
1023 1612 1058 1649 is
1077 1612 1120 1649 in
1139 1611 1276 1650 libello
1297 1612 1479 1661 exposuit
1499 1624 1615 1661 quem
1634 1611 1682 1650 de
1701 1612 1847 1650 saturis

284 1669 436 1709 duabus
461 1670 636 1720 politicis
662 1665 887 1723 (Marpurgi
907 1683 941 1708 a.
965 1665 1097 1723 1888)
1125 1670 1259 1708 edidit.
1286 1670 1350 1708 Ad
1375 1671 1485 1709 cuius
1513 1672 1683 1709 mentem
1710 1672 1849 1720 postea

285 1730 502 1780 discipulus
528 1729 634 1767 Birti
653 1729 844 1768 Ernestus
865 1729 1111 1777 Stoeckerus,
1137 1741 1226 1767 cum
1252 1725 1315 1768 ‘de
1341 1728 1552 1768 Claudiani
1576 1731 1718 1779 poetae
1742 1732 1848 1768 vete-

284 1803 374 1827 rum
403 1802 536 1827 rerum
560 1789 829 1827 Romanarum
855 1785 1036 1827 scientia’
1065 1783 1290 1841 (Marpurgi
1315 1801 1348 1827 a.
1378 1783 1511 1842 1889)
1538 1791 1684 1839 ageret,
1704 1789 1849 1828 bonam

284 1849 441 1899 partem
466 1860 602 1886 earum
626 1860 758 1886 rerum
779 1846 1043 1886 Claudianum
1062 1860 1108 1885 ex
1131 1848 1252 1886 Ennii
1278 1848 1486 1886 annalibus
1511 1849 1765 1899 potissimum
1789 1861 1849 1887 re-

284 1908 447 1957 petiisse
478 1907 617 1946 docere
648 1907 812 1946 studuit.
851 1907 1032 1957 Denique
1063 1907 1199 1945 Birtus
1230 1908 1316 1957 ipse
1345 1920 1378 1945 a.
1408 1908 1520 1946 1892
1555 1907 1775 1946 Claudiano
1806 1909 1849 1946 in

285 1967 551 2005 monumentis
578 1964 812 2005 Germaniae
843 1966 1044 2004 historicis
1077 1966 1184 2004 edito
1217 1978 1304 2004 cum
1335 1967 1377 2004 in
1409 1967 1656 2016 praefatione
1683 1961 1739 2020 (p.
1761 1961 1847 2020 001)

286 2026 515 2064 summatim
551 2026 742 2075 exempla,
774 2025 916 2075 quibus
944 2024 1163 2064 Claudiano
1196 2038 1297 2075 quae
1322 2027 1425 2064 esset
1450 2038 1539 2063 cum
1564 2026 1694 2064 Ennio
1719 2038 1849 2064 neces-

286 2084 417 2124 situdo
436 2084 653 2135 patefieret,
678 2084 883 2133 indicavit,
902 2086 988 2122 tum
1007 2085 1156 2134 passim
1178 2085 1221 2122 in
1241 2084 1497 2123 adnotatione
1517 2085 1567 2123 ad
1586 2097 1721 2123 versus
1740 2086 1848 2135 ipsos

288 2157 387 2194 quae
413 2143 588 2183 crederet
614 2145 807 2195 originem
833 2144 1058 2182 Ennianum
1082 2156 1176 2193 prae
1207 2156 1248 2182 se
1279 2144 1381 2182 ferre
1413 2143 1663 2195 significavit.
1698 2143 1847 2189 Quibus

286 2203 384 2242 locis
409 2203 476 2242 vix
501 2203 677 2242 dubitari
701 2204 835 2253 potest
860 2203 956 2253 quin
983 2215 1251 2253 quaecumque
1276 2204 1319 2241 in
1345 2205 1524 2242 oratione
1551 2202 1761 2242 Claudiani
1785 2204 1849 2242 vel

286 2264 404 2301 tenue
435 2262 711 2301 similitudinis
736 2263 943 2301 Ennianae
973 2263 1189 2313 vestigium
1219 2262 1384 2312 prodere
1411 2262 1623 2301 videantur
1646 2264 1850 2312 protracta

290 2324 330 2360 et
353 2322 396 2360 in
421 2334 494 2360 sua
517 2322 605 2360 luce
630 2323 763 2371 posita
788 2323 879 2360 sint.
913 2321 991 2360 Sed
1016 2334 1088 2373 ego
1113 2334 1176 2360 1110
1201 2321 1330 2360 fateor
1355 2334 1379 2359 a
1408 2321 1613 2360 doctorum
1644 2322 1847 2360 hominum

288 2382 485 2420 sentenffia
515 2381 672 2432 longius
705 2381 920 2429 discedere,
953 2381 1021 2430 qui
1051 2382 1090 2419 in
1120 2379 1330 2419 Claudiani
1361 2380 1599 2419 carminibus
1625 2394 1703 2419 non
1729 2381 1849 2419 offen-

288 2439 413 2478 derim
439 2452 516 2490 quo
541 2441 732 2490 reliquias
757 2440 960 2478 Ennianas
991 2440 1228 2490 locupletari
1252 2441 1323 2478 aut
1348 2440 1551 2489 explanari
1576 2452 1690 2489 posse
1715 2441 1849 2478 existi-

288 2510 450 2547 marem,
475 2500 554 2538 nisi
580 2499 686 2549 quod
711 2499 762 2537 ad
787 2511 875 2537 ann.
899 2499 981 2537 559
1009 2499 1076 2537 hos
1093 2500 1217 2547 pestis
1240 2500 1378 2543 necuit,
1396 2510 1498 2547 pars
1523 2499 1660 2537 occidit
1682 2499 1754 2537 illa
1778 2499 1848 2537 du-

290 2558 373 2597 allis
392 2569 480 2596 cum
500 2558 580 2596 alia
600 2557 831 2597 adnotarem
850 2558 901 2596 ad
918 2571 1002 2597 rem
1020 2558 1260 2608 pertinentia
1279 2557 1586 2607 comparabilem
1605 2569 1688 2596 esse
1708 2558 1849 2608 scripsi

289 2618 411 2656 etiam
449 2615 659 2656 Claudiani
692 2618 912 2656 orationem
947 2629 1021 2655 vm
1041 2617 1125 2655 467
1163 2618 1318 2656 metitur
1346 2617 1485 2665 pellita
1522 2618 1719 2655 iuventas-.-
1747 2629 1849 2665 pars

289 2676 432 2721 morbo,
456 2688 558 2725 pars
590 2687 677 2715 ense
699 2677 817 2725 perit,
849 2689 942 2714 nam
974 2675 1148 2714 eiusdem
1173 2675 1463 2727 gigantomach.
1491 2670 1540 2728 (c.
1561 2689 1611 2713 m.
1631 2670 1724 2728 1111)
1753 2676 1849 2724 113,

292 2747 392 2785 quae
418 2735 570 2774 scillcet
594 2736 730 2774 Birtus
757 2747 845 2773 cum
872 2735 1083 2774 Stoeckero
1109 2735 1403 2784 contenderant,
1429 2734 1586 2773 diversa
1611 2747 1704 2773 esse.
1740 2734 1848 2780 Quae

289 2806 383 2832 vero
410 2792 650 2834 Claudianus
672 2788 791 2847 (xxm
810 2795 931 2844 praef
956 2795 1006 2832 11
1018 2789 1123 2847 sqq)
1149 2794 1196 2832 de
1218 2795 1347 2832 Ennio
1372 2796 1490 2843 poeta
1513 2795 1702 2842 perpetuo
1723 2793 1849 2843 Scipi-

291 2854 378 2891 onis
402 2852 584 2892 Africani
608 2854 771 2892 maioris
796 2854 839 2891 111
863 2853 1025 2902 proeliis
1045 2855 1085 2891 et
1102 2854 1246 2904 pugnis
1266 2853 1408 2891 comite
1427 2853 1660 2900 narraverit,
1685 2864 1732 2890 ea
1750 2853 1848 2890 1111111

292 2911 418 2950 videri
442 2912 532 2951 lusu
556 2913 712 2962 poetico
737 2913 944 2962 procreata
965 2925 1002 2961 p
1023 2924 1096 2950 xm
1115 2912 1287 2951 breviter
1306 2911 1396 2949 dixi.
1423 2911 1469 2949 In
1491 2923 1567 2961 quo
1587 2923 1649 2949 me
1668 2923 1784 2950 sensu
1804 2922 1850 2950 ac
