2004 3278
460 181 676 217 SCENICA:
704 182 948 217 ACHILLES.
988 182 1115 217 AIAX.
1151 181 1383 218 ALCMEON
1640 181 1712 218 CCI

269 293 328 331 Ac
359 293 406 331 de
437 292 626 332 Achille
660 293 818 342 quidem
842 296 902 334 ita
933 296 1059 334 sentio
1091 308 1212 334 unam
1242 296 1363 334 fuisse
1395 296 1509 334 huius
1541 296 1712 334 nominis

151 353 416 404 tragoediam,
448 353 513 391 cui
544 353 695 391 Ennius
726 353 917 393 Achillem
947 353 1170 394 Aristarchi
1200 355 1460 405 inscripserit,
1497 357 1543 393 ut
1578 355 1712 394 addito

154 411 295 451 Graeci
318 414 460 462 poetae
486 413 642 450 nomine
674 425 753 450 non
785 413 912 451 solum
946 414 1146 463 exemplar
1172 413 1366 453 Graecum
1399 415 1503 464 quod
1533 414 1713 453 imitatus

154 473 257 510 esset
286 471 354 509 sed
387 472 508 509 etiam
541 471 733 521 quidquid
758 472 909 521 proprii
935 474 1036 511 esset
1060 473 1101 510 in
1129 474 1201 512 hac
1233 474 1369 511 fabula
1399 474 1713 524 intelligentibus

153 531 356 569 indicaret.
386 529 483 569 Cum
509 531 613 568 enim
632 531 773 568 Festus
800 532 983 570 citaverit
1002 533 1159 570 Ennius
1178 535 1221 571 iu
1240 531 1390 571 Achille
1407 532 1629 572 Aristarchi
1649 529 1712 587 (x)

154 590 318 628 dubium
343 603 422 628 non
448 591 508 628 est
534 589 628 639 quin
655 590 817 628 eandem
840 591 958 628 Ennii
983 591 1230 640 tragoediam
1256 591 1362 630 dicat
1381 592 1546 630 Plautus
1567 606 1654 630 cum
1675 605 1714 631 se

154 649 291 688 scribit
322 649 581 688 commentari
611 650 712 687 velle
744 648 934 688 Achillem
965 650 1188 689 Aristarchi
1213 645 1284 703 (1),
1322 664 1449 700 neque
1480 651 1623 689 mirum
1656 653 1716 690 est

155 708 260 759 quod
291 721 314 747 a
342 709 459 747 Festo
490 710 577 758 ipso
611 708 778 758 aliisque
809 709 976 747 testibus
1008 710 1144 747 eadem
1175 710 1382 760 tragoedia
1413 723 1519 748 mero
1551 710 1715 749 Achillis

154 769 311 806 nomine
337 769 509 806 affertur.
538 767 652 807 Certe
679 781 778 817 quae
805 770 960 807 exstant
986 770 1035 806 ad
1060 769 1165 806 idem
1189 768 1329 807 referri
1355 771 1633 820 argumentum
1657 771 1714 808 vi—

155 829 298 866 dentur
324 827 430 877 quod
455 827 639 881 πρεσβείᾳ
665 827 762 879 πρὸς
783 823 955 879 Ἀχιλλέα
981 830 1204 866 continetur
1228 842 1328 878 quae
1349 831 1408 867 est
1434 829 1474 866 in
1501 842 1603 868 nono
1623 830 1714 867 Ilia-

154 887 242 937 dos3
275 900 346 925 nec
371 886 601 937 ambiguum
628 888 687 925 est
712 887 788 925 nisi
813 889 931 937 poeta
959 890 1093 926 utrum
1117 888 1196 926 ista
1221 901 1262 926 se
1288 888 1486 938 legatione
1513 889 1716 927 continue-

155 947 210 984 rit
236 959 286 984 an
313 946 361 984 ab
387 946 513 985 initiis
538 960 663 996 usque
688 946 990 985 inimicitiarum
1015 947 1323 997 Agamemnonis
1351 949 1390 985 et
1414 947 1581 986 Achillis
1607 961 1716 997 repe-

155 1007 275 1044 tierit.
300 1005 422 1044 Velut
446 1006 516 1044 illa
542 1005 589 1044 de
615 1007 830 1044 convocato
855 1007 1002 1056 populo
1030 1001 1094 1060 (1),
1128 1019 1371 1056 quamquam
1397 1008 1517 1045 etiam
1542 1007 1582 1044 in
1614 1021 1716 1046 nono

155 1065 304 1104 habent
330 1078 407 1115 quo
432 1065 655 1103 referantur
680 1060 756 1118 (10
770 1060 887 1118 sqq),
918 1066 1004 1103 fieri
1029 1068 1161 1116 potest
1186 1068 1232 1104 ut
1260 1066 1422 1104 redeant
1454 1066 1503 1104 ad
1536 1079 1581 1104 ea
1615 1079 1717 1115 quae

155 1125 197 1162 in
222 1125 390 1163 secundo
418 1119 504 1177 (50.
527 1120 631 1178 280)
657 1125 783 1163 relata
810 1127 911 1164 sunt.
944 1125 1006 1162 Ab
1031 1126 1092 1164 his
1125 1127 1256 1164 autem
1289 1138 1389 1175 quae
1421 1126 1505 1164 sola
1529 1125 1718 1164 Achillem

155 1183 378 1223 Aristarchi
401 1197 495 1234 prae
522 1197 562 1222 se
588 1184 721 1222 ferunt
747 1179 858 1237 (nam
883 1197 908 1221 x
936 1185 1146 1223 obscurum
1178 1187 1238 1223 est
1268 1198 1339 1223 nec
1371 1187 1478 1223 creat
1509 1185 1718 1223 difficulta-

156 1239 256 1297 tem)
283 1256 352 1282 cur
376 1256 623 1282 secernamus
649 1246 721 1282 aut
741 1256 786 1281 ea
807 1256 907 1293 quae
926 1244 1103 1293 proxime
1122 1245 1278 1293 insequi
1296 1244 1394 1282 iussi
1415 1239 1495 1297 (Π),
1515 1245 1555 1282 in
1577 1244 1718 1293 quibus

158 1303 365 1341 consilium
401 1304 627 1352 principum
664 1304 909 1354 agnoscitur,
948 1306 1017 1342 aut
1055 1316 1101 1341 ea
1140 1317 1241 1353 quae
1278 1304 1430 1354 legatos
1464 1303 1717 1342 admonentes

157 1362 354 1401 Achillem
374 1364 444 1400 aut
461 1363 565 1400 hunc
578 1363 658 1401 illis
673 1363 975 1412 respondentem
986 1363 1231 1413 patefaciunt
1245 1358 1320 1416 (111.
1335 1376 1386 1402 1v.
1401 1376 1437 1402 v.
1452 1375 1504 1402 VI.
1519 1375 1586 1401 vn.
1598 1358 1718 1415 vn1)‘?

275 1422 335 1459 De
366 1421 597 1460 Aristarcho
631 1422 802 1472 Tegeate
833 1423 930 1460 haec
963 1424 1054 1461 sunt
1086 1423 1191 1472 apud
1223 1422 1386 1460 Suidam
1417 1424 1507 1472 post
1538 1435 1584 1460 ea
1617 1435 1719 1471 quae

158 1480 357 1519 mirabilia
383 1481 430 1519 de
457 1494 501 1520 eo
527 1482 708 1520 narravit
734 1476 848 1528 οὗτος
875 1478 916 1519 δὲ
949 1479 969 1520 ὃ
998 1477 1241 1533 Ἀρίσταρχος
1277 1481 1489 1534 σύγχρονος
1520 1476 1570 1532 ἦν
1596 1480 1719 1533 Εὐρι-

158 1539 270 1594 πίδῃ·
297 1536 342 1586 ὃς
368 1545 519 1592 πρῶτος
544 1540 599 1586 εἰς
625 1539 666 1578 τὸ
692 1545 767 1579 νῦν
793 1539 922 1579 αὐτῶν
948 1546 1072 1591 μῆκος
1097 1540 1142 1579 τὰ
1175 1540 1351 1592 δράματα
1385 1538 1624 1590 κατέστησεν,
1655 1539 1720 1578 καὶ

157 1598 309 1645 ἐδίδαξε
347 1597 418 1650 μὲν
450 1599 668 1654 τραγῳδίας
698 1598 987 1651 ἑβδομήκοντα,
1019 1598 1172 1650 ἐνίκησε
1205 1597 1246 1638 δὲ
1278 1600 1364 1639 δύο.
1401 1600 1514 1638 Alias
1547 1599 1720 1638 eiusdem

158 1658 380 1697 Aristarchi
399 1659 624 1710 tragoedias
644 1659 817 1697 Ennium
837 1661 1070 1708 expressisse
1090 1660 1303 1698 verisimile
1323 1673 1400 1698 non
1422 1661 1481 1697 est
1507 1661 1546 1697 et
1571 1660 1719 1709 glossa-

158 1731 247 1756 rum
272 1719 410 1756 auctor
435 1718 484 1757 ab
506 1718 681 1757 Usenero
706 1720 930 1768 protractus
958 1714 1074 1772 (mus.
1096 1719 1219 1757 Rhen.
1239 1731 1368 1758 xxvm
1389 1713 1507 1771 419),
1534 1718 1604 1768 qui
1629 1719 1720 1756 scri-

158 1777 218 1815 bit
243 1778 460 1826 trayoedias
485 1778 644 1817 Ennius
668 1779 748 1826 fere
773 1790 901 1817 omues
927 1791 971 1817 ex
999 1778 1160 1817 Graecis
1185 1779 1394 1823 transtulit,
1413 1778 1612 1827 plurimas
1637 1778 1720 1815 Eu-

158 1838 332 1885 ripideis‚
357 1838 568 1876 nonnullas
592 1837 851 1876 Aristarchiis
875 1838 966 1888 plus
992 1838 1089 1876 dicit
1114 1850 1235 1887 quam
1261 1837 1416 1876 credere
1441 1838 1544 1875 licet.

277 1896 443 1935 Aiacis
468 1897 659 1946 fabulam,
692 1910 791 1946 quae
818 1910 842 1935 a
867 1897 1118 1936 contentione
1143 1897 1277 1935 Aiacis
1305 1898 1344 1934 et
1368 1897 1496 1935 Ulixis
1522 1896 1569 1934 de
1602 1896 1721 1934 armis

160 1955 341 2005 Achillis,
373 1956 406 1994 si
433 1956 592 2005 quidem
616 1969 631 1994 1
655 1957 761 1995 recte
787 1957 980 2005 enarravi,
1013 1956 1063 1994 ad
1094 1969 1229 1994 necem
1258 1969 1379 2005 quam
1405 1956 1479 1995 sibi
1505 1955 1606 1993 Aiax
1633 1968 1721 1993 con-

160 2015 276 2053 scivit
300 2010 379 2068 (Iv)
406 2016 612 2065 pertinuit,
644 2028 690 2053 ex
717 2016 921 2065 Sophoclis
949 2015 1070 2054 Aiace
1102 2016 1262 2054 ductam
1295 2027 1377 2054 esse
1409 2014 1611 2064 probabile
1643 2027 1722 2052 non

162 2075 221 2112 est
246 2076 455 2124 propterea
482 2074 587 2123 quod
612 2074 748 2114 Livius
775 2074 1022 2113 Andronicus
1054 2076 1096 2112 in
1121 2074 1242 2113 Aiace
1267 2075 1526 2124 mastigoforo
1557 2074 1641 2111 tam
1673 2073 1721 2111 ob

160 2134 263 2171 hanc
286 2134 594 2183 inscriptionem,
627 2146 747 2183 quam
780 2133 1019 2183 Sophocleae
1045 2133 1178 2172 Aiacis
1210 2133 1329 2172 fuisse
1362 2131 1553 2178 ὑπόθεσις
1587 2132 1722 2179 tradit,

163 2205 284 2241 quam
309 2194 471 2242 propter
495 2204 525 2229 11
541 2192 585 2229 R.
613 2206 659 2230 ex
685 2192 889 2242 Sophoclis
914 2206 950 2230 v.
980 2193 1091 2230 1266
1104 2204 1159 2241 sq.
1187 2204 1414 2241 expressum
1440 2192 1490 2229 ad
1517 2190 1722 2241 Sophoclis

163 2252 383 2301 exemplum
410 2251 569 2289 videtur
595 2264 634 2290 se
661 2252 934 2301 composuisse.

280 2311 340 2348 Ex
356 2310 516 2349 Alcme
526 2323 609 2349 one
628 2324 728 2360 quae
742 2312 895 2349 restant
906 2323 1035 2360 pauca
1048 2311 1165 2349 unius
1180 2312 1272 2349 sunt
1279 2310 1503 2348 Alcmeonis
1517 2312 1589 2347 aut
1602 2309 1722 2347 verba

163 2372 234 2408 aut
259 2372 408 2420 cantus,
436 2369 504 2419 qui
529 2370 702 2419 primum
723 2365 766 2423 (1.
788 2365 835 2422 11)
862 2369 909 2407 de
936 2382 975 2408 se
1002 2370 1097 2419 quid
1123 2370 1309 2408 acciderit
1334 2372 1373 2407 et
1397 2383 1476 2418 qua
1496 2368 1722 2407 condicione

164 2442 267 2467 nunc
292 2429 342 2467 sit
369 2430 580 2468 adveniens
607 2429 736 2468 nescio
763 2431 827 2467 cui
853 2429 1024 2478 nuntiat,
1051 2428 1190 2466 deinde
1216 2429 1330 2467 furiis
1351 2429 1527 2479 agitatus
1546 2429 1588 2465 in
1609 2440 1724 2466 scena

163 2489 311 2527 clamat
336 2502 381 2527 ea
407 2501 510 2538 quae
536 2489 611 2526 sibi
636 2489 794 2527 videtur
818 2488 962 2536 videre,
988 2488 1110 2527 donec
1134 2490 1266 2526 mente
1295 2490 1453 2538 recepta
1480 2487 1724 2536 conquiescit

165 2541 260 2600 (111).
292 2548 404 2586 Unde
430 2549 589 2586 tantum
613 2547 863 2598 intelligitur,
895 2549 1175 2597 argumentum
1199 2548 1315 2585 huius
1341 2547 1569 2598 tragoediae
1602 2546 1723 2584 fuisse

166 2607 271 2655 quod
296 2607 447 2657 Hygini
472 2607 609 2645 fabula
637 2608 689 2646 73
716 2607 850 2645 tradit.
876 2605 1147 2655 Amphiaraus
1168 2637 1176 2645 .
1198 2638 1203 2644 .
1231 2619 1359 2655 auyur
1384 2608 1451 2654 qui
1477 2607 1590 2645 sciret
1612 2607 1647 2643 si
1672 2605 1724 2642 ad

168 2666 315 2704 Thebas
346 2670 611 2715 oppuyuatwm
641 2668 731 2705 isset
759 2678 798 2704 se
828 2666 918 2704 iude
948 2678 1026 2704 nou
1056 2666 1290 2710 rediturum,
1325 2665 1489 2713 (itaque)
1521 2665 1656 2702 celavit
1684 2675 1724 2701 se

165 2727 318 2764 couscia
349 2726 549 2774 Eriphyle,
581 2727 738 2774 corciuye
774 2737 866 2769 sua,
902 2725 1016 2763 Talai
1046 2726 1143 2771 filia.
1175 2724 1373 2763 Adrastus
1410 2727 1536 2762 autem
1567 2725 1610 2760 ut
1638 2733 1724 2759 eum

164 2785 410 2833 investiyaret
432 2786 572 2824 mouile
603 2796 766 2823 aureum
788 2796 833 2822 ex
854 2785 1014 2833 yemmis
1039 2786 1128 2833 fecit
1147 2787 1180 2822 ct
1197 2785 1349 2822 mmieri
1368 2783 1471 2821 dedit
1487 2782 1611 2819 sorori
1629 2791 1724 2818 suae

166 2843 401 2892 Eriphylae;
426 2856 524 2892 quae
549 2845 642 2883 dorii
661 2844 802 2891 cupida
823 2844 1019 2891 couiuyem
1030 2844 1216 2891 prodidit.
1236 2842 1506 2890 Amphiaraus
1524 2838 1724 2877 Alcmeoni

167 2903 249 2950 fiilio
272 2914 343 2941 suo
361 2905 560 2953 praecepit
583 2907 627 2942 ut
648 2905 740 2953 post
761 2914 876 2941 suam
900 2905 1057 2942 mortem
1074 2914 1224 2954 poenas
1250 2914 1275 2940 a
1298 2902 1420 2939 matre
1451 2901 1723 2948 exsequeretur.

1780 2970 1784 2998 1
