2004 3278
724 186 984 223 ANNALIUM
1008 187 1095 223 LIB.
1115 188 1149 223 H
1591 188 1717 225 CLXV

155 300 281 351 magis
306 299 556 350 perspicuum
580 299 638 349 fit,
671 301 777 350 apud
802 300 979 339 Ennium
1005 313 1161 350 quoque
1188 301 1388 351 duplicem
1412 301 1534 340 fuisse
1560 304 1714 341 senten-

157 360 268 408 tiam,
293 359 334 398 vi
359 371 475 410 agere
501 359 826 409 suesbeluasque
850 372 995 409 omnes,
1025 361 1203 399 homines
1229 360 1363 399 decere
1389 360 1716 410 disceptationem

157 420 196 457 et
227 419 431 457 rationem.
464 418 613 456 Eadem
644 418 819 458 Hersilia
844 420 890 457 fr.
911 431 995 459 nvn
1026 419 1209 458 videatur
1239 420 1449 458 Romulum
1483 421 1522 458 et
1553 421 1715 459 Tatium

158 478 371 527 adhortari,
403 479 448 516 ut
476 478 725 516 concordiam
756 480 903 526 ineant,
935 479 998 516 vel
1025 479 1058 516 si
1083 492 1161 516 non
1188 480 1247 517 est
1271 478 1455 528 Hersilia,
1489 481 1591 518 certe
1619 480 1715 518 haec

157 537 208 575 ad
239 537 375 576 foedus
401 537 571 576 Romulo
604 550 692 575 cum
719 538 809 576 Tito
836 538 952 576 Tatio
983 537 1199 575 ineundum
1231 538 1436 576 referenda
1467 541 1559 577 sunt
1589 552 1716 589 neque

156 598 215 635 est
239 597 322 635 ulla
346 598 387 634 in
413 597 541 635 verbis
568 596 791 635 difficultas.

273 656 364 694 Non
394 657 511 705 plura
542 656 589 694 de
620 655 734 694 bellis
759 655 918 694 Romuli
950 656 1074 694 habeo
1107 669 1207 705 quae
1240 669 1450 705 exponam:
1483 669 1527 694 ac
1558 657 1714 706 parcius

156 715 277 753 etiam
303 715 349 753 de
374 715 490 753 rebus
516 715 623 752 domi
647 715 768 765 gestis
795 715 1002 753 dicendum
1029 716 1120 753 erit:
1147 715 1193 753 de
1214 715 1357 765 quibus
1376 729 1501 753 unum
1519 715 1648 755 Varro
1668 716 1715 754 de

157 775 182 812 1.
202 774 244 812 L.
265 787 291 813 v
313 775 366 812 55
400 774 602 822 indicavit,
634 774 760 812 tribus
787 787 810 812 a
836 775 1006 812 Romulo
1036 775 1242 813 institutas
1269 787 1314 813 ac
1340 774 1612 814 denominatas
1638 776 1716 813 En-

157 835 267 871 nium
300 834 478 884 tetigisse
513 829 630 886 (mx).
665 832 737 871 Cui
770 834 877 882 quod
907 834 1168 883 praemissum
1200 836 1259 871 est
1290 835 1336 872 fr.
1356 847 1455 874 Lvm
1487 836 1715 873 consuetam

155 892 341 931 Romanis
368 894 410 930 in
435 893 550 931 rebus
576 893 755 943 gerendis
780 893 993 931 formulam
1013 893 1199 941 continet,
1225 894 1288 931 cui
1307 895 1455 931 certam
1474 894 1715 932 occasionem

154 952 344 1003 indagare
369 965 446 990 non
472 952 576 1000 licet,
601 965 705 990 nunc
731 952 831 989 nihil
856 952 1022 1001 impedit
1047 953 1258 1002 quominus
1283 954 1374 1002 post
1399 953 1537 991 foedus
1566 954 1714 991 factum

156 1011 205 1050 ad
237 1024 282 1049 ea
314 1024 417 1060 quae
447 1011 643 1050 communi
667 1024 789 1062 regno
815 1011 1076 1060 novabantur,
1107 1013 1149 1049 in
1176 1012 1318 1061 quibus
1344 1012 1471 1050 tribus
1496 1012 1715 1061 institutas,

153 1072 378 1108 referamus.
415 1070 474 1109 De
500 1071 606 1108 Tatii
638 1070 774 1109 fabula
803 1070 893 1110 vide
913 1071 1199 1109 Mommsenurn
1218 1071 1350 1109 Herm.
1371 1083 1441 1108 xxi
1465 1073 1505 1109 et
1524 1073 1592 1120 qui
1612 1085 1715 1109 nunc

154 1143 280 1179 nuper
305 1130 351 1168 de
377 1130 514 1179 priscis
540 1130 719 1168 tribubus
746 1131 828 1180 egit
852 1130 1146 1179 Holzapfelium
1170 1130 1212 1168 in
1239 1130 1278 1168 C.
1299 1131 1341 1168 F.
1363 1130 1582 1168 Lehmanni
1611 1144 1713 1180 sym-

153 1189 253 1228 bolis
272 1202 287 1226 1
307 1184 460 1242 (1901)
480 1203 517 1239 p.
538 1191 632 1227 231.
655 1190 795 1228 Tatius
816 1203 839 1228 a
858 1189 1120 1228 Laurentibus
1140 1191 1367 1228 truncatur:
1387 1190 1461 1228 hac
1482 1190 1713 1240 opportuni-

153 1250 236 1287 tate
260 1249 365 1286 hunc
385 1261 408 1286 a
427 1249 694 1299 grammaticis
714 1250 861 1287 mirum
881 1251 1076 1299 quantum
1095 1250 1395 1298 frequentatum
1414 1261 1571 1287 versum
1590 1261 1611 1287 ο
1635 1250 1716 1288 Tite

154 1311 230 1347 tute
259 1309 346 1346 Tati
377 1309 445 1346 tibi
476 1311 585 1347 tauta
616 1311 780 1357 tyranne
810 1309 933 1347 tulisti
959 1303 1049 1362 (Lx)
1083 1310 1232 1346 elatum
1260 1321 1341 1346 esse
1368 1309 1619 1346 crediderunt
1644 1309 1715 1346 alii

153 1380 277 1417 neque
305 1380 375 1418 ego
407 1367 655 1418 refragabar,
687 1367 754 1406 sed
787 1368 855 1417 qui
886 1369 990 1406 recte
1021 1368 1220 1418 intelliget
1245 1371 1320 1406 tute
1346 1369 1415 1406 tibi
1440 1368 1475 1404 h.
1503 1381 1533 1405 e.
1560 1369 1607 1405 tu
1632 1368 1714 1418 ipse

153 1427 228 1465 tibi
254 1421 360 1479 (eum
391 1429 523 1465 omnia
552 1427 799 1474 suppeditata
830 1428 909 1465 siut
939 1440 964 1465 a
994 1428 1122 1472 nobis,
1154 1430 1229 1465 tute
1261 1428 1330 1465 tibi
1362 1427 1530 1474 defuisse
1560 1428 1716 1466 videare

155 1485 289 1524 Cicero
310 1485 356 1523 de
377 1486 438 1524 off.
452 1499 498 1523 111
515 1488 551 1534 2,
567 1481 612 1539 6)
633 1487 829 1537 coniungi,
850 1485 1034 1525 concedet
1053 1487 1228 1536 potuisse
1246 1488 1287 1523 in
1307 1485 1436 1525 verbis
1457 1486 1578 1524 etiam
1593 1486 1716 1524 alium

154 1558 309 1583 sensum
334 1545 470 1583 inesse.
499 1544 555 1583 Cf.
576 1559 612 1594 p.
635 1557 742 1583 cnm.

273 1605 465 1643 Romulus
497 1606 631 1642 coorta
663 1605 897 1654 tempestate
936 1604 1152 1643 secundum
1190 1605 1390 1642 decretum
1420 1605 1526 1643 Iovis
1553 1599 1716 1658 (xxxix)

154 1664 195 1701 in
217 1662 430 1713 Olympum
459 1663 647 1711 evehitur,
673 1663 813 1702 Martis
835 1663 962 1713 equis:
987 1665 1060 1701 hoc
1081 1665 1185 1702 enim
1204 1664 1360 1702 fluxisse
1380 1677 1426 1701 ex
1445 1664 1574 1702 Ennio
1595 1664 1716 1702 credi-

155 1724 279 1761 derim
306 1723 410 1772 quod
436 1723 628 1761 Horatius
655 1723 851 1773 signifieat
877 1736 994 1761 carm.
1015 1736 1060 1760 111
1083 1724 1119 1771 3,
1143 1724 1195 1761 15
1224 1725 1263 1761 et
1289 1722 1455 1761 Ovidius
1481 1724 1571 1761 fast.
1586 1736 1616 1761 11
1631 1724 1714 1761 495

153 1784 242 1821 hine
267 1785 384 1827 tonat,
409 1784 498 1821 hiric
522 1785 652 1820 missis
678 1784 925 1830 abrumpitur
944 1784 1098 1831 iyuibus
1118 1784 1256 1821 aether.
1281 1784 1326 1830 fit
1346 1785 1462 1832 fuya.-
1486 1795 1554 1821 rem
1571 1784 1717 1830 patriis

154 1845 262 1880 astra
280 1843 434 1889 petebat
458 1844 574 1890 equis.
602 1841 741 1891 Erepti
766 1842 869 1893 regis
895 1841 1131 1880 desiderium
1151 1843 1323 1891 populus
1343 1841 1528 1891 exprimit
1546 1854 1626 1890 LXI,
1646 1842 1717 1891 qui

153 1913 288 1940 versus
307 1900 421 1940 Livio
443 1901 641 1939 obversati
661 1913 743 1940 esse
762 1901 960 1949 videntur,
981 1913 1069 1938 cum
1088 1901 1184 1939 haec
1204 1901 1391 1939 scriberet
1409 1914 1424 1938 1
1446 1902 1512 1949 16,
1529 1902 1552 1939 3
1580 1901 1717 1940 deiude

153 1973 178 1999 a
202 1962 345 2008 paucis
375 1962 487 1999 initio
518 1962 619 2009 facto
652 1961 765 1999 deum
796 1961 864 1999 deo
895 1964 1032 1999 uatum
1061 1972 1187 2009 reyem
1204 1963 1481 2008 parentemque
1505 1961 1615 1998 urbis
1639 1960 1716 1998 Ro-

152 2031 293 2058 manae
325 2020 473 2058 salvere
503 2021 677 2058 universi
705 2020 917 2057 Romulum
947 2021 1100 2066 iubeam·
1123 2032 1262 2067 pacem
1285 2020 1468 2067 precibus
1500 2022 1716 2067 exposcunt,

152 2081 210 2117 uti
228 2080 357 2117 voleus
370 2080 568 2126 propitius
589 2091 703 2116 suam
729 2091 878 2126 semper
901 2080 1056 2126 sospitet
1073 2080 1308 2126 proyeuiem.
1337 2078 1392 2116 Of.
1414 2079 1458 2115 R.
1479 2078 1716 2116 Ehwaldum

153 2138 276 2187 symb.
311 2138 360 2174 ad
384 2138 479 2175 hist:
502 2150 617 2175 carm.
646 2136 759 2176 Ovid.
789 2138 900 2175 1892
928 2151 965 2187 p.
989 2139 1055 2185 12,
1082 2139 1121 2175 et
1147 2149 1266 2186 supra
1286 2152 1321 2187 p.
1342 2149 1411 2174 LXI
1422 2149 1478 2186 sq.
1505 2137 1537 2174 Ε
1557 2137 1716 2175 Proculi

153 2197 247 2234 Iulii
287 2197 463 2235 oratione
507 2198 632 2234 restat
662 2209 757 2234 an.
795 2195 1020 2235 Proximum
1065 2209 1223 2235 versum
1257 2191 1393 2249 (Lxm)
1433 2197 1497 2234 cui
1539 2196 1715 2234 tribuam

153 2256 296 2303 nescio,
322 2268 393 2293 nec
417 2256 589 2293 multum
614 2255 793 2303 interest,
822 2255 897 2293 hoc
921 2256 1055 2293 tamen
1080 2255 1170 2293 inde
1196 2255 1409 2306 colligitur,
1434 2256 1515 2292 iam
1541 2255 1715 2293 Ennium

153 2316 200 2354 de
226 2314 400 2353 Hersilia
424 2314 467 2352 in
491 2315 641 2353 Horam
668 2313 823 2359 Quirini
849 2316 1089 2352 commutata
1115 2314 1316 2363 cecinisse3
1349 2328 1469 2364 quam
1493 2327 1577 2353 rem
1607 2327 1715 2353 more

154 2386 224 2413 suo
244 2374 464 2413 illustravit
490 2372 656 2412 Ovidius
682 2376 773 2412 met.
794 2387 863 2412 XIV
884 2374 967 2411 829
978 2385 1060 2423 sqq.

271 2434 335 2471 De
375 2433 578 2472 secundo
618 2434 782 2471 annali
821 2445 950 2482 pauca
992 2434 1083 2471 sunt
1124 2445 1224 2482 quae
1266 2435 1408 2484 egeant
1451 2433 1712 2482 enarratione,
1731 2459 1766 2478 ca
1790 2458 1835 2477 ,Π

153 2505 239 2530 cum
265 2506 335 2531 nec
357 2493 508 2531 multae
529 2506 575 2531 ex
594 2493 667 2530 hac
686 2494 798 2541 parte
819 2505 889 2530 nec
909 2504 977 2529 eae
997 2493 1078 2530 fere
1099 2493 1341 2531 obscuriores
1360 2492 1554 2542 reliquiae
1580 2505 1715 2543 super-

154 2553 243 2590 sint.
277 2552 414 2589 Trium
447 2551 514 2600 qui
539 2552 753 2591 Romulum
785 2551 967 2601 deinceps
1000 2551 1123 2589 secuti
1155 2553 1249 2590 sunt
1278 2550 1417 2603 regum
1448 2553 1714 2591 Romanorum

154 2615 265 2661 gesta
294 2611 559 2661 perhibentur.
599 2611 657 2649 Ac
685 2611 899 2659 Numam,
938 2623 1053 2659 quem
1085 2623 1201 2661 aegre
1233 2613 1303 2661 qui
1334 2611 1440 2661 sapit
1470 2613 1512 2649 in
1542 2612 1714 2661 primum

154 2671 336 2708 annalem
361 2670 586 2718 inculcabit,
612 2684 735 2707 unum
762 2683 808 2707 ex
832 2669 918 2718 ipso
943 2670 1045 2708 libro
1071 2670 1238 2709 allatum
1262 2671 1528 2721 fragmentum
1550 2664 1628 2722 (IV)
1649 2669 1712 2707 de-

153 2730 297 2779 signat,
327 2730 369 2766 in
401 2742 478 2778 quo
510 2729 625 2767 facile
655 2741 871 2778 sermonem
895 2729 1049 2767 Numae
1075 2742 1272 2780 agnosces,
1305 2730 1374 2779 qui
1399 2729 1574 2767 salubria
1598 2729 1712 2766 insti-

152 2789 242 2826 tuta
261 2788 391 2826 noluit
411 2788 560 2826 aboleri
579 2790 669 2838 post
690 2788 852 2836 obitum,
878 2800 1120 2838 quamquam
1140 2789 1221 2827 eius
1241 2790 1300 2827 rei
1317 2789 1588 2827 testimonium
1609 2787 1713 2836 quod

154 2848 275 2885 sciam
295 2859 374 2885 non
394 2849 533 2895 exstat,
555 2848 650 2897 quin
664 2847 903 2885 Plutarchus
922 2847 964 2884 in
983 2860 1152 2898 compar.
1167 2847 1340 2898 Lycurgi
1360 2849 1399 2885 et
1411 2847 1565 2884 Numae
1586 2858 1615 2884 c.
1632 2847 1671 2894 4,
1686 2847 1708 2883 6

155 2905 201 2944 de
225 2907 343 2945 huius
370 2906 566 2945 institutis
593 2908 652 2944 ait
677 2903 768 2945 οὐδὲ
794 2904 925 2958 ὀλίγον
950 2905 1093 2959 χρόνον
1123 2904 1148 2957 ἡ
1180 2906 1361 2956 καλλίστη
1391 2903 1458 2944 καὶ
1488 2903 1711 2955 δικαιοτάτη
