2004 3278
282 206 424 243 CXLIV
789 205 833 242 H.
859 204 924 242 DE
943 204 1097 242 LIBRIS
1116 204 1349 243 ENNIANIS

280 321 367 358 tum
396 331 562 369 possem,
591 318 813 358 rationibus
847 320 917 357 aut
953 319 1129 358 collecffis
1166 319 1353 370 exemplis
1389 320 1619 360 confirmare
1657 334 1704 360 ea
1739 333 1842 371 quae

281 378 486 416 emendate
516 377 667 416 tradita
698 379 769 417 aut
798 378 921 428 probe
951 380 1128 417 correcta
1157 391 1241 418 esse
1271 378 1370 417 mihi
1399 379 1687 429 persuaderem,
1721 381 1842 430 atque

281 436 440 476 omnino
465 437 599 475 omnia
622 438 664 475 in
689 439 858 487 utraque
883 437 1140 476 adnotatione
1165 437 1393 476 asciscerem
1417 451 1685 489 quaecumque
1711 439 1762 478 ad
1781 441 1842 477 in-

279 496 514 547 telligendos
539 509 674 535 sensus
698 498 840 547 poetae
865 499 905 535 et
929 509 1148 536 sermonem
1180 498 1262 535 eius
1292 499 1399 535 recte
1430 498 1720 537 aestimandum
1751 511 1842 537 con-

280 555 382 593 ferre
411 568 525 605 posse
556 556 796 594 viderentur.
827 556 933 594 Nam
962 557 1056 594 licet
1085 568 1164 594 non
1196 556 1373 595 dubitem
1404 557 1501 606 quin
1531 557 1579 596 de
1609 558 1747 596 multis
1772 557 1843 596 alii

280 615 397 653 aliter
420 615 634 654 iudicaturi
658 616 750 663 sint,
774 617 909 654 tamen
933 615 1033 653 nihil
1058 628 1140 654 esse
1165 615 1304 654 utilius
1328 628 1418 654 reor
1442 616 1493 654 ad
1516 628 1599 654 rem
1618 618 1841 655 controver-

280 685 365 712 sam
391 674 688 724 disceptandam
713 688 834 724 quam
859 676 1028 726 cognitis
1055 675 1196 714 alienis
1220 674 1441 714 rationibus
1466 675 1665 714 dimicare.

739 828 789 866 Π.
822 829 893 867 DE
919 829 1094 867 LIBRIS
1120 828 1380 867 ENNIANIS

398 910 507 957 Quae
538 913 580 950 in
610 912 685 951 hac
715 914 829 962 parte
860 912 1119 962 praefationis
1150 913 1313 962 exposui
1342 924 1421 950 non
1455 912 1574 962 plane
1610 924 1714 952 nova
1750 915 1844 951 sunt

279 983 406 1020 neque
431 983 525 1010 vero
549 983 708 1021 prorsus
733 971 870 1010 eadem
895 984 996 1021 quae
1021 972 1117 1010 olim
1140 973 1182 1009 in
1204 971 1499 1020 Quaestiombus
1517 972 1719 1010 Ennianis
1744 984 1842 1022 quas

278 1031 560 1080 praemiseram
579 1030 626 1068 de
646 1031 888 1082 argumentis
908 1034 948 1068 et
967 1030 1250 1081 compositione
1269 1030 1474 1069 annalium
1492 1030 1673 1081 inprimis
1694 1033 1733 1070 et
1750 1032 1841 1069 reli-

279 1101 446 1139 quorum
471 1090 663 1128 librorum
687 1092 846 1139 praeter
875 1089 1099 1141 tragoedias
1132 1090 1308 1128 disserui.
1340 1089 1399 1128 Ac
1430 1090 1477 1128 de
1508 1090 1724 1141 tragoediis
1756 1091 1842 1139 qui-

279 1148 367 1187 dem
387 1150 428 1187 et
447 1148 682 1198 quibusdam
702 1150 792 1188 aliis
812 1149 935 1197 libris,
954 1151 996 1187 in
1016 1149 1158 1199 quibus
1178 1149 1453 1188 adnotationes
1466 1149 1697 1199 plerumque
1710 1150 1843 1187 ferunt

279 1221 381 1257 quae
406 1209 626 1247 necessaria
652 1210 745 1246 sunt
769 1210 842 1247 aut
866 1209 983 1246 utilia
1008 1208 1059 1246 ad
1083 1221 1167 1246 rem
1192 1208 1470 1247 declarandam
1494 1209 1559 1247 vel
1577 1220 1714 1247 sensus
1732 1210 1842 1258 pate-

279 1267 491 1316 faciendos,
521 1268 634 1306 velut
663 1269 705 1305 in
730 1267 945 1318 tragoediis
972 1267 1122 1306 Graeca
1153 1267 1204 1306 ad
1235 1280 1325 1306 suos
1356 1279 1491 1306 versus
1524 1267 1724 1318 adscripta
1751 1270 1844 1306 sunt

279 1327 424 1375 omnia,
454 1326 528 1364 hac
556 1327 776 1377 generatim
801 1327 1031 1377 disputandi
1061 1340 1181 1377 opera
1213 1327 1296 1365 sine
1331 1327 1567 1366 detrimento
1599 1326 1843 1377 supersederi

278 1387 445 1435 poterat.
483 1385 530 1423 In
556 1386 765 1424 annalibus
791 1386 872 1425 alia
895 1398 975 1424 res:
1000 1398 1241 1435 quamquam
1266 1387 1371 1424 enim
1394 1386 1683 1437 progredientis
1707 1399 1842 1425 narra.-

278 1445 399 1483 tionis
424 1444 570 1483 itinera
594 1445 751 1484 indiciis
770 1445 1069 1496 marginalibus,
1095 1445 1200 1495 quod
1220 1446 1303 1484 eius
1322 1445 1408 1483 fieri
1426 1447 1595 1495 poterat,
1620 1437 1842 1497 significare

278 1505 486 1554 temptavi,
516 1506 650 1543 tamen
674 1505 801 1543 multa
833 1506 925 1543 sunt
955 1506 998 1542 in
1027 1505 1280 1543 restitutione
1310 1506 1448 1556 magni
1473 1506 1601 1554 operis
1627 1505 1675 1543 de
1700 1505 1841 1555 quibus

278 1563 395 1601 fidem
413 1563 541 1602 facere
560 1564 639 1602 nisi
656 1564 894 1602 testimoniis
914 1566 954 1602 et
967 1563 1210 1615 argumentis
1224 1564 1423 1614 expositis,
1441 1565 1674 1614 praesertim
1688 1566 1841 1602 contro-

279 1623 409 1660 versia
432 1624 540 1671 nata,
571 1635 650 1660 non
674 1624 812 1672 possis.
841 1623 982 1673 Itaque
1008 1624 1064 1662 sic
1089 1624 1214 1661 statui
1238 1625 1415 1661 tenorem
1439 1624 1693 1672 narrationis,
1726 1635 1842 1672 quem

279 1682 374 1719 olim
398 1694 469 1731 per
494 1682 671 1732 singulos
697 1682 902 1720 annalium
927 1682 1059 1731 libros,
1085 1682 1217 1731 quoad
1235 1695 1306 1732 per
1323 1682 1513 1731 reliquias
1531 1682 1689 1731 licebat,
1713 1695 1841 1731 perse-

278 1742 391 1779 cutus
412 1753 531 1790 eram,
549 1741 799 1779 retinendum
818 1743 858 1779 et
878 1741 928 1779 ad
947 1741 1125 1780 ordinem
1144 1754 1430 1790 numerumque
1448 1754 1633 1780 versuum
1652 1742 1721 1791 qui
1738 1753 1842 1780 nunc

278 1802 349 1848 est,
374 1813 452 1838 non
477 1800 594 1849 plane
619 1800 725 1838 idem
750 1813 839 1839 cum
863 1802 1074 1851 superiore,
1100 1800 1476 1838 accommodandum
1501 1812 1595 1850 esse,
1620 1800 1687 1840 sed
1711 1801 1771 1839 ita
1796 1802 1843 1838 ut

277 1859 320 1896 in
352 1859 518 1909 singulis
550 1859 744 1908 quaedam
774 1862 1054 1909 resecarentur,
1087 1859 1167 1897 alia
1198 1861 1498 1910 corrigerentur,
1528 1860 1655 1898 multa
1686 1861 1769 1899 sive
1799 1861 1842 1897 in

278 1919 390 1955 textu
416 1919 497 1957 sive
528 1919 571 1956 in
597 1919 851 1957 adnotatione
877 1919 1123 1957 adderentur.
1152 1918 1322 1957 Maxime
1349 1920 1482 1957 autem
1507 1919 1698 1968 quasdam
1723 1931 1840 1969 quae-

279 1978 425 2015 stiones
450 1978 572 2016 lain'us
597 1980 790 2027 patentes,
815 1979 857 2016 in
883 1978 1025 2028 quibus
1052 1980 1121 2016 aut
1147 1991 1170 2016 a
1194 1979 1291 2016 meis
1316 1979 1495 2028 pristinis
1515 1980 1585 2016 aut
1604 1978 1652 2016 ab
1672 1978 1842 2016 aliorum

279 2036 531 2086 opinionibus
565 2037 664 2074 mihi
694 2037 971 2075 discedendum
1006 2049 1088 2076 esse
1126 2036 1227 2086 vidi,
1263 2049 1342 2075 non
1376 2037 1592 2076 detrectavi
1629 2038 1840 2087 quominus

278 2095 559 2144 prolin'oribus
584 2095 918 2146 disputationibus
943 2096 1193 2147 profligarem
1219 2108 1319 2146 quae
1345 2097 1425 2135 suis
1447 2097 1545 2135 locis
1564 2097 1838 2135 insererentur.

397 2154 504 2200 Quae
530 2156 589 2193 ita
620 2157 716 2193 nata
747 2156 850 2204 sunt,
882 2156 1045 2194 dimidio
1078 2156 1234 2194 saeculo
1264 2155 1542 2204 intercedente,
1572 2155 1770 2194 veteribus
1802 2158 1841 2193 et

279 2214 390 2253 novis
409 2216 518 2252 varie
543 2216 648 2253 inter
672 2227 713 2253 se
732 2215 879 2264 mixtis,
904 2227 1018 2253 nemo
1039 2215 1173 2253 credat
1190 2215 1290 2252 mihi
1307 2215 1423 2253 valde
1441 2216 1608 2265 placere,
1633 2227 1703 2253 nec
1722 2216 1839 2253 mira—

278 2274 350 2312 bor
375 2274 475 2312 alios
501 2285 590 2312 cum
613 2275 697 2312 risu
721 2286 767 2312 ea.
793 2276 1082 2324 aspernaturos,
1113 2274 1181 2312 sed
1213 2275 1401 2323 quoniam
1431 2275 1527 2313 haec
1557 2274 1675 2324 plane
1706 2273 1840 2312 abesse

278 2333 401 2381 nolui,
425 2345 558 2371 recens
584 2332 752 2372 scribere
777 2346 857 2372 non
882 2334 1007 2383 potui,
1031 2334 1166 2372 tamen
1190 2333 1249 2371 ita
1273 2334 1408 2383 aliquo
1436 2333 1551 2372 modo
1581 2334 1639 2371 rei
1669 2333 1839 2371 utilitati

278 2393 481 2441 provisum
505 2393 558 2430 iri
580 2394 732 2442 putavi.

397 2451 456 2489 De
481 2451 696 2503 tragoediis
722 2454 762 2490 et
786 2453 925 2490 ceteris
951 2451 1062 2489 libris
1088 2453 1279 2501 quantum
1304 2452 1401 2489 satis
1427 2453 1529 2490 esset
1553 2451 1690 2490 adieci.

400 2510 574 2549 Annales
600 2510 872 2562 duodeviginti
897 2510 1009 2549 libris
1034 2511 1273 2560 compositos
1298 2510 1417 2549 fuisse
1439 2512 1605 2558 constat,
1630 2523 1718 2548 cum
1743 2510 1838 2548 olim

279 2569 438 2617 fuerint,
463 2569 605 2618 quibus
626 2570 970 2621 quadragesimum
988 2570 1176 2607 nimirum
1195 2569 1339 2607 librum
1349 2570 1528 2613 ,levicula
1546 2569 1655 2608 Festi
1669 2563 1726 2620 (p.
1741 2570 1837 2618 340,

281 2629 334 2665 22
345 2628 415 2665 Th.
437 2640 525 2666 ann.
545 2641 588 2666 xl
606 2629 653 2666 fr.
673 2623 707 2682 1)
739 2629 978 2679 corruptela,
1011 2641 1130 2678 quam
1160 2628 1312 2678 pridem
1344 2629 1505 2667 sustulit
1534 2627 1718 2677 Ursinus,
1749 2640 1836 2678 pro-

278 2687 400 2725 baret.
432 2687 531 2725 Rem
561 2687 719 2725 conficit
749 2690 789 2726 et
819 2689 1169 2738 grammaticorum
1199 2688 1418 2736 silentium,
1449 2699 1616 2737 quorum
1646 2700 1761 2725 nemo
1791 2687 1838 2724 li-

278 2745 393 2783 brum
418 2746 525 2784 ultra
543 2746 901 2785 duodevicesimam
920 2748 1071 2796 citavit,
1094 2748 1134 2784 et
1151 2747 1421 2784 testimonium
1439 2746 1642 2785 Diomedis
1661 2740 1717 2799 (p.
1739 2746 1837 2794 484,

281 2806 305 2843 3
319 2800 406 2857 K.):
437 2816 525 2853 epos
554 2805 747 2844 Latinum
770 2807 929 2854 primus
959 2806 1073 2855 dimne
1108 2807 1264 2854 scripsit
1298 2807 1333 2843 is
1370 2807 1437 2854 qui
1472 2817 1533 2844 res
1569 2805 1837 2843 Romanorum

278 2864 404 2902 decem
430 2867 464 2902 et
487 2867 566 2902 octo
592 2859 828 2917 (quindecim
853 2864 962 2903 codd.
988 2865 1029 2902 in
1054 2866 1167 2913 parte
1192 2859 1379 2917 repetita)
1404 2863 1611 2912 'conplexus
1636 2866 1690 2902 est
1714 2864 1836 2908 libris,

278 2924 346 2970 qui
370 2925 404 2960 et
428 2924 590 2962 annales
613 2924 849 2968 scribuntur,
878 2924 980 2972 quod
1002 2924 1246 2972 singulorum
1275 2925 1355 2972 fere
1386 2934 1579 2962 annorum
1610 2926 1718 2961 actus
1749 2934 1834 2961 con-

1996 103 2001 106 ι
1984 0 2004 89 *md
