2054 3282
351 185 434 226 124
1023 177 1222 213 SCENICA

434 302 514 343 Fer
538 302 597 342 mi
622 301 840 355 auxilium,
863 302 1027 355 pestem
1052 298 1177 354 abige
1201 313 1227 340 a
1250 312 1330 353 me,
1354 297 1652 340 flammiferam
1675 297 1787 340 hanc
1809 297 1899 340 vim

1332 383 1441 424 quae
1465 383 1534 410 me
1559 369 1781 411 excruciat.

345 444 402 485 30
434 442 637 484 Caerulea
662 442 868 484 incinctae
893 441 1024 496 angui
1051 439 1263 495 incedunt,
1288 440 1566 482 circumstant
1595 454 1692 482 cum
1717 439 1897 482 ardenti-

1328 511 1408 553 bus
1439 510 1585 553 taedis.

343 644 395 685 31
799 641 982 683 intendit
1007 641 1185 683 crinitus
1210 640 1370 696 Apollo

682 712 840 755 Arcum
867 715 1061 754 auratum
1086 711 1189 754 luna
1214 712 1405 755 innixus:

682 784 819 826 Diana
843 784 978 826 facem
1005 783 1107 825 iacit
1131 798 1156 825 a
1180 783 1310 826 laeva.

342 915 399 956 34
431 914 511 956 Sed
537 914 642 956 mihi
668 929 720 956 ne
746 914 940 969 utiquam
966 927 1040 956 cor
1064 914 1278 956 consentit
1302 928 1398 957 cum
1425 913 1646 956 oculorum
1671 917 1844 969 aspectu

934 1102 1300 1147 ALEXANDER

1110 1209 1127 1243 I

1004 1282 1222 1308 CASSANDRA

339 1329 394 1369 35
608 1331 743 1370 mater
768 1330 943 1385 gravida
967 1345 1116 1385 parere
1142 1345 1186 1372 se
1211 1330 1428 1372 ardentem
1454 1330 1590 1372 facem

426 1399 530 1440 Visa
556 1404 620 1442 est
644 1400 688 1442 in
715 1401 877 1442 somnis
902 1400 1097 1457 Hecuba3
1123 1416 1208 1456 quo
1234 1402 1347 1444 facto
1372 1404 1494 1457 pater

338 1529 412 1572 (333
433 1527 577 1563 iacita
595 1528 696 1564 leva
709 1529 813 1565 Voss.
828 1529 978 1564 AVind.
995 1530 1059 1564 sed
1077 1531 1222 1575 corr.)»:
1237 1530 1270 1550 ⁹⁰
1282 1530 1348 1575 qui
1363 1530 1483 1576 magis
1500 1530 1593 1565 haec
1610 1530 1776 1565 crederet
1791 1529 1822 1564 si
1840 1540 1895 1564 es-

338 1583 428 1623 sent,
450 1592 561 1626 quam
582 1582 757 1617 credebat
776 1583 866 1627 quia
884 1583 1131 1618 videbantur?
1151 1586 1309 1629 apparet
1328 1584 1427 1618 enim
1446 1584 1522 1618 iam
1535 1595 1621 1620 «cor
1640 1594 1724 1618 cum
1744 1584 1895 1628 (corefi

337 1647 382 1668 m.
398 1647 451 1679 pr.
466 1635 569 1670 Voss.
584 1636 618 1670 A
630 1635 757 1682 Vind.)
776 1637 893 1672 oculis
913 1637 1170 1673 consentire».⁷
1292 1637 1395 1672 Idem
1414 1637 1504 1672 ibid.
1525 1640 1579 1679 17,
1595 1640 1638 1671 52
1655 1636 1776 1680 ‘quod
1795 1636 1895 1670 idem

338 1688 521 1734 contingit
545 1689 697 1732 insanis,
717 1691 761 1724 ut
780 1691 818 1725 et
836 1690 1058 1735 incipientes
1083 1690 1204 1725 furere
1230 1690 1395 1725 sentiant
1419 1692 1457 1725 et
1481 1690 1610 1725 dicant
1631 1690 1775 1735 aliquid
1795 1689 1895 1734 quod

336 1752 410 1776 non
429 1742 477 1776 sit
496 1742 535 1776 id
554 1742 673 1778 videri
692 1743 764 1779 sibi
784 1745 822 1778 et
841 1755 925 1779 cum
946 1743 1159 1778 relaxentur
1178 1744 1343 1779 sentiant
1361 1745 1474 1789 atque
1493 1743 1561 1778 illa
1580 1743 1708 1778 dicant
1727 1743 1895 1778 Alcmeo-

336 1795 393 1828 nis
408 1797 480 1840 (34)
495 1796 582 1832 «sed
594 1796 688 1831 mihi
702 1797 864 1842 (dmihi
877 1797 916 1832 in
929 1808 999 1832 ras.
1015 1808 1104 1832 corr.
1119 1797 1223 1832 Voss.
1238 1797 1284 1843 A>
1297 1797 1516 1842 neutiquam
1530 1825 1536 1831 .
1553 1825 1560 1831 .
1577 1825 1584 1831 .
1600 1797 1803 1842 aspectu»)

336 1847 437 1882 Idem
456 1848 545 1883 ibid.
565 1853 620 1893 27,
635 1853 681 1885 88
700 1850 805 1885 ‘cum
824 1852 1058 1896 experrectus
1077 1852 1175 1886 esset
1193 1851 1334 1885 Ennius
1354 1862 1428 1885 non
1447 1850 1588 1885 diceret
1607 1861 1646 1885 se
1664 1850 1803 1884 vidisse
1820 1850 1893 1885 Ho—

336 1912 485 1944 merum,
507 1903 573 1937 sed
591 1903 734 1939 «visum
753 1914 856 1940 esse»
875 1906 974 1949 (ann.
991 1906 1036 1950 6),
1056 1904 1208 1939 Alcmeo
1228 1906 1353 1940 autem
1373 1904 1462 1940 «sed
1482 1932 1488 1938 .
1506 1932 1512 1938 .
1530 1933 1536 1938 .
1558 1904 1791 1939 consentit».’

337 1955 465 1990 Festus
484 1968 519 2001 p.
537 1960 615 2000 166,
631 1961 651 1992 5
666 1957 731 1992 Th.
756 1957 1012 2005 ‘lneutiquam
1030 1969 1097 2003 pro
1118 1979 1162 1984 —-
1183 1979 1226 1983 —
1243 1958 1247 2005 Ι
1266 1969 1349 1992 cum
1368 1958 1423 1992 ait
1442 1957 1530 1994 «sed
1551 1978 1593 1983 —
1616 1978 1659 1983 -——
1676 1957 1681 2004 l
1697 1957 1817 1992 lorum
1837 1967 1894 1992 as-

336 2010 421 2053 pect
435 2010 534 2045 —».'
556 2010 694 2046 Paulus
710 2011 948 2055 ‘neutiquam
967 2022 1034 2056 pro
1054 2011 1156 2047 nullo
1175 2012 1313 2047 modo.'

453 2092 751 2128 ALEXANDER
787 2093 804 2128 Ι
823 2095 895 2140 (35)
925 2094 1051 2129 Cicero
1071 2094 1118 2129 de
1137 2094 1208 2129 div.
1226 2108 1240 2128 1
1260 2098 1315 2136 21,
1330 2098 1375 2128 42
1392 2093 1505 2129 ‘haec
1524 2094 1639 2129 etiam
1652 2093 1683 2128 si
1702 2093 1790 2128 fieta
1809 2094 1895 2128 sunt

338 2155 359 2178 a
378 2147 488 2189 pocta
507 2158 581 2181 non
601 2147 737 2183 absunt
754 2149 880 2183 tamen
901 2158 923 2183 a
946 2147 1212 2183 consuetudine
1232 2148 1466 2183 somniorum.
1489 2148 1539 2183 sit
1557 2158 1646 2183 sane
1666 2147 1780 2182 etiam
1799 2146 1893 2182 illud

330 2329 498 2364 prooem.
520 2316 625 2367 1887
632 2315 710 2370 s88
725 2332 768 2367 p.
786 2328 834 2367 7‚·
861 2331 905 2358 ex
926 2319 1229 2358 Vindobonensis
1254 2321 1422 2358 correcta
1446 2320 1641 2367 scriptura
1659 2319 1756 2358 nihil
1775 2320 1893 2367 effici-

338 2377 477 2414 endum
497 2380 551 2416 est
657 2380 713 2418 30
735 2378 922 2418 Caeruleo
938 2409 945 2417 .
961 2410 968 2416 .
984 2380 1105 2430 angui
1121 2378 1321 2422 Columna,
1340 2379 1408 2416 sed
1427 2390 1471 2416 ex
1490 2379 1689 2416 caeruleae
1703 2373 1894 2431 (cerulee)

338 2435 522 2473 librorum
547 2439 685 2477 rectius
711 2439 892 2477 caerulea
917 2439 1084 2486 efficitur
1224 2437 1282 2485 Cf.
1307 2436 1383 2476 Cic.
1404 2438 1451 2475 de
1469 2439 1536 2485 lcy.
1551 2450 1565 2474 1
1586 2447 1646 2487 14,
1663 2447 1718 2485 40
1742 2438 1895 2488 agitent

336 2494 652 2545 insectenturque
671 2498 798 2536 furiae
816 2510 895 2536 non
916 2497 1144 2536 ardentibus
1163 2496 1300 2545 taedis,
1321 2496 1422 2535 sicut
1440 2496 1482 2534 in
1495 2496 1652 2546 fabulis,
1666 2497 1733 2535 sed
1748 2508 1894 2547 angore

338 2555 596 2593 conscientiae
604 2569 618 2601 ,·
639 2557 737 2594 idem
757 2569 834 2604 pro
853 2557 964 2595 Roso.
979 2555 1067 2594 Am.
1086 2565 1152 2604 24,
1167 2554 1233 2592 66.
1250 2554 1318 2603 67,
1337 2557 1380 2594 m
1398 2555 1528 2593 Pison.
1549 2564 1614 2603 20,
1633 2554 1713 2602 46‚·
1731 2567 1894 2603 quorum

336 2624 480 2651 memor
496 2614 574 2661 fuit
590 2614 794 2654 Suetonius
806 2615 854 2653 N
850 2628 899 2654 cr.
916 2625 971 2663 34
1082 2616 1134 2653 31
1159 2615 1322 2654 Versum
1338 2626 1520 2653 manowm
1539 2625 1618 2652 esse
1635 2614 1894 2652 Buechelerus

337 2673 503 2718 censuit;
528 2674 622 2712 addi
640 2675 814 2722 potuisse
837 2675 923 2713 Hac
948 2676 1010 2713 eui
1027 2675 1273 2723 responderet
1290 2686 1315 2712 a
1332 2674 1447 2712 laeva
1466 2674 1605 2721 scripsi
1623 2674 1647 2711 l.
1661 2685 1691 2711 s.
1705 2685 1734 2711 s.
1749 2685 1791 2721 p.
1808 2683 1834 2720 4
1853 2685 1891 2711 n.

335 2731 462 2779 «ibique
480 2732 576 2770 luna
595 2745 620 2772 a
638 2733 834 2772 Ribbeckii
852 2734 1154 2773 dubitationibus
1178 2734 1376 2772 vindicare
1401 2733 1534 2771 studui
1653 2733 1708 2770 34
1732 2733 1892 2782 aspectu

336 2792 439 2828 truci
456 2792 580 2839 fuisse
598 2794 754 2830 coniecit
770 2792 999 2831 Ribbeckius
1019 2793 1098 2831 coll.
1111 2793 1254 2832 Pacuv.
1270 2804 1302 2830 v
1320 2801 1343 2838 3
1455 2791 1509 2830 35
1531 2790 1632 2836 Quia
1650 2793 1778 2829 mater
1791 2792 1892 2835 libr-i,

336 2850 403 2887 sed
422 2850 517 2899 quia
538 2849 731 2889 Ciceronis
749 2852 911 2895 videtur,
924 2854 1042 2899 poeta
1059 2853 1225 2899 fortasse
1242 2863 1331 2890 mea
1349 2852 1477 2889 mater
1487 2853 1675 2898 posuerat
1787 2863 1832 2888 ex
1852 2862 1892 2888 se

335 2907 594 2951 Buechelerus
738 2910 796 2960 Of.
816 2910 962 2960 quin.
982 2911 1060 2959 fab.
1083 2920 1132 2960 91
1158 2923 1255 2951 uxor
1280 2911 1362 2950 eius
1389 2904 1578 2963 (Priami)
1602 2921 1825 2960 praegnans
1849 2910 1892 2947 in

2007 3210 2042 3282 m.
