2020 3334
824 207 872 242 M.
894 207 1063 244 CICERO
1630 211 1726 246 XLV

167 322 281 358 exstet
300 320 529 367 eloquentem
547 319 669 366 fuisse
689 321 723 356 et
740 320 796 357 ita
816 331 893 358 esse
912 321 1096 365 habitum,
1109 322 1266 369 primus
1290 325 1343 360 est
1361 323 1420 360 M.
1438 321 1638 361 Cornelius
1660 322 1727 362 Ce-

166 380 309 427 11169113,
334 379 444 417 cuius
470 378 703 426 eloquentiae
729 381 783 416 est
807 382 952 423 auctor,
983 382 1016 417 et
1041 380 1201 419 idoneus
1232 382 1385 429 quidem
1414 394 1500 420 mea
1529 384 1727 427 sententia,

168 438 210 487 Q.
224 438 395 482 Ennius,
406 438 640 485 praesertim
660 448 746 475 cum
766 440 799 475 et
816 438 898 484 ipse
917 450 1003 476 eum
1022 439 1215 478 audiverit
1233 443 1267 478 et
1283 442 1427 479 scribat
1439 441 1485 480 de
1496 444 1666 479 mortuo:
1684 453 1728 479 ca

167 508 239 545 quo
263 497 376 535 nulla
405 497 574 544 suspicio
606 498 660 534 est
689 497 882 534 amicitiae
915 509 1035 535 eausa
1067 509 1145 536 esse
1174 500 1383 538 mentitum.
1422 501 1496 538 Est
1524 502 1644 548 iqitur
1673 503 1728 538 sic

167 556 274 604 apud
298 556 412 594 illum
434 557 478 594 in
502 566 603 593 nono
628 557 672 593 ut
695 556 833 602 opinor
858 556 996 594 annali
1021 552 1210 594 ‘Additur
1242 555 1387 595 orator'
1414 571 1480 608 eqs
1501 555 1591 610 [1v].
1623 559 1727 597 Raro

168 615 345 665 exemplo
367 616 548 653 accurate
567 615 697 652 locum
715 614 878 663 indicat,
904 627 996 652 nam
1017 616 1121 663 quod
1142 616 1252 654 addit
1270 620 1313 654 ut
1331 619 1479 664 opinor,
1498 619 1585 655 vult
1605 619 1729 656 videri

167 675 263 712 haec
287 687 333 712 ex
357 675 549 712 memoria
580 673 736 722 afferre,
768 675 808 711 et
839 673 889 711 ad
919 686 1002 711 rem
1033 674 1268 723 pertinebat,
1299 677 1345 713 ut
1371 678 1584 715 auctoritas
1609 677 1730 715 Ennii

168 734 378 782 constaret,
398 746 474 783 quo
507 745 553 771 ea
577 733 663 771 loco
690 733 838 781 scripta
862 733 1096 782 legerentur.
1131 733 1431 783 Subsequuntur
1455 748 1601 784 versus,
1627 748 1728 774 com-

168 794 300 843 plures
326 805 500 841 numero,
526 804 604 830 non
629 792 744 841 plene
771 791 919 841 scripti,
946 792 1013 830 sed
1038 793 1083 830 ut
1108 794 1254 831 assolet
1282 793 1515 842 quibusdam
1536 795 1582 832 de
1601 795 1729 833 medio

168 852 456 901 praetermissis
478 847 543 904 (de
564 864 642 900 qua
661 864 703 889 re
722 864 844 900 prave
865 863 888 888 a
906 851 1107 890 nonnullis
1127 852 1345 890 iudicatum
1360 848 1448 905 est),
1469 866 1538 891 nec
1554 855 1731 892 continui

170 911 237 950 sed
273 924 343 961 per
378 912 530 961 partes,
567 911 784 948 interiectis
821 911 870 948 iis
909 910 1051 959 quibus
1085 909 1218 949 Cicero
1256 913 1337 950 vim
1371 912 1579 950 verborum
1610 914 1730 951 inter-

168 970 361 1020 pretando
394 970 604 1020 explanare
636 971 676 1008 et
706 971 748 1007 in
780 970 907 1007 lucem
937 970 1077 1008 tollere
1110 971 1251 1008 studet.
1285 971 1380 1009 Eius
1405 973 1530 1022 igitur
1556 971 1729 1022 Cethegi,

170 1042 287 1079 quem
323 1031 542 1079 principem
580 1029 700 1067 fuisse
739 1029 987 1078 eloquentiae
1026 1031 1195 1078 constet,
1232 1031 1412 1080 tempora
1443 1031 1579 1069 definit
1610 1033 1649 1069 et
1680 1031 1729 1068 ad

170 1089 420 1138 quorundam
450 1090 658 1137 poetarum
690 1089 840 1126 aetates
873 1089 1033 1126 confert.
1068 1088 1144 1126 Sed
1175 1101 1198 1126 a
1231 1088 1401 1140 Cethego
1439 1091 1639 1139 proximus
1672 1092 1731 1128 est

169 1149 220 1186 M.
250 1147 346 1186 Cato
379 1142 467 1201 (15,
489 1145 580 1199 61),
618 1149 727 1186 cuius
766 1148 1035 1197 eloquentiam
1071 1148 1208 1187 multis
1246 1148 1427 1187 laudibus
1464 1150 1730 1198 prosequitur,

170 1220 412 1256 quamquam
450 1207 628 1246 concedit
659 1203 944 1256 ‘quaerendum
976 1219 1057 1246 esse
1090 1208 1242 1256 aliquid
1272 1204 1500 1257 perfectius'
1534 1203 1622 1260 (18,
1644 1204 1729 1261 69).

169 1267 320 1304 Deinde
353 1261 441 1320 (18,
464 1261 537 1319 71)
568 1267 627 1304 ita
658 1267 790 1316 pergit
819 1267 919 1304 nihil
944 1269 998 1305 est
1028 1268 1129 1305 enim
1158 1268 1276 1305 simul
1307 1271 1341 1305 et
1368 1268 1564 1305 inventum
1589 1271 1623 1306 et
1639 1279 1730 1315 per-

169 1327 327 1374 fectum:
357 1338 425 1364 nec
455 1326 627 1364 dubitari
658 1326 764 1364 debet
793 1327 887 1374 quin
917 1327 1065 1374 fuerint
1095 1329 1181 1364 ante
1206 1327 1421 1365 Homerum
1444 1329 1601 1374 poetae;
1631 1328 1732 1375 quod

171 1397 215 1423 ecc
246 1387 299 1423 eis
330 1386 569 1423 carminibus
600 1385 766 1433 intelleqi
789 1387 925 1432 potest,
956 1397 1053 1432 quae
1085 1385 1192 1432 apud
1216 1386 1328 1423 illum
1343 1415 1371 1423 ..
1391 1388 1596 1424 canuntur.
1630 1386 1731 1434 Quid

169 1446 292 1482 nostri
322 1447 461 1482 veteres
492 1455 625 1482 versus
656 1444 724 1481 ubi
753 1446 860 1488 sunt,
892 1440 1000 1491 ‘quos
1032 1445 1123 1482 olim
1153 1445 1290 1483 Fauni
1325 1448 1502 1493 vatesque
1533 1446 1731 1490 canebant,

171 1515 258 1541 cum
293 1515 414 1551 neque
450 1504 665 1541 Musarum
701 1503 892 1550 scopulos,
935 1515 1003 1541 nec
1040 1503 1132 1542 dicti
1167 1504 1363 1542 studiosus
1406 1506 1611 1552 quisquam
1651 1507 1732 1542 erat

172 1565 261 1600 ante
291 1558 420 1606 liunc',
452 1564 508 1600 ait
537 1563 619 1610 ipse
649 1563 694 1600 de
724 1574 764 1600 36
794 1574 862 1600 nec
891 1563 1074 1600 mentitur
1103 1564 1146 1600 in
1174 1563 1400 1611 qloriando:
1435 1565 1491 1601 sic
1522 1565 1624 1601 enim
1653 1575 1732 1601 3636

170 1633 231 1659 res
268 1622 399 1668 habet,·
440 1633 535 1659 nam
572 1623 606 1659 et
639 1621 804 1669 Odyssia
840 1621 991 1659 Latina
1028 1624 1082 1659 cst
1115 1623 1172 1660 sic
1208 1624 1406 1670 tamquam
1442 1633 1537 1670 opus
1575 1623 1732 1670 aliquod

171 1681 355 1725 Daedali,
387 1683 421 1718 et
444 1680 641 1719 Livianae
671 1681 830 1728 fabulae
860 1691 938 1718 non
968 1682 1064 1719 satis
1093 1681 1233 1729 diqnae
1258 1693 1355 1729 quae
1380 1683 1519 1719 iterum
1544 1682 1731 1730 leqantur.

170 1739 292 1788 Atqui
334 1741 395 1778 hic
436 1740 579 1778 Livius
615 1741 773 1787 primus
815 1740 993 1787 fabulam
1033 1739 1073 1778 O.
1108 1739 1278 1778 Claudio
1316 1741 1375 1778 M.
1411 1741 1603 1779 Tuditano
1640 1752 1732 1779 coss.

171 1800 300 1837 docuit
330 1811 407 1848 eqs.
451 1798 510 1836 Ac
548 1799 687 1837 deinde
725 1800 991 1837 controversia
1029 1799 1075 1837 de
1112 1798 1354 1848 temporibus
1392 1801 1598 1848 poetarum
1634 1801 1732 1849 pris-

173 1871 324 1906 corum,
362 1871 483 1908 quam
520 1871 591 1909 ego
629 1871 732 1896 nunc
770 1871 848 1896 non
886 1859 1051 1908 attingo.
1114 1858 1161 1896 In
1192 1859 1272 1897 illis
1303 1871 1436 1897 rursus
1467 1859 1540 1897 illa
1569 1859 1733 1897 Homeri

173 1919 213 1955 et
242 1918 364 1955 Ennii
395 1919 650 1967 comparatio,
682 1919 774 1956 ante
806 1929 902 1966 quos
935 1918 1006 1956 alii
1036 1918 1185 1955 suerint
1214 1919 1366 1967 poetae,
1399 1918 1540 1967 quibus
1570 1920 1733 1967 uterque

173 1978 350 2026 superior
393 1978 454 2015 sit.
505 1977 653 2015 Versus
698 1979 830 2015 autem
872 1977 994 2015 Ennii
1037 1977 1213 2015 citantur
1255 1979 1352 2026 tres,
1395 1978 1526 2015 nullus
1569 1978 1733 2028 integer,

173 2049 300 2085 neque
332 2037 509 2075 continui
541 2049 581 2075 se
613 2037 861 2086 excipientes,
894 2036 960 2074 sed
990 2037 1150 2074 tantum
1181 2037 1227 2074 ut
1257 2036 1447 2074 indicium
1477 2036 1549 2074 fiat
1580 2037 1733 2074 senten·

173 2097 337 2133 tiarum:
370 2095 511 2145 quibus
543 2097 665 2133 etiam
696 2097 860 2144 quartus
893 2096 1043 2133 accedit
1072 2106 1142 2133 nos
1174 2097 1263 2133 ausi
1293 2107 1463 2133 reserare
1494 2108 1540 2133 ex
1566 2096 1733 2134 oratoris

174 2155 259 2193 loco
291 2149 381 2207 (51,
403 2149 506 2206 171)
545 2167 661 2203 quem
699 2167 817 2204 supra
847 2155 974 2204 tetigi.
1038 2154 1114 2192 Sed
1136 2155 1193 2192 ut
1223 2154 1374 2192 fatetur
1405 2154 1577 2192 Ennium
1607 2154 1733 2192 multo

176 2227 257 2252 esse
288 2215 372 2251 tam
405 2213 573 2262 Odyssia
603 2213 711 2250 Livii
743 2225 861 2262 quam
892 2213 1038 2251 fabulis
1070 2214 1152 2251 eius
1184 2214 1441 2262 superiorem,
1471 2214 1531 2251 ita
1563 2215 1733 2252 excussis

175 2274 398 2322 temporum
429 2272 663 2320 rationibus,
694 2272 744 2310 ad
776 2285 875 2321 quas
908 2285 947 2310 se
972 2271 1079 2310 Livii
1110 2284 1228 2310 causa
1259 2272 1389 2322 abripi
1419 2284 1556 2321 passus
1582 2275 1651 2321 est,
1684 2273 1734 2310 ad

176 2332 339 2370 eandem
377 2332 614 2370 sententiam
650 2331 827 2381 relapsus
863 2330 1059 2369 Naevium
1095 2332 1240 2379 tamen,
1279 2332 1348 2380 qui
1385 2333 1444 2370 est
1481 2332 1581 2369 alter
1617 2334 1733 2381 poeta

176 2391 304 2429 Ennio
338 2392 468 2429 aetate
499 2392 609 2440 prior
649 2392 688 2428 et
719 2403 795 2439 quo
827 2391 895 2428 ille
927 2403 966 2429 se
998 2391 1239 2440 superiorem
1269 2390 1529 2439 praedicarat,
1570 2391 1619 2429 ab
1652 2392 1733 2429 eius

175 2451 474 2500 reprehensione
511 2451 638 2488 tutari
674 2451 860 2488 instituit.
925 2449 988 2487 Sic
1025 2451 1130 2488 enim
1166 2450 1344 2498 loquitur
1374 2444 1463 2502 (19,
1491 2444 1583 2503 75):
1624 2453 1734 2497 atque

175 2512 328 2548 utinam
358 2512 549 2548 exstarent
578 2509 650 2548 illa
681 2510 858 2548 carmina
883 2520 981 2557 quae
1005 2510 1136 2547 multis
1163 2510 1299 2548 saeclis
1325 2512 1412 2548 ante
1435 2521 1550 2548 suam
1574 2512 1733 2547 aetatem

176 2570 220 2607 in
263 2565 387 2617 epuli-s
431 2580 509 2607 esse
545 2570 732 2607 cantitata
768 2581 793 2607 a
829 2569 995 2617 sinqulis
1038 2570 1207 2607 convivis
1247 2569 1294 2607 de
1330 2569 1525 2607 clarorum
1561 2570 1733 2606 virorum

177 2629 360 2666 laudibus
390 2629 434 2666 in
471 2629 685 2677 oriqinibus
721 2630 908 2675 scriptum
944 2628 1099 2676 reliquit
1137 2627 1241 2666 Cato.
1283 2628 1428 2666 Tamen
1463 2628 1587 2671 illius,
1624 2639 1734 2674 quem

177 2689 220 2725 in
257 2688 409 2725 vatibus
453 2690 486 2725 et
523 2688 678 2725 Faunis
722 2688 954 2725 adnumerat
990 2688 1165 2731 Ennius,
1209 2687 1348 2725 bellum
1387 2687 1579 2725 Punicum
1621 2687 1733 2733 quasi

178 2747 360 2795 Myronis
391 2758 487 2794 opus
518 2747 685 2785 delectat.
733 2746 794 2784 Sit
823 2747 981 2784 Ennius
1011 2758 1106 2784 sane
1136 2749 1179 2784 ut
1210 2749 1263 2783 est
1293 2748 1387 2785 certe
1411 2746 1637 2793 perfectior:
1667 2745 1732 2791 qui

178 2807 213 2843 si
242 2807 354 2844 illum
386 2808 429 2843 ut
456 2807 617 2844 simulat
641 2807 899 2849 contemneret,
929 2817 1007 2843 non
1033 2807 1162 2843 omnia
1189 2806 1287 2843 bella
1308 2815 1539 2852 persequens
1556 2804 1732 2850 primum

177 2865 277 2902 illud
307 2865 499 2903 Punicum
530 2867 762 2903 acerrimum
793 2865 932 2902 bellum
967 2865 1191 2912 reliquisset.
1229 2864 1304 2901 Sed
1339 2865 1420 2910 ipse
1457 2862 1559 2906 dicit,
1592 2873 1661 2899 cur
1691 2861 1733 2898 id

179 2925 310 2973 faciat.
356 2921 579 2972 ‘Scripsere’
618 2925 745 2972 inquit
782 2921 868 2962 ‘alil
911 2936 991 2962 rem
1033 2920 1235 2967 versibus’,
1278 2925 1311 2961 et
1353 2922 1538 2960 luculente
1580 2920 1732 2969 quidem
