2004 3278
871 200 1071 236 SERVsUS
1662 206 1738 241 CIX

180 310 255 348 hoc
281 322 436 359 quoque
460 309 547 347 loco
569 309 761 360 Servium,
786 313 831 350 ut
856 325 976 362 supra
994 326 1009 350 1
1030 315 1113 351 224
1133 315 1175 352 111
1199 313 1498 355 Andromachae
1524 329 1650 365 versu,
1676 330 1738 356 ac—

182 369 405 408 cusativum
442 369 530 407 deos
568 371 653 407 aevi
683 371 849 418 inteyros
881 384 926 408 ex
958 372 1079 410 Ennii
1109 386 1225 411 versu
1255 376 1474 414 retinuisse.
1515 375 1571 414 Of.
1598 378 1671 414 inc.
1700 378 1736 415 6.

180 428 303 466 Porro
328 440 371 466 1x
392 429 475 466 399
503 428 661 466 Ermius
688 425 882 476 ‘festivum
900 432 1086 478 festinant
1109 429 1223 470 diem’
1246 429 1335 484 [XL]
1357 436 1397 472 et
1415 448 1456 473 v1
1477 436 1558 473 686
1579 436 1739 474 Ennius

181 488 226 525 de
246 488 453 526 dormiente
474 483 738 535 ‘inprimitque
757 500 877 536 yenae
899 487 1052 537 yenam'
1081 485 1203 541 [XLI];
1229 494 1427 540 postremo
1453 506 1478 530 x
1502 495 1554 532 10
1580 495 1739 533 Ennius

182 543 283 595 ‘quis
308 549 341 585 te
359 543 572 595 persuasit'
603 544 693 595 [inc.
715 543 773 597 4],
806 560 921 596 quem
946 550 1079 586 utrum
1105 551 1249 587 scenici
1275 563 1409 590 versus
1443 565 1492 590 an
1522 553 1739 591 hexametri

179 607 334 655 partem
360 605 467 644 dicas
494 606 690 643 incertum
715 607 785 644 est.

302 663 616 703 Commentarius
643 664 693 703 ad
717 664 897 703 bucolica
922 666 998 703 duo
1025 667 1195 704 frustula
1220 667 1403 706 Enniana
1428 671 1598 719 sustulit,
1626 673 1662 719 9,
1684 672 1736 709 23

179 725 279 762 inter
305 725 497 773 ayendum
517 754 525 762 .
547 754 555 762 .
576 755 584 762 .
610 724 769 762 Ennius
790 721 904 762 ‘inter
915 723 1155 772 ponendum'
1179 722 1270 777 [inc.
1294 723 1338 778 2]
1360 730 1399 765 et
1421 730 1485 776 10,
1509 731 1561 766 10
1582 730 1739 768 Ennius

181 785 239 821 ait
263 780 462 832 ‘indiynas
493 780 634 822 turres-²
667 783 710 821 id
741 786 795 822 est
824 795 988 832 maynas
1023 780 1115 835 [inc.
1138 783 1200 834 6],
1232 787 1465 835 poteratque
1495 788 1599 836 quod
1626 789 1662 838 3,
1684 789 1736 826 69

180 843 468 892 interpretatur
498 854 715 891 congessere
744 843 996 889 nidificavere
1024 845 1201 893 exemplo
1228 845 1408 883 Enniano
1441 846 1488 883 de
1513 848 1656 885 saturis
1685 848 1737 885 23

179 901 419 940 confirmare.
447 901 559 948 Quod
584 915 677 940 vero
705 902 742 951 8,
766 903 818 940 12
846 904 983 940 narrat
1010 897 1204 956 (Lemov.)
1230 904 1371 942 hedera
1394 905 1478 943 ideo
1503 909 1738 944 coronantur

171 964 320 1008 poetae,
345 963 529 1010 quoniam
546 964 683 1009 poetas
707 973 821 1009 saepe
844 963 935 999 vino
954 962 1128 1009 plurimo
1153 964 1402 1011 manifestum
1427 967 1480 1002 est
1497 966 1565 1009 uti,
1590 966 1689 1003 sicut
1707 968 1741 1003 et

180 1020 225 1059 de
244 1020 377 1059 Ennio
404 1022 460 1059 ait
478 1021 671 1058 Horatius
691 1015 769 1073 (ep.
791 1033 805 1058 1
827 1022 893 1069 19,
917 1015 960 1073 7)
988 1023 1022 1059 et
1045 1021 1158 1069 lyrici
1183 1033 1311 1060 omnes
1336 1024 1378 1061 in
1400 1024 1483 1061 suis
1503 1025 1740 1062 carminibus

177 1079 387 1127 loquuntur
411 1079 624 1118 Horatium
649 1081 811 1129 propius
838 1093 957 1129 quam
983 1080 1157 1118 Ennium
1182 1082 1356 1132 attingit.

297 1138 431 1190 Longe
457 1139 616 1177 uberior
642 1140 701 1177 est
727 1140 1032 1178 commentarius
1057 1141 1100 1177 in
1126 1141 1309 1191 georgica
1336 1142 1403 1189 qui
1429 1142 1469 1179 et
1489 1142 1601 1179 affert
1621 1142 1739 1179 Enni-

179 1210 256 1236 ana
280 1211 359 1236 non
385 1211 512 1248 pauca
538 1200 577 1237 et
603 1198 717 1239 affert
741 1200 897 1237 ratione
917 1211 940 1236 a
959 1201 1241 1237 commentario
1261 1199 1456 1238 Aeneidos
1476 1200 1581 1238 haud
1600 1201 1741 1239 leviter

179 1257 345 1296 diversa.
373 1258 532 1296 Etenim
558 1271 604 1296 ex
630 1258 837 1296 annalibus
863 1259 1001 1308 petita,
1028 1271 1194 1308 quorum
1215 1260 1274 1297 est
1292 1271 1383 1308 pars
1403 1260 1578 1307 minima,
1605 1272 1739 1308 quam-

179 1329 298 1365 quam
322 1318 514 1355 nonnulla
540 1318 623 1356 solo
650 1318 771 1355 Ennii
796 1319 954 1355 nomine
980 1318 1215 1366 afferuntur,
1241 1319 1428 1368 pleraque
1454 1318 1643 1356 librorum
1669 1333 1739 1356 nu-

178 1388 304 1414 meros
326 1376 480 1415 additos
500 1376 657 1415 habent.
685 1377 793 1422 Quae
812 1377 986 1415 breviter
1004 1377 1078 1415 hoc
1098 1377 1234 1415 ordine
1253 1390 1445 1415 recenseo.
1472 1390 1513 1416 1v
1534 1378 1586 1415 59
1609 1372 1737 1430 (Vat.)

176 1447 273 1473 nare
290 1447 368 1483 pro
393 1436 524 1474 votare
550 1437 657 1484 apud
682 1437 861 1474 Ennium
885 1438 929 1474 in
946 1438 1078 1484 primo
1106 1432 1211 1487 [xvi]
1239 1433 1475 1475 ‘transnavit
1498 1438 1574 1475 cita
1591 1448 1666 1484 per
1691 1440 1740 1474 te-

176 1506 292 1533 neras
323 1495 503 1543 caliginis
535 1492 682 1534 auras.’
718 1495 794 1540 Qui
825 1508 959 1534 versus
992 1496 1066 1533 hoc
1095 1496 1253 1533 tantum
1285 1496 1370 1533 loco
1400 1496 1563 1546 legitur:
1596 1496 1642 1533 de
1667 1509 1740 1534 usu

177 1553 288 1591 verbi
312 1557 471 1593 tranare
492 1554 650 1593 Servius
675 1556 718 1592 in
743 1554 840 1593 Aen.
861 1568 902 1594 1v
924 1556 1005 1594 245
1034 1556 1211 1603 loquitur
1235 1555 1309 1593 hoc
1334 1568 1449 1593 versu
1469 1556 1740 1605 georgicorum

177 1614 319 1658 ascito,
351 1613 398 1651 de
425 1614 553 1652 Ennio
585 1615 698 1652 nihil.
748 1627 778 1652 11
799 1615 883 1652 449
919 1608 1048 1667 (Vat.)
1082 1615 1225 1652 buxum
1255 1615 1424 1662 tiynum,
1455 1625 1533 1652 non
1565 1614 1740 1652 arborem

177 1672 280 1717 dicit,
306 1675 483 1721 quamvis
502 1674 630 1711 Ennii
655 1674 822 1721 exempto
849 1676 883 1712 et
907 1674 1083 1711 arborem
1101 1675 1272 1721 potuerit
1296 1674 1420 1712 dicere
1437 1676 1571 1711 neutro
1587 1685 1742 1721 yenere:

174 1732 238 1770 itte
253 1734 355 1770 enim
367 1734 478 1771 sicin
490 1734 649 1780 septimo
664 1729 798 1784 [XXIV]
815 1729 1006 1782 ‘tonyique
1023 1734 1194 1780 cupressi
1206 1735 1311 1771 stant
1322 1735 1431 1771 sectis
1443 1733 1550 1780 foliis
1563 1735 1598 1770 et
1610 1743 1739 1770 amore

178 1801 334 1839 corpore
366 1789 536 1830 buxum?
571 1792 630 1830 De
663 1793 756 1830 buxi
787 1805 927 1843 genere
954 1792 1113 1830 Servius
1146 1793 1267 1830 etiam
1300 1791 1396 1829 alibi
1426 1786 1541 1844 (Aen.
1562 1804 1603 1828 1x
1625 1786 1740 1843 616),

178 1850 300 1887 Ennii
324 1863 459 1889 versus
486 1865 565 1889 non
590 1853 832 1890 memoratur
857 1852 935 1889 nisi
959 1852 1033 1889 hoc
1065 1852 1162 1889 loco.
1212 1864 1258 1888 111
1281 1851 1362 1888 116
1392 1845 1520 1903 (Vat.)
1546 1851 1607 1888 hic
1638 1852 1739 1898 equi·

178 1911 250 1947 tem
273 1911 358 1949 sine
382 1911 498 1949 dubio
525 1923 664 1959 equum
689 1911 792 1955 dicit,
817 1912 984 1949 maxime
1009 1923 1095 1949 cum
1120 1911 1266 1958 inferat
1291 1907 1494 1948 ‘insultare
1517 1906 1626 1947 solo’.
1658 1909 1741 1947 En-

176 1970 268 2006 nius
293 1970 499 2008 annatium
523 1971 681 2018 septimo
708 1966 819 2021 [xm]
842 1967 1017 2017 ‘denique
1042 1971 1082 2007 vi
1105 1981 1250 2017 mayna
1275 1969 1496 2017 quadrupes
1515 1965 1638 2016 eques’
1661 1980 1740 2016 eqs,

179 2040 295 2076 quem
320 2041 477 2067 versum
503 2042 592 2067 cum
617 2027 745 2067 Gellio
772 2028 994 2066 Macrobius
1022 2028 1146 2066 affert.
1196 2041 1238 2066 1v
1261 2028 1342 2065 188
1371 2021 1500 2080 (vat.)
1534 2023 1737 2064 ‘mussant’

177 2091 436 2126 murmurant.
464 2089 622 2126 Ennius
647 2089 691 2126 in
716 2100 745 2124 Χ
763 2084 826 2138 [x]
852 2089 908 2125 sic
933 2089 991 2125 ait
1016 2084 1253 2134 ‘aspectabat
1275 2088 1453 2124 virtutem
1478 2086 1637 2134 leyionis
1660 2086 1741 2123 sive

177 2149 353 2194 spectans
377 2148 413 2184 si
437 2149 629 2185 mussaret
653 2143 930 2194 dubitaretque’
959 2158 1036 2194 eqs.
1064 2145 1169 2190 Quos
1189 2157 1323 2183 versus
1350 2145 1530 2193 quamvis
1557 2157 1602 2182 ex
1627 2146 1740 2194 parte

181 2205 417 2254 depravatos
443 2218 558 2243 nemo
591 2206 669 2243 nisi
695 2204 854 2243 Servius
885 2205 959 2242 hoc
984 2205 1070 2242 loco
1097 2205 1279 2242 servavit.
1330 2216 1372 2242 1v
1394 2204 1477 2241 230
1504 2197 1633 2256 (vat.)
1662 2200 1740 2241 ‘ore

178 2261 282 2312 fave'
310 2277 397 2303 cum
422 2265 605 2313 reliyione
630 2277 676 2303 ac
699 2265 849 2302 silentio
882 2264 1034 2302 accede:
1057 2264 1101 2301 in
1126 2275 1200 2300 xm
1225 2261 1339 2312 [xxv]
1367 2263 1526 2300 Ennius
1552 2259 1628 2300 ‘hic
1645 2263 1740 2300 insi-

180 2323 330 2362 diantes
354 2324 521 2373 viyitant
540 2354 548 2362 .
570 2354 577 2362 .
600 2324 697 2362 ,sub
722 2325 840 2362 scutis
865 2334 929 2361 ore
947 2319 1144 2371 faventes?
1171 2322 1260 2360 Uno
1286 2322 1359 2360 hoc
1384 2322 1470 2360 loco
1495 2322 1538 2359 hi
1557 2321 1633 2359 duo
1654 2333 1739 2359 ver-

180 2394 245 2421 sus
282 2383 440 2432 traditi,
477 2384 556 2422 nisi
592 2383 699 2432 quod
729 2383 887 2421 Ennius
920 2378 998 2420 ‘ore
1028 2378 1213 2430 faventes'
1254 2381 1359 2431 apud
1395 2380 1560 2419 eundem
1594 2380 1740 2431 legitur

181 2454 312 2493 georg.
339 2455 354 2480 1
383 2443 447 2480 18.
498 2455 541 2482 1v
568 2443 653 2481 230
680 2436 810 2495 (Vat.)
842 2453 906 2480 ore
935 2443 1025 2489 fave
1052 2471 1060 2479 .
1081 2471 1089 2479 .
1111 2470 1119 2479 .
1143 2442 1308 2489 ponitur
1339 2440 1470 2478 eadem
1499 2450 1573 2477 von
1603 2442 1637 2478 et
1662 2450 1738 2486 pro

179 2501 295 2548 vette;
325 2502 433 2550 apud
464 2502 624 2540 eimdem
656 2502 835 2539 Ennium
864 2502 908 2539 in
933 2512 1008 2538 1111
1031 2495 1108 2551 [1x]
1136 2497 1350 2538 ‘matronae
1380 2510 1526 2538 moeros
1556 2499 1741 2546 complent

179 2563 349 2608 spectare
373 2558 559 2609 faventes’
586 2562 629 2599 id
654 2563 708 2599 est
731 2561 905 2598 volentes.
931 2559 1110 2597 Eundem
1134 2571 1291 2598 versum
1317 2571 1432 2608 quem
1451 2570 1564 2596 nemo
1583 2558 1739 2606 praeter

183 2618 364 2658 Servium
390 2620 567 2658 exhibuit
591 2620 696 2658 idem
722 2632 853 2670 georg.
879 2632 894 2656 1
917 2619 968 2656 18
996 2618 1063 2657 sed
1088 2631 1194 2656 mero
1221 2618 1342 2656 Ennii
1366 2618 1523 2656 nomine
1548 2615 1736 2654 laudavit.

181 2691 224 2717 1v
246 2679 327 2716 188
349 2673 478 2732 (Vat.)
502 2676 705 2717 ‘mussant’
727 2680 788 2717 hic
811 2680 1071 2723 murmurant,
1096 2689 1193 2726 quae
1211 2688 1284 2715 vooe
1294 2678 1459 2725 ponitur
1477 2679 1511 2714 et
1527 2676 1570 2712 in
1588 2674 1738 2712 tacendi

180 2739 474 2786 siqnificatione,
498 2741 542 2776 ut
565 2739 673 2787 apud
691 2738 869 2775 Ennium
893 2739 936 2775 in
955 2733 1141 2789 XVII-[w]
1164 2733 1256 2775 ‘non
1267 2738 1434 2784 possunt
1450 2743 1624 2772 mussare
1649 2733 1737 2769 boni

182 2798 249 2844 qui
272 2798 418 2845 factam
443 2798 573 2836 labore
598 2799 702 2836 enixi
719 2797 901 2835 mititiam
914 2793 1121 2845 peperere.’
1148 2796 1234 2834 Hoc
1252 2796 1381 2832 totum
1400 2806 1477 2831 non
1496 2792 1641 2842 legitur
1660 2791 1737 2828 nisi

182 2855 256 2893 hoc
280 2856 379 2904 loco,
404 2858 559 2906 partem
584 2869 717 2895 versus
741 2856 824 2894 solo
845 2855 966 2893 Ennii
984 2856 1141 2893 nomine
1161 2855 1307 2892 Paulus
1327 2852 1435 2890 Festi
1461 2850 1614 2897 attulit3
1633 2860 1737 2886 mus-

183 2915 300 2953 sandi
324 2915 632 2966 significationes
659 2915 725 2954 sed
751 2916 832 2954 sine
859 2915 987 2953 Ennio
1015 2914 1172 2952 Servius
1198 2914 1239 2950 in
1258 2911 1354 2950 Aen.
1374 2922 1416 2948 x1
1438 2910 1519 2948 345
1545 2909 1736 2955 recenset3
