2054 3282
718 181 977 217 ANNALIUM
1002 181 1088 217 Lm.
1110 181 1142 216 x
1650 182 1706 224 63

885 300 971 336 XVI

146 359 232 403 353
519 374 666 403 cursus
700 361 956 418 quingentos
989 377 1111 416 saepe
1142 361 1280 405 veruti

875 466 978 501 XVII

145 525 233 568 354
871 528 973 570 fiere

656 745 973 790 ANNALHJM
1004 745 1110 789 LIB.
1135 745 1198 788 XI

918 863 935 897 I

145 923 230 966 355
263 923 428 980 Quippe
461 923 600 967 solent
631 938 751 981 reges
784 939 930 967 omnes
963 924 1009 967 in
1038 924 1165 967 rebus
1197 925 1391 967 secundis
1737 929 1961 996 mifflsmgrm

907 1029 941 1064 H
1720 1013 1972 1040 GRAECORUM

145 1088 230 1131 356
263 1089 537 1133 Contendunt
571 1090 759 1143 Graecos,
795 1089 949 1134 Graios
981 1105 1214 1133 memorare
1246 1090 1386 1133 solent
1417 1105 1499 1146 808,

641 1163 789 1218 lingua
819 1162 973 1218 longos
1005 1177 1080 1217 per

262 1302 347 1337 XVI
366 1304 461 1349 (353)
499 1303 629 1338 Festus
650 1314 694 1338 ex
714 1313 841 1348 apogr.
855 1302 879 1337 1.
894 1315 942 1337 xx
960 1315 995 1348 p.
1013 1306 1091 1345 570,
1105 1306 1148 1337 27
1163 1302 1229 1337 Th.
1253 1303 1402 1338 ‘veruta
1421 1302 1501 1348 pila
1521 1303 1705 1347 dicuntur,

144 1355 243 1399 quod
259 1384 265 1390 .
283 1384 289 1390 .
303 1356 445 1391 habent
457 1357 631 1402 praefixa.
646 1356 788 1390 Ennius
801 1356 839 1390 li.
852 1369 875 1390 x
889 1367 956 1392 «—
972 1367 1099 1391 cursus
1120 1368 1153 1400 q.
1170 1368 1195 1390 s.
1212 1357 1381 1393 veruti».’
1403 1357 1541 1391 Paulus
1558 1357 1706 1391 ‘veruta

142 1408 221 1453 pila
247 1409 431 1454 dicuntur,
459 1410 559 1454 quod
583 1410 685 1444 velut
709 1420 821 1444 verua
846 1409 987 1444 habent
1010 1409 1201 1454 praefixa!
1229 1410 1421 1445 Lueretius
1440 1423 1477 1445 1v
1496 1413 1564 1445 409
1593 1411 1706 1455 ‘quos

142 1461 215 1496 tibi
239 1463 319 1497 tum
345 1474 457 1508 supra
482 1462 537 1498 801
560 1463 697 1498 montis
724 1473 802 1497 esse
822 1463 968 1497 videtur
988 1463 1191 1497 comminus
1211 1463 1291 1508 ipse
1312 1474 1376 1498 suo
1397 1463 1615 1510 contingens
1634 1463 1706 1498 fer-

143 1515 250 1550 vidus
281 1516 372 1561 igni,
404 1516 465 1550 vix
491 1516 627 1551 absunt
651 1516 759 1550 nobis
783 1516 917 1550 missus
943 1515 1000 1550 bis
1025 1516 1128 1551 mille
1155 1517 1328 1562 sagittae,
1353 1517 1414 1551 vix
1439 1517 1554 1551 etiam
1580 1528 1705 1552 cursus

144 1569 367 1614 quingentos
382 1580 492 1615 saepe
505 1570 650 1605 veruti.'
672 1569 778 1604 Nihil
796 1569 955 1614 impedit
968 1570 1165 1614 quominus
1179 1570 1279 1604 idem
1292 1581 1415 1605 versus
1430 1570 1532 1615 apud
1545 1570 1706 1605 Ennium

142 1621 257 1657 fuisse
282 1622 456 1657 credatur
475 1633 585 1667 quem
609 1622 724 1658 habet
742 1623 950 1669 Lucretius3
971 1623 1016 1658 ef.
1034 1626 1100 1658 149
1121 1625 1159 1658 et
1177 1623 1457 1658 Laehmannum
1477 1624 1525 1658 ad
1544 1624 1648 1659 Luer.
1670 1637 1707 1659 1v

145 1678 212 1710 126
237 1687 273 1720 p.
296 1679 374 1710 222.

263 1728 366 1763 XVII
379 1730 476 1775 (354)
501 1730 683 1765 Macrobii
703 1731 877 1775 excerpta
896 1730 986 1765 Bob.
1003 1730 1042 1765 G.
1059 1730 1097 1764 L.
1113 1730 1155 1764 Κ.
1170 1743 1193 1765 v
1212 1743 1247 1775 p.
1263 1733 1343 1773 645,
1359 1734 1379 1764 9
1397 1731 1440 1765 ‘a
1454 1730 1500 1765 fio
1521 1731 1607 1765 fiere
1627 1742 1705 1766 0880

144 1781 312 1827 deberet3
344 1783 382 1817 et
405 1783 495 1818 lieet
519 1795 607 1818 usus
634 1784 743 1819 aliter
768 1783 973 1829 optinuerit
998 1783 1090 1829 <fieri
1122 1783 1221 1818 enim
1246 1795 1344 1818 1111110
1376 1784 1538 1830 dicitur),
1564 1784 1705 1819 Ennius

143 1836 269 1870 tamen
287 1836 327 1870 111
346 1849 370 1870 x
389 1836 582 1871 annalium
602 1837 734 1873 «fiere»
755 1837 860 1880 dixit,
881 1847 956 1871 non
975 1836 1081 1871 fieri.'
1105 1836 1156 1871 Of.
1172 1837 1221 1872 ad
1237 1849 1267 1871 v.
1286 1841 1346 1881 153
1370 1837 1496 1872 ‘fiere’
1513 1848 1557 1872 ex
1570 1838 1704 1872 Laevio

145 1888 253 1925 affert
272 1889 413 1925 Gellius
433 1903 495 1925 XIX
522 1894 553 1934 7,
570 1894 623 1925 10.

263 1971 349 2006 LIB.
372 1972 422 2007 XI
470 1973 487 2007 Ι
506 1974 603 2019 (355)
641 1974 771 2009 Festus
796 1986 831 2019 p.
855 1978 934 2019 340,
949 1979 992 2009 22
1014 1974 1079 2009 Th.
1110 1973 1271 2019 ‘quippe
1303 1973 1512 2019 significare
1541 1974 1641 2018 quod
1666 1975 1705 2009 ni

143 2025 170 2070 (‘
181 2025 319 2070 quippe
339 2026 527 2072 significat
545 2027 727 2071 quidni’
749 2027 900 2073 Paulus)
914 2027 1126 2062 testimonio
1142 2028 1198 2062 est
1210 2027 1351 2061 Ennius
1370 2027 1393 2061 1.
1409 2027 1446 2061 xl
1460 2029 1522 2073 (x1
1536 2027 1705 2073 Ursinus)

145 2079 307 2124 «quippe
328 2107 334 2113 .
352 2107 358 2114 .
375 2108 381 2114 .
404 2080 608 2116 secundis».
629 2080 730 2116 idem
748 2081 772 2115 1.
788 2094 848 2115 xvx
870 2082 954 2127 [11].'

261 2131 295 2166 Π
315 2134 410 2178 (356)
447 2133 578 2167 Festus
597 2146 632 2178 p.
648 2136 728 2176 428,
745 2137 787 2167 17
802 2133 868 2168 Th.
892 2134 971 2168 ‘sos
985 2144 1051 2179 pro
1066 2144 1128 2168 008
1143 2133 1289 2177 antiqui
1303 2133 1489 2176 dicebant,
1508 2135 1552 2168 ut
1564 2133 1704 2168 Ennius

144 2185 167 2219 l.
183 2198 196 2219 1
217 2185 321 2232 [xvn]
343 2186 381 2220 et
398 2185 421 2220 1.
438 2199 479 2220 111
500 2187 563 2232 [v]
584 2186 607 2221 l.
622 2200 674 2221 vn
694 2187 825 2233 [xvm].
840 2186 863 2221 l.
878 2200 916 2221 XI
936 2187 1190 2223 «contendunt
1207 2187 1331 2233 yraios
1349 2198 1470 2233 yrecos
1487 2199 1534 2221 m.
1551 2198 1576 2222 s.
1593 2188 1702 2223 8ο8>>.’

262 2238 406 2273 Ibidem
425 2251 460 2284 p.
475 2243 556 2284 400,
572 2243 615 2274 19
629 2240 695 2274 Th.
712 2240 840 2274 decem
858 2250 1029 2274 versuum
1048 2251 1122 2274 non
1142 2239 1214 2274 11181
1235 2241 1420 2274 extremae
1441 2240 1609 2285 syllabae
1628 2240 1705 2286 legi

144 2293 301 2337 possunt
322 2293 386 2318 ‘—
402 2314 445 2318 —-
461 2304 476 2327 s
498 2293 666 2338 appellat
678 2293 775 2327 Enni
797 2295 801 2337 Ι
825 2315 868 2319 -
890 2314 933 2319 -
949 2294 1033 2338 (0)03
1051 2294 1135 2339 yrai
1152 2303 1273 2328 memo
1296 2295 1300 2338 Ι
1324 2315 1368 2319 -
1389 2315 1432 2319 —
1453 2305 1555 2340 ngua
1573 2294 1705 2340 longos

144 2356 211 2390 per
232 2347 236 2390 Ι
260 2367 303 2371 —
325 2367 368 2371 —
388 2346 512 2391 ispani
537 2357 612 2381 non
629 2347 685 2381 Ro
709 2348 713 2392 Ι
736 2367 780 2373 -
801 2368 844 2372 -
867 2358 950 2381 011111
968 2346 1147 2381 Romulus
1165 2358 1210 2380 ur
1231 2349 1235 2390 1
1260 2368 1302 2372 -
1323 2368 1367 2372 —
1388 2347 1473 2382 inae
1492 2347 1637 2382 locutus
1657 2347 1706 2382 sit

147 2398 151 2446 Ι
177 2420 220 2424 —
242 2420 285 2424 —
312 2399 433 2444 gentis
459 2399 573 2434 fuerit
594 2401 598 2445 Ι
622 2421 665 2426 -
692 2421 737 2426 -—
762 2400 873 2434 nione
898 2401 1044 2434 mutata
1065 2401 1070 2446 Ι
1093 2421 1136 2425 -
1163 2421 1207 2425 -
1233 2400 1311 2434 icat
1335 2400 1440 2446 origo
1467 2401 1544 2435 eius
1568 2402 1572 2446 Ι
1595 2422 1639 2427 —
1660 2422 1703 2426 —

146 2452 339 2497 surpatio?
355 2463 451 2497 quae
465 2453 590 2488 omnia
603 2453 775 2487 videntur
789 2453 837 2487 ad
850 2464 963 2487 unam
977 2464 1127 2488 causam
1140 2453 1336 2498 pertinere,
1355 2464 1451 2498 quae
1471 2455 1528 2489 est
1547 2454 1593 2488 de
1607 2465 1705 2489 eom-

144 2505 321 2540 munione
345 2506 497 2551 linguae
517 2506 573 2541 vel
596 2506 718 2552 gentis
742 2507 780 2541 et
801 2506 975 2550 nationis,
997 2505 1062 2540 8οᾶ
1083 2506 1215 2551 refingi
1237 2507 1344 2541 tenor
1368 2517 1443 2542 non
1461 2508 1605 2552 potest:
1632 2507 1704 2541 nisi

265 2678 348 2716 356
372 2678 464 2716 Non
489 2677 628 2717 Graios
649 2677 816 2717 Graecos
836 2678 936 2726 quod
955 2679 1072 2716 altero
1093 2678 1170 2717 loco
1189 2679 1301 2716 habet
1323 2678 1476 2723 Festus,
1496 2690 1564 2716 nec
1584 2677 1702 2716 Grae-

147 2748 210 2774 cos
231 2735 326 2775 Grai
339 2738 440 2785 quod
458 2738 606 2776 indicat
624 2738 753 2787 altero,
767 2738 834 2776 sed
848 2736 1014 2775 Graecos
1029 2736 1181 2786 Graios,
1194 2739 1295 2786 quod
1313 2738 1404 2776 olim
1422 2739 1465 2776 in
1483 2739 1566 2785 ipso
1580 2737 1704 2775 codice

146 2797 331 2844 scriptum
349 2798 553 2846 putabant,
580 2809 714 2835 verwm
740 2799 812 2843 esa·
840 2799 874 2834 et
898 2799 952 2834 est
970 2795 1081 2834 Graii
1105 2798 1274 2835 nationis
1298 2808 1447 2840 nomen,
1467 2799 1511 2834 ut
1527 2795 1703 2834 Naevius

147 2853 255 2893 Graii
270 2857 388 2904 atque
400 2856 559 2893 barbari
573 2851 670 2909 (Cic.
685 2867 738 2894 or.
757 2864 778 2903 5
787 2864 823 2904 5,
840 2865 854 2891 1
866 2849 951 2908 52),
969 2855 1098 2894 Cicero
1112 2857 1159 2894 de
1170 2868 1212 2894 re
1224 2869 1266 2904 p.
1281 2869 1295 2893 1
1311 2864 1378 2905 37,
1389 2853 1440 2903 58
1457 2856 1549 2893 siut
1562 2854 1702 2893 Graeci

147 2913 293 2963 dicunt,
320 2927 452 2953 omnes
480 2917 549 2953 aut
569 2914 708 2954 Graios
735 2927 816 2953 esse
837 2916 906 2953 aut
923 2915 1110 2953 barbaros
1132 2927 1203 2963 eqs.
1226 2918 1259 2953 et
1277 2926 1391 2963 saepe
1409 2915 1584 2953 similiter
