2004 3278
648 196 815 233 NOVAE
841 197 1083 234 EDITIONIS
1110 198 1328 235 SUBSIDIA
1585 199 1764 236 CXXXIX

206 312 266 349 M.
289 311 331 349 T.
359 310 542 349 Varrone.
563 310 747 348 Bassam
769 311 894 359 1899,
921 324 999 361 quo
1025 313 1059 350 is
1083 312 1219 351 multis
1245 312 1443 352 codicibus
1462 312 1651 351 Varronis
1671 313 1718 352 de
1737 314 1763 351 1.

205 370 249 408 L.
276 370 470 421 congestis
503 370 542 407 et
572 369 728 408 collatis
761 370 975 419 scripturas
1007 383 1053 408 ex
1083 371 1133 410 iis
1165 373 1366 420 excerptas
1398 371 1593 422 disceptat
1627 374 1666 410 et
1691 373 1763 411 hoc

206 430 293 480 agit
311 429 493 479 inprimis
512 429 558 467 ut
577 428 716 478 proavi
731 429 792 467 sui
804 428 913 466 Petri
927 428 1051 468 Cana]
1063 430 1204 468 merita
1219 431 1266 469 de
1278 431 1455 468 Varrone
1469 432 1508 469 et
1520 431 1581 471 his
1595 423 1763 469 maxime

206 489 318 527 libris
345 488 427 526 eius
451 488 494 526 in
520 486 732 526 Germania
757 489 983 537 contempta
1008 490 1048 526 et
1071 490 1251 539 neglecta
1275 490 1492 539 patefaciat
1517 492 1556 529 et
1587 491 1763 529 extollat.

204 548 265 585 Ex
299 560 379 597 quo
411 547 544 586 libello
578 546 628 585 ad
658 548 733 585 inc.
756 547 808 585 39
843 560 965 584 unum
995 548 1200 586 inventum
1232 547 1371 586 0311311
1404 550 1522 586 attuli
1552 562 1705 588 mecum
1740 563 1764 588 3

206 606 434 658 Plasbergio
460 606 791 644 communicatum
817 601 928 659 (nam
954 606 1129 644 libellum
1156 608 1285 656 ipsum
1310 608 1448 657 postea
1473 608 1631 646 demum
1649 604 1763 661 vidi).

207 665 285 704 Sed
308 665 377 704 ubi
402 665 522 705 verba
546 666 667 703 Ennii
692 665 772 703 iam
799 678 822 703 a
846 666 1065 715 typothetis
1092 666 1287 715 exscripta
1312 668 1435 713 erant,
1468 667 1639 705 eiusdem
1664 668 1762 706 Wil-

205 725 376 764 mannsii
406 725 591 764 comitate
622 725 664 762 in
694 736 800 763 meas
832 737 971 762 manus
1003 724 1113 762 venit
1142 726 1230 774 ipsa
1261 725 1380 763 editio
1404 725 1594 765 Varronis
1628 726 1764 765 0311311

204 797 324 834 opera
349 797 383 823 a.
407 785 519 823 1874
545 784 748 834 publicata
775 779 912 836 (quam
938 783 1214 823 Antonibonus
1238 798 1276 833 p.
1299 786 1321 822 6
1353 784 1526 822 01115ᾱο111
1553 785 1764 824 editionem

207 857 240 882 a.
264 844 376 882 1846
398 843 577 882 nominat
595 856 673 882 non
693 837 892 896 cognovi).
917 843 994 881 Illa
1014 844 1146 881 autem
1167 843 1262 893 quid
1282 845 1412 883 actum
1439 845 1491 882 sit
1515 844 1631 882 index
1656 847 1765 895 pate-

207 903 306 942 facit
330 904 390 942 M.
420 904 600 942 Terenzio
628 903 803 942 Varrone
834 903 925 941 libri
956 904 1108 941 intorno
1140 903 1221 941 alla
1252 903 1388 952 linqua
1418 903 1568 942 Latina
1601 904 1766 943 riveduti

206 963 363 1002 tradotti
388 964 564 1001 annotati
589 963 642 1001 da
662 963 707 1000 P.
730 961 866 1001 Ganal.
893 962 1137 1001 Frammenti
1162 962 1319 1001 tradotti
1339 974 1356 1000 0
1376 965 1550 1001 annotati
1570 963 1622 1001 da
1644 964 1763 1002 Fode-

203 1023 284 1061 rico
308 1020 382 1060 Ab.
409 1022 601 1061 Brunctti.
642 1021 806 1061 Venezia
838 1022 1084 1070 tipoyraphia
1116 1022 1156 1059 di
1191 1021 1384 1069 Gz‘useppe
1415 1021 1613 1060 Antonezzi
1640 1023 1764 1060 1874.

205 1081 320 1120 Η11110
346 1081 470 1132 igitur
494 1081 639 1119 librum
661 1094 694 1128 a.
718 1082 830 1119 1874
852 1081 1002 1119 editum
1024 1093 1183 1130 possum
1201 1093 1291 1119 vere
1309 1081 1427 1118 fateri
1446 1080 1765 1130 Wilmannsium,

205 1141 406 1179 hominem
430 1140 780 1192 vigilantissimum
805 1141 889 1178 tam
915 1141 1009 1190 quia
1033 1140 1254 1191 praefectus
1281 1143 1340 1178 est
1358 1139 1617 1178 bibliothecae
1636 1142 1766 1191 regiae

205 1200 470 1239 Berolinensis
502 1213 623 1250 quam
655 1200 749 1250 quia
779 1200 1029 1239 Varroniana
1061 1201 1194 1238 omnia
1228 1199 1420 1250 singulari
1457 1212 1550 1238 cura
1583 1201 1766 1249 persequi

205 1259 315 1309 solet,
336 1272 438 1298 anno
458 1260 574 1298 huius
595 1259 741 1298 saeculi
761 1259 929 1298 secundo
951 1273 974 1298 a
993 1259 1123 1298 nescio
1144 1272 1222 1309 quo
1242 1258 1293 1296 ad
1312 1271 1352 1297 se
1372 1260 1536 1297 missum
1553 1260 1765 1309 accepisse:

205 1318 308 1358 unde
332 1319 574 1370 intelligitur
599 1332 718 1369 quam
742 1320 888 1357 iniuste
907 1318 1185 1358 Antonibonus
1210 1318 1434 1369 philologos
1460 1318 1650 1368 quosdam
1672 1317 1764 1357 Gerr

205 1379 362 1417 maniae
387 1379 629 1418 incusaverit
654 1378 760 1428 quod
784 1379 912 1416 multa
938 1391 1039 1428 quae
1072 1391 1095 1416 3
1122 1377 1269 1416 0311310
1293 1378 1471 1427 profecta
1496 1378 1575 1416 sint
1600 1377 1675 1416 sibi
1705 1391 1765 1416 ar-

204 1439 445 1489 rogaverint,
470 1439 539 1488 qui
564 1439 668 1477 cives
694 1450 783 1476 suos
809 1439 988 1477 incusare
1014 1437 1150 1476 debuit
1175 1450 1340 1487 quorum
1365 1437 1517 1475 incuria
1542 1436 1587 1475 fit
1611 1439 1656 1475 ut
1674 1437 1766 1475 libri

206 1509 366 1543 suorum
384 1496 505 1548 Alpes
525 1510 603 1535 non
622 1499 828 1536 transeant
847 1510 918 1536 1100
937 1497 1032 1536 fines
1050 1495 1283 1535 Germaniae
1297 1509 1491 1546 nusquam
1504 1509 1582 1534 non
1595 1497 1765 1535 reclusos

206 1569 276 1595 suo
301 1557 478 1607 tempore
502 1556 662 1595 intrent.
689 1557 774 1608 Ego
799 1557 841 1595 in
860 1557 934 1596 hoc
953 1557 1152 1595 volumine
1171 1568 1305 1594 versus
1326 1556 1526 1594 Ennianos
1547 1568 1570 1594 a
1588 1555 1766 1595 Varrone

208 1617 349 1655 citatos
370 1616 545 1666 percurri
570 1629 617 1655 ne
644 1617 677 1654 si
702 1616 797 1666 quid
823 1618 924 1655 esset
949 1616 1054 1666 quod
1080 1616 1448 1655 commemoratione
1474 1615 1636 1666 dignum
1662 1615 1766 1653 vide-

205 1677 315 1714 retur
344 1676 596 1727 negligerem.
627 1674 702 1714 Sed
734 1678 890 1726 praeter
921 1676 1020 1714 illud
1054 1688 1077 1714 a
1101 1688 1163 1714 me
1190 1675 1240 1714 ad
1265 1676 1339 1713 inc.
1362 1675 1415 1713 39
1445 1675 1609 1713 allatum
1640 1687 1766 1724 pauca

205 1734 339 1774 inveni
365 1747 465 1785 quae
491 1735 688 1774 afferenda
714 1735 905 1774 ducerem.

323 1794 369 1832 In
389 1794 506 1833 Festo
532 1807 775 1845 quamquam
795 1793 838 1834 Ο.
859 1795 1042 1833 Muelleri
1066 1794 1166 1832 liber
1185 1807 1263 1833 non
1282 1794 1400 1843 plane
1419 1793 1659 1832 destituebat
1678 1806 1766 1832 eum

206 1854 275 1903 qui
301 1854 518 1905 scripturae
543 1854 660 1893 fidem
690 1854 921 1904 quaerebat,
953 1867 1041 1893 cum
1073 1853 1305 1904 praesertim
1330 1853 1378 1890 H.
1405 1852 1526 1891 Keilii
1557 1852 1604 1891 de
1636 1852 1766 1891 codice

205 1913 445 1952 Famesiano
472 1913 747 1953 adnotationes
772 1915 814 1952 in
839 1915 1025 1965 promptu
1052 1915 1192 1961 essent,
1218 1914 1258 1951 et
1282 1912 1379 1950 mihi
1405 1912 1451 1950 de
1477 1912 1612 1950 eodem
1635 1912 1766 1950 codice

206 1973 397 2011 nonnulla
416 1969 526 2012 Rich.
548 1973 845 2012 Reitzensteinii
872 1973 1049 2011 amicitia
1070 1973 1336 2022 perhibuerat,
1361 1973 1494 2010 tamen
1513 1972 1628 2021 longe
1648 1971 1766 2009 fiden-

206 2032 285 2071 tius
311 2033 405 2071 licet
430 2033 512 2072 eius
539 2032 788 2083 grammatici
821 2033 1058 2071 testimoniis
1089 2032 1161 2080 uti,
1193 2044 1238 2069 ex
1270 2044 1348 2080 quo
1379 2042 1522 2069 novam
1548 2030 1654 2068 Festi
1687 2030 1766 2068 edi-

205 2091 353 2130 tionem
386 2092 546 2142 paravit
576 2091 769 2130 Aemilius
801 2091 1029 2129 Thewrewk
1062 2091 1109 2128 de
1140 2090 1287 2140 Ponor,
1324 2090 1440 2128 homo
1478 2088 1765 2127 eruditissimus

206 2150 383 2199 mihique
409 2151 681 2199 amicissimus,
708 2150 776 2200 qui
801 2151 922 2189 etiam
946 2151 1037 2188 ante
1057 2148 1206 2187 editum
1225 2148 1385 2187 Festum
1406 2160 1506 2197 quae
1527 2147 1575 2186 de
1595 2148 1765 2187 excussis

206 2222 229 2246 a
243 2222 284 2248 se
297 2209 411 2248 Pauli
431 2208 628 2248 codicibus
649 2208 990 2248 commemoranda
1008 2208 1180 2246 habebat
1199 2208 1363 2247 comiter
1381 2220 1533 2245 mecum
1552 2208 1765 2245 communi-

207 2268 321 2307 cavit.
336 2269 375 2307 Is
388 2268 512 2320 igitur
525 2269 632 2308 omni
645 2281 785 2320 genere
799 2268 1064 2307 subsidiorum
1076 2267 1291 2305 instructus
1305 2261 1358 2320 (a.
1373 2261 1504 2319 1889)
1521 2266 1570 2305 ad
1583 2266 1657 2305 hoc
1669 2279 1765 2316 opus

205 2327 487 2378 perficiendum
512 2328 571 2366 ita
594 2327 770 2377 accessit,
795 2340 873 2366 non
898 2329 943 2366 ut
963 2326 1213 2365 emendatum
1232 2326 1394 2365 Festum
1414 2325 1623 2374 exhiberet,
1650 2338 1765 2375 quem

206 2399 320 2426 nemo
352 2387 596 2437 requirebat,
628 2387 694 2426 sed
726 2388 771 2425 ut
802 2400 887 2425 eam
918 2387 1086 2426 formam
1117 2387 1157 2424 et
1180 2386 1289 2424 Festi
1321 2386 1359 2424 et
1385 2386 1467 2424 eius
1494 2385 1765 2435 epitomatoris

206 2446 321 2485 Pauli
351 2447 646 2496 exprimendam
681 2449 846 2496 curaret,
882 2459 982 2496 quae
1015 2446 1233 2484 certissima
1263 2445 1339 2483 fide
1370 2444 1531 2483 testium
1561 2444 1764 2487 niteretur.

206 2506 260 2543 Et
284 2506 429 2545 codicis
455 2506 613 2556 quidem
639 2506 870 2545 Farnesiani
894 2506 991 2544 folia
1018 2517 1118 2555 quae
1144 2505 1301 2544 servata
1320 2506 1412 2543 sunt
1432 2503 1607 2553 exemplo
1626 2503 1763 2553 photo-

207 2565 356 2615 grapho
381 2567 678 2616 repraesentata
702 2566 867 2604 consilio
894 2566 934 2604 et
957 2565 1145 2615 impensis
1171 2563 1394 2602 academiae
1414 2564 1637 2601 litterarum
1656 2562 1765 2599 Hun-

208 2624 364 2675 garicae
390 2638 423 2663 a.
454 2626 565 2663 1893
592 2624 741 2675 publici
766 2624 862 2662 iuris
888 2625 994 2673 fecit,
1019 2624 1086 2662 sed
1113 2626 1152 2662 et
1177 2623 1224 2662 de
1250 2624 1388 2662 ceteris
1414 2622 1520 2661 Festi
1546 2634 1646 2671 quae
1672 2633 1763 2670 apo-

207 2684 447 2734 graphorum
477 2684 664 2723 beneficio
697 2685 906 2734 supersunt
931 2685 970 2722 et
994 2683 1042 2722 de
1067 2683 1183 2722 Pauli
1208 2683 1392 2733 epitoma,
1424 2682 1517 2719 licet
1548 2681 1764 2729 apparatus

208 2742 377 2792 criticus,
403 2756 519 2793 quem
544 2755 584 2782 se
610 2743 796 2781 daturum
820 2743 1023 2794 pollicitus
1043 2744 1112 2792 est,
1140 2742 1266 2780 adhuc
1289 2741 1541 2788 desideretur,
1568 2738 1763 2776 dubitatio

208 2813 290 2839 esse
315 2815 394 2840 non
419 2804 551 2852 potest
577 2804 671 2852 quin
692 2815 793 2851 quae
813 2802 937 2840 edidit
957 2814 1110 2840 summa
1128 2802 1291 2840 testium
1311 2799 1544 2838 auctoritate
1564 2799 1762 2846 praesten-

207 2862 273 2898 tur
299 2862 338 2899 et
363 2861 652 2900 confirmentur.
685 2861 850 2899 Accedit
876 2861 982 2900 Festi
1014 2861 1157 2899 codicis
1181 2860 1396 2914 *quaternio
1428 2858 1599 2895 decimus
1631 2858 1763 2894 sextus

207 2919 439 2959 Mommseni
464 2932 558 2959 cura
583 2920 710 2959 editus
737 2933 769 2959 a.
795 2921 916 2958 1864.
