2054 3282
325 177 408 220 162
997 166 1198 205 scENIcA

893 323 1100 366 MEDEA
1131 322 1289 365 EXUL

1091 439 1108 474 I

961 506 1119 532 NUTRIX
1139 505 1230 539 (1—8)

316 566 402 608 246
433 565 609 608 Utinam
639 578 693 605 ne
718 563 763 604 in
787 575 960 604 nemore
985 559 1104 601 Pelio
1131 559 1349 602 securibus

434 635 564 678 Caesa
589 634 819 676 accedisset
845 632 1022 687 abiegna
1047 631 1099 672 ad
1124 633 1282 673 terram
1308 631 1462 685 trabes,

314 707 400 749 248
431 706 549 749 Neve
575 705 672 747 inde
697 703 816 746 navis
843 702 1072 744 inchoandi
1098 702 1318 743 exordium

431 869 600 904 MEDEA
619 867 747 902 EXUL
784 867 839 901 Ex
852 866 1043 911 Euripidis
1057 866 1191 900 Medea
1211 876 1423 911 expressam
1437 865 1606 901 fabulam
1620 865 1746 901 Cicero
1759 867 1874 901 testa-

311 925 372 958 tur
395 923 440 958 de
462 923 521 957 fin.
544 936 556 956 1
580 926 610 965 2,
626 926 647 957 4
667 922 678 938 ‘
688 921 734 956 iis
761 922 817 955 est
843 919 1034 955 difficilius
1057 919 1274 955 satisfacere
1294 919 1359 964 qui
1379 930 1418 954 se
1437 919 1572 955 Latina
1586 920 1727 965 scripta
1746 919 1876 954 dicunt

312 978 562 1012 contemnere:
588 975 627 1010 in
651 974 784 1019 quibus
810 974 882 1009 hoc
899 974 1062 1019 primum
1082 975 1139 1008 est
1157 973 1198 1008 in
1217 984 1290 1018 quo
1311 973 1483 1016 admirer,
1504 985 1568 1009 cur
1586 973 1626 1008 in
1645 973 1874 1019 gravissimis

309 1030 418 1065 rebus
432 1041 506 1064 non
518 1029 677 1063 delectet
691 1039 752 1063 eos
767 1038 886 1062 sermo
896 1027 1053 1072 patrius,
1066 1038 1149 1062 cum
1162 1027 1277 1062 iidem
1290 1026 1450 1062 fabellas
1460 1027 1613 1062 Latinas
1628 1027 1676 1062 ad
1690 1026 1841 1061 verbum
1855 1037 1874 1061 e

311 1083 460 1118 Graecis
481 1092 671 1127 expressas
691 1092 765 1116 non
784 1080 894 1115 inviti
913 1081 1052 1127 legant.
1075 1080 1158 1125 quis
1178 1080 1278 1115 enim
1297 1082 1376 1115 tam
1395 1079 1568 1115 inimicus
1587 1091 1707 1125 paene
1732 1079 1875 1115 nomini

309 1136 475 1171 Romano
496 1137 562 1179 est,
584 1135 647 1180 qui
667 1134 779 1169 Ennii
797 1134 969 1169 Medeam
989 1135 1055 1168 aut
1067 1134 1271 1179 Antiopam
1290 1133 1443 1169 Pacuvii
1463 1134 1614 1178 spernat
1634 1135 1700 1168 aut
1717 1133 1874 1177 reficiat,

309 1190 409 1234 quod
430 1199 468 1223 se
488 1189 621 1223 iisdem
641 1188 831 1232 Euripidis
851 1187 990 1222 fabulis
1012 1187 1191 1222 delectari
1215 1187 1341 1222 dicat.’
1364 1186 1535 1222 Medeam
1560 1187 1706 1222 exulem
1732 1186 1874 1231 aliquo—

308 1243 378 1277 ties
407 1242 549 1277 Nonius
559 1271 567 1285 ‚
594 1241 708 1276 semel
732 1241 874 1276 Probus
904 1240 1120 1286 appellavit.
1149 1240 1274 1275 Cicero
1301 1242 1339 1275 et
1360 1240 1478 1275 Varro
1506 1251 1581 1275 non
1606 1240 1778 1275 videntur
1802 1240 1874 1275 nisi

309 1306 422 1330 unam
442 1295 614 1330 Medeam
633 1294 745 1329 Ennii
763 1294 941 1329 habuisse
963 1294 1163 1340 cognitam.

425 1348 441 1383 Ι
461 1350 558 1394 (246)
594 1348 702 1382 Rhet.
719 1348 768 1382 ad
781 1348 940 1383 Herenn.
956 1361 983 1382 11
1003 1351 1059 1391 22,
1075 1351 1120 1382 34
1137 1347 1218 1382 ‘hic
1237 1347 1278 1382 id
1303 1347 1403 1392 quod
1423 1348 1626 1382 extremum
1653 1347 1793 1382 dictum
1819 1349 1876 1382 est

309 1402 399 1437 satis
419 1402 492 1436 fuit
511 1412 706 1446 exponere,
726 1412 773 1436 ne
793 1401 955 1436 Ennium
976 1402 1015 1436 et
1031 1403 1172 1437 ceteros
1186 1402 1316 1446 poetas
1330 1400 1520 1435 imitemur
1533 1401 1667 1445 quibus
1681 1401 1751 1435 hoc
1763 1401 1874 1436 modo

307 1456 411 1500 loqui
425 1466 639 1490 concessum
654 1456 710 1489 est
723 1456 892 1491 «utinam
904 1466 949 1490 ne
961 1456 1058 1500 (246)
1069 1483 1075 1488 .
1087 1483 1092 1488 .
1104 1456 1207 1490 Pelio
1218 1455 1404 1490 securibus
1416 1465 1538 1490 caesae
1552 1454 1767 1490 accidissent
1782 1456 1825 1499 (a
1833 1465 1852 1489 c
1860 1475 1874 1480 -

309 1509 543 1543 cedissent
568 1508 626 1542 vel
653 1508 937 1543 cecidissent
956 1508 1140 1554 nonnulli)
1160 1508 1335 1554 abieynae
1352 1508 1427 1553 (ad
1452 1507 1556 1553 igne
1576 1507 1686 1542 Herb.
1709 1507 1874 1554 abigne

307 1562 387 1596 Par.
403 1562 432 1596 P
448 1574 495 1596 m.
511 1564 581 1607 pr.)
602 1562 652 1596 ad
672 1566 694 1596 t.
712 1590 718 1595 .
736 1590 742 1595 .
760 1590 765 1595 .
792 1562 896 1596 navis
918 1563 1013 1607 (248)
1040 1562 1241 1596 inchoandi
1266 1560 1408 1606 (Bamb.
1429 1571 1565 1595 naves
1591 1560 1873 1595 inchoandas

307 1614 544 1650 Herb.Par.P
562 1615 692 1650 navis
711 1615 1000 1650 inchoandae
1021 1614 1079 1649 vel
1098 1615 1357 1649 inchoanda
1376 1614 1435 1649 vel
1454 1614 1673 1649 inchoans
1692 1613 1874 1659 plerique)

308 1679 337 1703 e.
352 1669 520 1713 coepisset
535 1670 646 1714 (cep.
661 1668 788 1714 pauci)
805 1697 811 1703 .
826 1696 832 1702 .
848 1697 853 1702 .
869 1668 911 1702 A.
925 1669 1022 1713 (250)
1036 1669 1101 1712 qui
1115 1670 1189 1713 (qu
1198 1679 1220 1702 a
1232 1668 1314 1702 Par.
1326 1667 1355 1702 P
1368 1668 1474 1702 Bern.
1491 1679 1574 1702 cum
1588 1667 1759 1712 expletis)
1773 1668 1818 1702 A.
1833 1668 1875 1702 in

308 1722 429 1757 eadem
444 1722 523 1757 lecti
543 1721 739 1767 (delecti
759 1732 829 1756 om.
851 1721 896 1755 in
916 1732 967 1756 ea
986 1721 1139 1767 expleti)
1159 1722 1232 1756 viri
1252 1722 1342 1756 vecti
1362 1720 1544 1766 petebant
1557 1722 1687 1765 pellem
1705 1721 1728 1755 i.
1748 1720 1875 1755 arietis

308 1777 413 1820 (qua
432 1775 554 1809 vecti
575 1774 725 1820 argivi
745 1774 918 1809 delecti
934 1774 1021 1809 viri
1046 1774 1269 1819 petebant
1287 1787 1323 1819 p.
1342 1774 1366 1808 i.
1388 1774 1550 1809 arietis
1570 1786 1665 1808 unus
1683 1773 1802 1820 Corb.)
1818 1802 1824 1808 .
1843 1802 1872 1808 ..

307 1839 393 1863 nam
408 1830 503 1873 (253)
517 1840 552 1862 n.
567 1838 630 1863 era
644 1838 771 1863 errans
784 1838 869 1863 mea
882 1828 991 1863 domo
1007 1830 1102 1873 (era
1122 1829 1159 1862 et
1180 1828 1306 1862 domo
1324 1839 1394 1862 om.
1407 1827 1518 1862 Herb.
1530 1827 1630 1862 Parr.
1643 1827 1671 1861 P
1685 1839 1731 1861 m.
1744 1839 1810 1872 pru,
1822 1829 1874 1872 H)

307 1882 445 1924 efferret
457 1882 590 1926 pedem
604 1882 782 1926 (medea
801 1892 906 1927 egro
928 1892 1077 1916 amore
1097 1881 1256 1916 saucia
1274 1893 1321 1915 m.
1338 1881 1402 1915 alt.
1418 1881 1502 1915 add.
1518 1880 1599 1915 Par.
1614 1880 1690 1925 P)».
1707 1891 1794 1915 nam
1813 1880 1874 1915 hic

428 2078 509 2114 247
531 2076 770 2125 Ambiyuum
790 2079 854 2122 cst,
874 2080 1007 2116 utrusm
1018 2077 1172 2126 pmrali
1189 2088 1349 2115 numero
1368 2077 1528 2115 Ennius
1550 2089 1684 2115 caesae
1711 2077 1872 2115 accidis-

309 2136 395 2172 sent
414 2135 602 2186 abiegnae
621 2136 753 2175 trabes
773 2148 827 2175 asn
845 2137 1039 2185 sinyulari
1058 2148 1171 2175 caesa
1191 2136 1397 2175 accidisset
1417 2135 1584 2187 abiegna
1602 2136 1734 2175 trabes
1753 2138 1872 2185 scrip-

308 2195 416 2232 serit:
435 2194 533 2233 illud
550 2197 679 2243 potior
691 2207 793 2244 pars
813 2197 973 2241 testium,
993 2197 1062 2234 hoc
1080 2207 1184 2234 umus
1202 2196 1339 2241 Varro,
1361 2197 1395 2233 et
1412 2197 1478 2244 qui
1497 2207 1523 2234 a
1544 2196 1718 2234 Varrone
1730 2197 1875 2244 pendet

308 2252 556 2291 Priscianus:
577 2257 611 2293 et
629 2257 683 2293 cst
705 2256 773 2293 hoc
799 2257 1082 2294 convenientius
1100 2255 1290 2303 Euripidi
1309 2265 1334 2302 4
1355 2257 1490 2293 πεσεῖν
1508 2258 1704 2306 τμηθεῖσα
1728 2254 1853 2305 πεύκη
1861 2268 1873 2292 .·

309 2314 436 2349 tannen
452 2313 576 2351 Varro
595 2315 677 2362 ipsc
696 2315 789 2362 quid
813 2314 976 2353 voluerit
999 2315 1185 2353 dubitatio
1210 2316 1334 2352 oritur
1354 2326 1397 2352 ex
1414 2315 1539 2353 verbis
1655 2315 1738 2352 248
1759 2315 1872 2352 navis

308 2371 519 2408 inchoandi
540 2373 740 2411 exordium
762 2374 928 2423 cepisset
942 2374 999 2411 vel
1013 2375 1203 2423 coepisset
1217 2374 1317 2421 quod
1338 2375 1459 2411 exstat
1471 2374 1578 2421 apud
1595 2373 1814 2412 Ciceronem
1827 2374 1873 2411 de

307 2430 389 2476 fato
416 2432 448 2467 et
472 2432 514 2468 in
537 2431 676 2469 Bamb.
696 2433 749 2470 ad
773 2433 946 2471 Herenn.
973 2433 1063 2471 olim
1089 2433 1311 2476 Manutius,
1330 2435 1467 2480 postca
1484 2432 1668 2480 probavit
1690 2431 1730 2470 Ο.
1745 2432 1793 2469 F.
1810 2432 1870 2470 W.

308 2488 525 2527 Muellerus
543 2490 677 2537 philol.
697 2504 770 2528 xm
789 2504 831 2539 p.
850 2501 926 2539 571
954 2494 988 2529 ct
1005 2492 1189 2530 Hertzius
1207 2492 1312 2529 vind.
1330 2490 1426 2529 Gell.
1448 2491 1512 2529 alt.
1525 2504 1568 2539 p.
1586 2488 1637 2538 58
1654 2503 1720 2539 sq„
1747 2503 1872 2539 nuper

309 2559 395 2585 cum
407 2548 477 2585 Fr.
491 2548 679 2588 Maraems
697 2551 749 2588 ad
762 2551 934 2589 Herenn.
954 2554 1035 2589 tum
1046 2550 1117 2588 Fr.
1131 2550 1213 2588 Leo
1233 2552 1375 2598 quaest.
1389 2550 1519 2588 Plaut.
1532 2563 1575 2598 p.
1593 2559 1642 2596 32
1654 2559 1689 2597 7,
1710 2561 1871 2598 quorum

307 2606 371 2645 ille
385 2607 562 2657 cepisset,
576 2608 637 2646 hic
648 2609 787 2647 maluit
804 2611 1015 2658 incipiendi
1033 2611 1072 2648 m'
1091 2612 1147 2648 ter
1164 2611 1324 2658 repetita
1344 2611 1546 2659 coepisset.
1565 2610 1733 2647 Dicendi
1748 2620 1871 2657 ycnus

307 2677 381 2713 quo
390 2678 528 2715 yenere
541 2667 681 2705 dicitur
693 2668 905 2706 inchoandi
919 2669 1121 2708 exordium
1138 2671 1172 2707 et
1191 2669 1393 2707 exordium
1414 2670 1543 2718 coepit
1563 2668 1637 2706 late
1648 2670 1802 2716 patmt;
1821 2669 1869 2716 cf.

309 2725 396 2762 Ter.
416 2724 543 2764 Andr.
561 2734 643 2774 709
664 2728 783 2765 immo
805 2728 924 2765 etiam
943 2729 1183 2766 narrationis
1202 2729 1343 2777 incipit
1362 2729 1418 2765 mi
1437 2727 1595 2765 initium
1603 2741 1617 2773 ,·
1635 2727 1723 2765 Isiv.
1744 2739 1869 2764 xxxix

311 2793 378 2833 23,
390 2793 411 2831 5
427 2785 614 2823 inchoata
632 2787 748 2823 initia
763 2799 786 2823 a
799 2786 983 2836 Philippo
1002 2789 1115 2833 sunt,·
1136 2789 1169 2825 et
1187 2799 1285 2834 quac
1305 2787 1433 2835 collem?
1445 2797 1579 2834 pauca
1597 2797 1691 2824 sane
1709 2787 1750 2824 in
1770 2787 1868 2834 disp.

308 2844 353 2881 dc
374 2844 500 2882 Taciti
528 2844 621 2883 dial.
640 2846 684 2883 in
709 2848 900 2883 comment.
922 2846 1150 2884 fflommsen.
1167 2858 1210 2893 p.
1227 2843 1309 2891 664
1330 2857 1407 2893 sq.;
1432 2846 1612 2883 Heracus
1638 2845 1760 2892 spicil.
1783 2844 1867 2883 Val.

307 2902 419 2940 Max.
433 2897 636 2956 (Fleckeis.
651 2916 742 2942 ann.
756 2905 882 2953 suppl.
897 2899 985 2958 mx)
1005 2917 1041 2952 p.
1060 2914 1143 2954 590
1156 2916 1233 2953 sq.‚·
1245 2916 1414 2952 prooem.
1436 2900 1627 2954 1894s95
1642 2917 1684 2952 p.
1707 2914 1755 2952 19
1773 2915 1825 2951 sq.
