2054 3282
842 192 946 227 ΕΑΒ.
966 192 1018 227 IN
1021 192 1057 227 C.
1643 192 1730 233 203

892 310 1007 345 XLIII

170 375 257 416 429
290 372 464 418 Somnia
494 373 650 427 aliquot
680 388 779 415 vera
803 376 910 424 sunt,
936 372 1010 415 sed
1034 387 1124 415 non
1147 387 1317 415 necesse
1348 374 1412 414 est
1443 372 1594 415 omnia.

894 488 1009 523 XLIV

170 553 258 595 430
445 550 591 594 Ardua
616 553 730 594 tesca
759 564 908 606 aspera
934 564 1035 592 saxa
1060 552 1159 592 tuor

171 717 328 752 fortasse
342 715 512 752 celeriter
526 744 636 750 ......
652 715 820 758 fortasse,
836 714 888 749 sic
900 713 1034 749 Accius
1048 713 1087 748 in
1101 713 1139 748 Io
1155 715 1237 759 (387
1251 714 1309 758 R.)
1324 715 1480 759 «topper
1498 714 1541 748 ut
1559 714 1601 748 fit
1616 713 1734 759 patris

171 771 209 805 te
232 770 322 806 eicit
343 770 418 805 iras
441 769 572 804 ennius
593 768 727 814 (ira».
753 767 953 803 Sinnius
978 768 1181 812 praeeunte
1201 766 1334 802 Ursino
1356 767 1396 802 O.
1417 767 1632 812 Muellerus)
1652 778 1735 802 vero

173 823 241 858 sic:
263 825 396 869 topper
414 823 572 858 fortasse
586 822 685 857 valet
697 821 736 856 in
750 821 847 856 Enni
862 822 899 856 et
912 821 1027 855 Pacui
1041 820 1199 866 scriptis.
1215 821 1315 866 apud
1330 820 1491 855 Ennium
1511 822 1567 856 est
1580 822 1737 866 «topper

173 906 179 911 .
197 906 203 911 .
221 906 227 911 .
247 876 350 913 scit».
372 875 554 911 Pacuvius
575 876 659 921 [424
678 875 766 921 R.].’
889 873 1028 909 Dubito
1051 885 1164 919 quam
1186 875 1285 909 recte
1304 874 1403 909 hunc
1422 874 1654 917 versiculum,
1671 874 1736 919 qui

172 930 380 975 dactylicus
401 940 479 964 esse
496 930 631 974 potest,
653 938 763 974 quem
777 928 866 964 olim
879 928 919 963 in
932 928 1076 963 incerta
1093 927 1216 971 retuli,
1237 939 1335 963 nunc
1355 927 1510 963 scenicis
1531 927 1736 973 adscripse-

171 984 258 1019 rim:
279 983 319 1018 in
339 994 413 1027 qua
432 993 471 1017 re
489 993 549 1018 me
567 982 684 1018 movit
703 993 786 1017 cum
805 981 925 1017 Ennio
946 980 1165 1017 coniunctus
1184 980 1383 1016 Pacuvius:
1411 992 1638 1027 quamquam
1657 981 1736 1016 eius

172 1037 304 1072 indicii
323 1037 398 1071 vim
417 1047 491 1071 non
513 1046 689 1082 magnam
709 1046 789 1071 esse
809 1035 940 1071 sentio.

291 1090 406 1125 XLIII
419 1091 515 1136 (429)
548 1089 674 1125 Cicero
689 1090 735 1124 de
749 1089 820 1125 div.
836 1102 863 1124 11
878 1093 933 1132 62,
950 1092 1015 1123 127
1034 1088 1130 1124 ‘iam
1149 1099 1233 1124 vero
1255 1089 1338 1133 quis
1358 1088 1480 1124 dicere
1501 1088 1639 1123 audeat
1651 1099 1738 1123 vera

173 1144 298 1180 omnia
309 1155 387 1179 esse
399 1143 552 1179 somnia.
563 1144 726 1188 «aliquot
736 1143 881 1179 somnia
889 1153 997 1179 vera»
1006 1141 1130 1186 inquit
1136 1141 1278 1177 Ennius
1287 1142 1371 1178 «sed
1383 1143 1508 1178 omnia
1517 1152 1592 1178 ‘non
1602 1153 1738 1177 necesse

173 1203 224 1235 est
240 1199 478 1243 (non-nune
492 1207 676 1232 necesse
699 1198 767 1232 est
781 1196 885 1232 Voss.
898 1196 927 1230 B
944 1207 1154 1232 nonnunc
1175 1195 1286 1231 haec
1308 1196 1379 1230 &et
1394 1195 1498 1231 Voss.
1512 1196 1545 1230 A
1559 1195 1735 1241 Vind.)».'

292 1251 394 1286 Haec
416 1261 575 1295 quoque,
596 1261 692 1295 quae
715 1251 794 1285 tam
820 1249 1025 1295 dactylicos
1050 1260 1222 1284 numeros
1247 1248 1412 1294 recipere
1438 1249 1620 1292 videntur,
1645 1260 1738 1294 quos

175 1305 264 1341 olim
285 1305 330 1339 de
349 1303 503 1350 Ilbergii
523 1303 736 1339 coniectura
754 1302 874 1348 posui,
895 1314 1007 1347 quam
1027 1303 1203 1345 scenicos,
1224 1314 1316 1347 quos
1337 1314 1411 1337 non
1424 1314 1497 1337 uno
1511 1303 1621 1338 modo
1635 1313 1738 1338 recu-

174 1369 305 1405 perare
317 1357 546 1393 Ribbeckius
566 1357 774 1402 temptavit,
796 1356 951 1391 dubium
971 1357 1172 1392 admodum
1192 1357 1249 1391 est
1268 1356 1327 1391 cui
1347 1356 1447 1401 parti
1467 1356 1674 1391 adscribas:
1690 1356 1739 1390 ad

174 1413 214 1447 id
228 1411 328 1456 quod
341 1422 440 1445 nunc
454 1412 601 1446 secutus
616 1422 696 1445 sum
709 1421 769 1446 me
781 1410 942 1445 maxime
962 1410 1120 1445 adduxit
1132 1410 1233 1454 quod
1246 1421 1321 1445 non
1335 1409 1512 1445 credibile
1526 1410 1583 1444 est
1596 1408 1738 1445 Cicero-

175 1477 270 1508 nem,
292 1476 336 1500 ex
355 1464 475 1499 Ennio
496 1464 681 1508 videlicet,
700 1474 890 1499 noenum
910 1463 1100 1509 scripsisse
1114 1463 1232 1509 (cuius
1246 1463 1346 1498 vocis
1360 1474 1456 1508 quae
1470 1462 1548 1498 visa
1562 1463 1649 1497 sunt
1660 1473 1739 1497 ves-

175 1519 272 1565 tigia
289 1518 389 1553 unde
407 1519 498 1552 nata
518 1517 594 1552 sint
612 1517 651 1552 in
671 1518 800 1563 aperto
821 1518 889 1562 est)
910 1517 975 1552 sed
995 1517 1095 1561 quod
1114 1517 1195 1562 ipse
1215 1517 1310 1552 solet
1327 1528 1413 1552 non
1438 1529 1462 1551 n
1474 1527 1493 1552 e
1506 1527 1555 1552 ce
1567 1528 1582 1551 s
1595 1528 1611 1551 s
1623 1527 1642 1551 e
1665 1518 1740 1551 est

176 1573 237 1618 (de
250 1572 309 1606 fin.
322 1585 335 1606 1
350 1574 405 1614 20,
418 1574 480 1615 653
500 1584 541 1605 111
557 1574 610 1613 11,
624 1574 686 1615 383
705 1582 772 1615 pro
786 1570 892 1605 Rosa.
905 1570 985 1604 Am.
1002 1574 1057 1613 32,
1070 1571 1139 1616 90).
1156 1571 1209 1605 De
1222 1582 1347 1605 versus
1368 1570 1487 1605 forma
1500 1581 1612 1614 quam
1631 1570 1740 1615 posui

176 1625 272 1660 nihil
297 1624 457 1669 affirm03
485 1624 673 1659 sententia
698 1623 830 1659 similis
850 1623 906 1658 illi
926 1623 1083 1659 Zenonis
1104 1624 1150 1659 de
1169 1625 1244 1659 nat.
1261 1624 1358 1659 deor.
1374 1637 1387 1658 1
1407 1627 1462 1667 25,
1480 1626 1523 1659 70
1540 1623 1740 1659 ‘nonnulla

176 1679 256 1714 visa
276 1689 355 1713 esse
374 1677 482 1720 falsa,
502 1689 576 1713 non
596 1677 747 1712 omnia.’

295 1731 410 1766 XLIV
424 1732 519 1776 (430)
557 1730 694 1765 Paulus
714 1730 815 1765 Festi
834 1743 869 1775 p.
889 1734 968 1773 539,
985 1734 1004 1765 7
1022 1730 1087 1765 Th.
1109 1731 1232 1766 ‘tesca
1250 1731 1333 1766 loca
1353 1732 1510 1776 augurio
1531 1731 1738 1777 designata.

178 1785 304 1821 Cicero
326 1795 458 1830 aspera
478 1784 533 1819 ait
552 1795 631 1819 esse
651 1785 689 1819 et
708 1783 906 1819 difficilia?
922 1784 1053 1819 Festus
1067 1784 1131 1810 ‘—
1148 1806 1191 1810 —
1206 1786 1223 1819 t
1235 1784 1318 1819 loca
1332 1785 1488 1830 augurio
1503 1784 1627 1831 desig}
1643 1812 1739 1819 ......

177 1839 318 1884 templa
338 1838 495 1882 antiqua
510 1837 514 1884 1
532 1858 576 1863 -
598 1859 641 1862 -
662 1839 751 1883 (er)o
772 1848 905 1883 aspera
924 1837 1095 1873 difficilia
1121 1838 1245 1885 aditu}
1263 1859 1306 1864 -—
1328 1859 1371 1864 —-
1394 1841 1471 1883 (c)a
1496 1850 1627 1883 aspera
1652 1849 1742 1872 saxa

178 1897 271 1929 tesca
290 1897 395 1928 tuor»
413 1892 416 1939 Ι
431 1913 474 1917 -
490 1913 533 1917 -
546 1892 673 1937 (c)teta
686 1892 784 1938 (Acc.
801 1894 869 1926 554
882 1891 940 1936 R.)
955 1891 1062 1936 «quis
1082 1893 1123 1926 tu
1143 1902 1181 1926 es
1200 1891 1369 1926 mortalis
1387 1891 1391 1938 Ι
1408 1913 1451 1917 ——
1467 1913 1510 1918 —
1526 1903 1549 1926 a
1562 1893 1600 1927 et
1609 1892 1742 1935 tesqua

177 1948 215 1981 te
235 1946 412 1991 adportas
431 1945 536 1981 loca»
554 1945 557 1991 Ι
574 1946 597 1979 .’
620 1944 680 1979 Sic
700 1945 779 1980 cod.
800 1945 948 1980 Farnes,
970 1945 1219 1980 Mommsenus
1244 1945 1345 1980 Festi
1373 1946 1451 1981 cod.
1473 1946 1573 1991 quat.
1592 1958 1653 1980 xm
1669 1946 1739 1980 act.

179 2000 283 2034 acad.
303 2010 334 2034 a.
352 2002 443 2033 1864
462 2011 497 2043 p.
515 2002 558 2033 64
582 2009 626 2033 ex
643 1998 826 2033 Vaticano
848 1998 870 2032 S
890 1999 982 2033 haec
1003 1998 1146 2043 profert
1167 1998 1330 2043 ‘templa
1355 1998 1511 2042 antiqua
1536 1999 1638 2033 tesca
1663 2009 1742 2033 esse

180 2052 235 2087 ait
259 2063 368 2087 cuero
395 2062 528 2096 aspera
553 2050 724 2086 difficilia
749 2051 865 2086 aditu.
887 2051 1028 2086 Ennius
1049 2052 1200 2087 «ardua
1225 2063 1356 2097 aspera
1375 2062 1464 2086 saxa
1483 2052 1618 2087 ταας»)
1635 2051 1742 2085 Unde

179 2105 272 2140 haec
291 2105 403 2139 Ennii
423 2115 502 2139 esse
523 2105 751 2149 compertum
772 2105 843 2139 est:
871 2105 936 2139 sed
958 2104 1130 2139 Enniana
1155 2105 1278 2149 verba,
1304 2115 1400 2149 quae
1426 2116 1509 2140 cum
1534 2104 1741 2139 Ribbeckio

179 2158 323 2246 ῗοτίρεί,
343 2157 400 2192 vel
421 2157 474 2192 sic
494 2158 671 2204 ambigua
690 2159 785 2192 sunt.
884 2158 999 2193 Loca
1021 2159 1147 2193 tesca
1166 2169 1262 2203 quae
1282 2158 1357 2193 sint
1376 2157 1546 2203 disputat
1559 2157 1676 2193 Varro
1696 2158 1742 2192 de

197 2240 202 2245 .
218 2212 256 2246 L.
272 2225 323 2246 vn
343 2215 468 2246 8—11.
