2004 3278
239 227 300 264 CX
795 226 823 261 I.
848 225 1076 261 HISTORIA
1095 225 1232 260 EN'N'H

238 339 336 378 Aen.
356 351 414 376 xn
435 339 517 377 657
551 339 710 376 tantum
735 337 895 376 Ennius
924 348 1101 376 mussare
1124 349 1202 385 pro
1232 340 1356 376 tacere
1378 340 1515 386 posuit
1543 340 1654 378 nullo
1685 352 1801 378 versu

240 399 451 447 adscripto.
477 398 531 435 Et
554 398 652 436 haec
677 398 758 436 suis
778 397 891 435 libris
910 396 1067 435 reddita
1085 396 1326 448 fragmenta:
1351 398 1557 447 praeterea
1576 399 1659 437 solo
1680 399 1802 437 Ennii

238 458 397 495 nomine
424 456 559 495 addito
591 457 767 495 citantur
790 469 821 494 n
842 457 928 494 424
962 453 1163 505 ‘yravidas
1193 468 1280 494 cusm
1310 467 1459 495 vomere
1488 455 1652 506 fruqes':
1683 454 1799 496 ‘cum'

239 516 473 556 abundat...
494 517 654 555 Emnius
674 512 826 565 ‘effudit
844 527 950 554 voces
962 517 1126 563 proprio
1146 527 1233 554 cum
1244 518 1397 564 pectore
1415 514 1560 554 sancto’
1581 518 1624 555 id
1643 520 1697 556 est
1707 528 1802 565 pro-

231 577 324 624 prio
344 578 495 623 pectore
520 571 628 627 [ann.
651 571 766 626 540]
795 575 872 620 Qui
896 587 1031 613 versus
1057 575 1117 613 est
1135 587 1215 613 una
1235 575 1364 613 Servii
1382 574 1457 613 fide
1476 576 1658 615 traditus.
1683 589 1730 614 111
1746 577 1799 614 35

241 629 370 687 (Vat.)
388 647 464 683 per
487 634 731 673 Assaracum
760 635 948 673 Troianos
973 635 1076 679 dicit,
1106 646 1201 672 nam
1224 633 1448 673 Assaracus
1473 646 1571 673 avus
1594 634 1801 674 Anchisae.

240 694 399 732 Ennius
429 690 642 733 ‘Assaraco
672 696 790 732 natus
822 693 951 742 Capys
983 695 1149 741 optimus
1179 695 1286 741 isque
1310 695 1427 741 pium
1461 705 1505 732 ex
1534 706 1575 732 sc
1604 694 1801 733 Anchisen

236 750 406 802 generat'
424 749 531 804 [ann.
548 754 603 792 30
612 748 700 804 sq.].
722 751 963 804 Genealogia
981 753 1060 791 ista
1080 765 1195 802 saepe
1216 765 1239 791 a
1260 752 1396 791 Servio
1416 747 1559 806 (etiam
1573 752 1737 792 aProbo
1751 753 1802 792 ad

240 812 408 850 eundem
432 824 590 850 versum
615 807 907 865 georgicorum)
933 814 1188 859 memoratur,
1213 824 1349 851 versus
1370 812 1491 850 Ennii
1509 825 1705 862 nusquam
1723 813 1802 851 nisi

238 872 313 909 hoc
338 872 424 910 loco
451 872 678 910 afferuntur.
716 884 762 909 111
785 872 837 909 76
867 868 1015 910 ‘mollia
1039 884 1158 910 crura
1181 868 1362 919 reponit':
1385 872 1545 910 Ennius
1569 873 1616 911 de
1636 873 1801 921 yruibus

241 927 396 978 ‘perque
426 932 562 979 fabam
592 933 734 979 repunt
763 933 796 969 et
820 931 955 969 mollia
979 943 1098 969 crura
1121 928 1326 979 reponumt'
1356 928 1461 980 [ann.
1485 930 1600 981 556}
1632 931 1801 970 Versum

239 990 344 1028 solus
366 990 524 1028 Servius
545 989 734 1039 exhibuit,
757 990 908 1028 scholia
926 990 1143 1028 Bernensia
1161 1002 1241 1028 non
1260 990 1430 1028 afferunt
1448 991 1526 1029 nisi
1543 991 1677 1029 mollia
1695 992 1802 1038 flemi-

239 1049 346 1094 bilia,
366 1052 401 1087 et
418 1049 578 1087 Ennius
603 1049 648 1087 de
669 1050 834 1098 yruibus
859 1050 963 1088 dicit.
994 1049 1068 1088 His
1094 1049 1260 1088 subiicio
1285 1062 1300 1086 1
1323 1051 1375 1087 12
1398 1044 1594 1102 (Lemov.)
1623 1046 1802 1098 ‘fremen-

238 1111 311 1146 tem
335 1109 440 1156 fudit
463 1105 620 1156 aquam’
648 1109 787 1157 leywnt,
813 1109 914 1156 quod
937 1111 1077 1147 veteres
1101 1121 1307 1147 murmura
1333 1121 1456 1156 aquae
1479 1110 1678 1157 fremitum
1704 1110 1802 1148 dice-

239 1168 342 1205 bant.
374 1168 533 1205 Ennius
567 1164 684 1218 [scen.
708 1166 810 1217 384]
840 1164 947 1216 ‘ayer
977 1168 1149 1215 oppletus
1179 1169 1364 1206 imbrium
1394 1165 1581 1215 fremitu',
1613 1171 1648 1206 et
1677 1169 1801 1207 denuo

239 1222 349 1277 [ann.
372 1222 476 1278 497]
504 1223 742 1275 ‘ratibusque
765 1227 953 1275 fremebat
975 1227 1097 1265 imber
1120 1224 1321 1274 Neptuni?
1349 1227 1533 1265 Scenicus
1559 1239 1694 1266 versus
1723 1228 1803 1265 nisi

239 1286 310 1323 illo
335 1286 422 1323 loco
448 1298 527 1323 non
552 1287 806 1334 memoratur,
831 1286 1103 1324 hexametrum
1127 1286 1247 1324 habet
1273 1285 1432 1325 Servius
1459 1281 1651 1340 (Daniel.)
1680 1287 1802 1325 etiam

238 1346 281 1382 in
305 1344 401 1382 Aen.
422 1357 464 1382 XI
486 1346 581 1382 299.
608 1345 661 1382 Et
685 1345 778 1382 huic
803 1346 955 1383 scenico
982 1346 1083 1383 alter
1112 1345 1388 1383 tantummodo
1421 1345 1621 1384 addendus
1651 1348 1711 1384 est
1737 1346 1801 1384 vel

237 1416 329 1453 pars
357 1404 519 1442 alterius
545 1416 587 1442 1v
609 1405 692 1442 170
719 1399 849 1457 (Vat.)
878 1401 1063 1452 ‘fulmina
1080 1402 1310 1452 properant’
1337 1407 1478 1443 vetuste
1503 1407 1575 1450 ait,
1608 1408 1653 1443 ut
1680 1406 1800 1443 Plau-

238 1466 321 1501 tus.
339 1493 346 1501 .
366 1466 400 1502 et
418 1463 577 1501 Ennius
598 1460 798 1511 ‘festinant
816 1460 930 1502 diem’
947 1459 1067 1515 [scen.
1083 1460 1200 1515 426].
1221 1463 1344 1508 Quem
1362 1476 1520 1502 versum
1538 1465 1693 1514 plenius
1713 1476 1802 1502 611111

238 1522 374 1560 eodem
393 1522 579 1560 Plautino
601 1522 760 1560 Servius
785 1523 828 1560 in
846 1522 943 1562 Aen.
957 1535 1000 1560 1x
1016 1524 1098 1561 399
1115 1517 1255 1576 (Dan.)
1277 1524 1472 1572 apposuit.
1492 1524 1696 1562 Postremo
1710 1536 1724 1561 1
1746 1524 1799 1561 75

239 1576 386 1634 (Lem.)
413 1578 622 1629 ‘tristisque
646 1579 805 1629 lupini':
829 1583 975 1620 amari:
999 1583 1205 1620 truncatus
1228 1595 1364 1621 versus
1385 1582 1548 1621 affertur
1566 1596 1682 1632 quem
1701 1584 1800 1620 inte-

239 1654 353 1691 grum
378 1653 424 1678 ex
450 1642 675 1679 saturarum
702 1642 843 1689 quarto
868 1641 1091 1679 Macrobius
1116 1642 1356 1690 perscripsit.

355 1700 429 1738 His
456 1701 645 1749 expositis
672 1702 853 1749 apertum
878 1702 939 1738 est
965 1712 1083 1749 quam
1107 1700 1204 1738 bene
1230 1701 1424 1749 interpres
1450 1701 1724 1752 georgicorum
1753 1701 1800 1739 de

240 1759 361 1796 Ennii
385 1759 565 1808 reliquiis
590 1760 755 1797 meritus
782 1760 852 1798 sit:
877 1772 1015 1797 verum
1039 1760 1174 1797 tamen
1198 1772 1246 1797 116
1271 1761 1314 1797 111
1332 1760 1407 1798 1106
1427 1760 1585 1809 quidem
1606 1772 1800 1799 commen-

237 1819 341 1856 tario
368 1818 520 1866 desunt,
548 1831 647 1867 quae
673 1830 762 1856 cum
787 1820 942 1868 possint
966 1819 1118 1856 nullam
1144 1819 1265 1856 Ennii
1289 1820 1477 1857 notitiam
1501 1819 1659 1868 habent,
1691 1820 1801 1858 velut

237 1890 252 1915 1
275 1879 325 1915 11
354 1878 507 1925 Fawni,
532 1890 547 1915 1
569 1878 623 1915 94
649 1878 716 1915 hos
740 1881 905 1922 rastros,
930 1890 945 1915 1
966 1879 1048 1915 207
1076 1879 1168 1916 haec
1192 1881 1334 1922 ostrea,
1359 1891 1374 1916 1
1396 1879 1478 1916 322
1512 1891 1649 1927 aymen
1680 1891 1800 1927 aqua-

237 1949 337 1974 rum.
357 1949 388 1974 11
408 1938 464 1974 42
492 1933 584 1974 ‘non
609 1948 674 1985 eqo
700 1940 836 1975 cuncta
860 1934 985 1975 meis’:
1008 1937 1184 1976 Lucretii
1207 1949 1353 1982 versus,
1377 1937 1444 1975 sed
1467 1938 1531 1975 ille
1558 1935 1687 1976 ‘aerea
1711 1935 1798 1976 vox'

238 1997 305 2039 ait,
329 2007 408 2033 non
429 1993 599 2044 ‘ferrea'z
625 1996 676 2034 ad
696 2009 812 2045 quem
831 2009 987 2034 versum
1006 1997 1070 2035 vel
1088 1996 1309 2045 proximum
1330 2008 1419 2034 cum
1438 1996 1557 2035 schol.
1578 1997 1693 2035 Bern.
1714 1999 1800 2034 tum

237 2055 391 2103 plenius
412 2054 532 2093 schol.
548 2054 670 2093 Paris.
692 2055 862 2093 similem
877 2055 997 2093 Ennii
1014 2068 1172 2094 versum
1187 2050 1294 2108 (ann.
1311 2056 1392 2093 561
1408 2050 1483 2109 sq.)
1498 2056 1799 2105 perhibuerunt,

239 2113 395 2163 aliaque
420 2115 538 2163 plura
563 2115 696 2152 afferri
720 2116 886 2164 possunt
912 2114 1053 2163 quibus
1080 2115 1230 2153 Ennius
1263 2127 1352 2153 cum
1382 2116 1595 2153 memorari
1624 2116 1800 2165 potuerit

237 2185 316 2211 non
340 2175 592 2212 memoratur.

358 2231 455 2270 Cum
477 2233 614 2271 Servio
641 2234 798 2282 oportet
823 2235 1100 2272 connectamus
1126 2234 1276 2271 scholia
1301 2234 1347 2271 111
1362 2234 1584 2284 Vergilium
1611 2246 1710 2283 quae
1736 2246 1799 2272 ex-

238 2293 347 2330 stant
377 2304 466 2330 cum
491 2292 708 2330 Bernensia
732 2294 818 2330 tum
842 2292 1104 2340 Veronensia,
1137 2305 1377 2341 quamquam
1402 2293 1473 2331 ffla
1500 2295 1675 2342 tempore
1699 2293 1799 2331 infe-

237 2350 344 2389 riora
368 2353 461 2389 sunt
485 2363 564 2389 non
590 2352 719 2389 solum
745 2351 882 2390 Servio
908 2352 976 2390 sed
1001 2352 1122 2390 etiam
1147 2351 1366 2401 Macrobio,
1390 2352 1532 2390 horum
1558 2354 1667 2390 aetas
1695 2352 1799 2401 quod

238 2411 360 2447 sciam
380 2410 523 2448 certius
544 2410 699 2448 definiri
716 2423 796 2448 non
813 2412 956 2460 potest.
983 2410 1060 2448 Sed
1079 2411 1125 2448 (16
1145 2411 1273 2448 Ennio
1293 2412 1504 2459 utrumque
1524 2411 1799 2460 corpusculum

236 2468 357 2507 habet
382 2469 487 2518 quod
513 2482 648 2507 eorum
673 2471 879 2520 proprium
904 2471 958 2508 sit
982 2471 1023 2508 et
1048 2469 1324 2508 conservandis
1351 2469 1471 2507 Ennii
1496 2471 1676 2518 reliquiis
1707 2482 1798 2519 pro-

238 2528 368 2566 fuerit.
394 2528 441 2566 Id
467 2529 563 2577 quid
587 2530 641 2566 sit
667 2542 786 2578 quam
810 2529 1040 2567 brevissime
1066 2530 1203 2578 potero
1229 2528 1468 2579 significabo.
1498 2528 1557 2566 Ac
1582 2529 1798 2566 Bernensia

239 2587 397 2636 quidem
418 2587 465 2625 ab
485 2587 534 2624 H.
554 2587 718 2639 Hageno
739 2588 951 2639 diligenter
969 2588 1076 2626 edita
1094 2589 1176 2626 iam
1195 2600 1314 2637 supra
1333 2587 1385 2625 ad
1405 2587 1585 2626 Servium
1603 2588 1646 2625 in
1665 2601 1796 2639 georg.

237 2658 267 2684 11
289 2647 342 2684 43
370 2648 410 2684 et
433 2658 480 2684 111
503 2647 554 2684 76
587 2647 842 2685 memoranda
866 2648 1035 2685 fuerunt.
1076 2647 1153 2685 Sed
1176 2648 1226 2685 iis
1252 2647 1346 2685 solis
1371 2648 1543 2696 primum
1567 2648 1798 2686 testimonia

238 2705 315 2743 duo
341 2707 502 2754 accepta
526 2705 762 2755 referuntur,
787 2707 956 2744 alterum
982 2702 1089 2759 (ann.
1109 2719 1124 2743 1
1143 2707 1190 2743 fr.
1210 2701 1269 2759 LI)
1296 2706 1343 2743 de
1362 2706 1529 2744 Romulo
1548 2707 1591 2744 in
1609 2706 1797 2744 honorem

237 2763 343 2802 Iovis
369 2764 538 2802 Feretrii
567 2764 681 2803 ludos
712 2766 957 2814 instituente,
989 2765 1158 2803 alterum
1190 2760 1297 2819 (ann.
1318 2777 1344 2802 x
1363 2765 1410 2802 fr.
1429 2759 1490 2817 1v)
1517 2765 1564 2802 de
1590 2763 1796 2814 Gniphone

239 2823 442 2861 annalium
467 2823 739 2862 Ennianorum
765 2826 1072 2863 commentatore
1098 2826 1138 2862 et
1163 2824 1210 2862 de
1235 2824 1403 2862 acantho
1430 2824 1512 2861 sive
1544 2823 1682 2861 arbore
1714 2825 1796 2862 sive

238 2882 332 2919 urbe
365 2882 413 2920 ab
445 2895 490 2920 60
522 2883 728 2932 explicata.
767 2884 827 2920 Ex
857 2883 1035 2922 versibus
1068 2885 1217 2931 autem,
1251 2896 1417 2932 quorum
1447 2883 1593 2920 notitia
1626 2882 1676 2920 ad
1699 2883 1796 2920 haec

239 2941 388 2979 scholia
420 2941 505 2979 sola
535 2942 655 2991 redit,
686 2942 798 2993 digni
829 2945 922 2981 sunt
947 2944 1015 2992 qui
1041 2943 1272 2991 afferantur,
1303 2943 1399 2981 tibia
1428 2953 1632 2980 musarum
1655 2943 1798 2990 panyit
