2020 3334
275 240 360 276 XIV
839 239 865 274 Ι.
892 238 1120 274 HISTORIA
1141 239 1279 274 ENNII

272 354 320 391 ut
356 365 441 391 sero
478 351 628 402 poesim
665 363 689 389 a
726 350 914 388 Romanis
953 352 1152 401 acceptam
1189 362 1260 389 nec
1299 353 1437 401 poetas
1480 351 1578 391 satis
1621 351 1834 390 honoratos

271 411 391 450 fuisse
423 411 588 458 doceret,
619 411 799 448 honorem
828 410 963 459 inquit
993 407 1082 448 huic
1108 411 1240 458 ymeri·
1267 420 1346 448 303
1368 411 1490 458 fuisse
1515 411 1687 450 declarat
1710 411 1834 449 oratio

275 470 433 509 Catonis
468 471 512 508 iri
548 481 626 517 qua
662 469 797 508 obiecit
830 471 875 507 ut
903 469 1097 517 probrum
1126 469 1187 506 M.
1218 468 1431 514 Nobiliori,
1467 471 1569 518 quod
1604 471 1638 508 is
1672 471 1716 508 iu
1739 480 1833 517 pro-

271 531 442 568 vinciam
471 531 608 576 poetas
645 528 835 567 duxisset.-
872 528 1037 567 duxerat
1073 530 1201 567 autem
1237 527 1371 566 consul
1400 528 1465 566 ille
1494 530 1538 567 in
1567 528 1762 568 Aetoliam
1791 531 1836 566 ut

272 590 415 627 scimus
446 588 636 626 Ermium.
704 585 812 632 Quae
850 587 977 626 oratio
1014 587 1152 625 habita
1190 599 1268 625 non
1307 588 1398 625 ante
1436 599 1583 626 annum
1613 601 1651 626 u.
1677 601 1708 627 c.
1736 588 1834 634 567,

274 660 352 697 quo
385 659 488 686 anno
513 647 679 686 Fulvius
710 646 957 697 triumphum
988 647 1071 697 egit
1102 659 1148 685 ex
1173 645 1340 695 Aetolis,
1372 646 1446 685 etsi
1471 646 1592 684 Ennii
1616 659 1758 685 nomen
1787 651 1835 685 ut

271 707 428 745 videtur
471 718 549 745 non
594 706 742 754 tenuit,
784 707 918 745 tamen
963 708 1003 744 et
1043 707 1102 744 rei
1147 705 1358 744 veritatem
1400 706 1544 756 probat
1587 707 1627 744 et
1673 705 1833 744 Catonis

271 766 525 816 iniquitatem
562 766 604 803 in
635 765 808 803 Ennium
841 765 994 815 liquido
1026 764 1286 804 demonstrat:
1317 766 1363 803 ut
1394 778 1511 814 quem
1542 765 1638 804 olim
1670 778 1716 802 ex
1745 764 1834 803 Sar-

272 825 382 863 dinia
411 825 579 863 Romam
611 825 837 873 deduxerat,
868 837 957 863 eum
986 825 1053 863 vix
1084 824 1266 863 videatur
1297 824 1571 863 familiaritate
1599 837 1672 864 sua
1697 823 1833 875 digna-

270 886 335 923 tus
367 878 503 936 esse.*)

392 943 547 981 Ennius
586 945 718 982 autem
749 942 937 981 Fulvium
967 955 1046 981 non
1078 942 1277 982 militandi
1310 955 1427 982 causa
1458 942 1668 982 comitatus
1704 944 1763 981 est
1793 942 1835 980 in

270 1002 488 1051 Aetoliam,
529 1002 634 1052 quod
678 1002 821 1040 Catoni
863 1004 967 1041 certe
1010 1003 1140 1041 minus
1185 1003 1389 1041 offensioni
1426 1003 1607 1040 futurum
1646 1004 1750 1052 erat,
1795 1003 1834 1040 et

274 1061 408 1100 Cicero
439 1074 581 1112 parum
614 1064 798 1100 accurate
829 1062 964 1100 scribit
994 1062 1036 1099 in
1061 1062 1186 1100 Bruto
1212 1057 1301 1114 (20,
1323 1056 1396 1115 79)
1429 1061 1497 1099 ubi
1522 1061 1569 1100 de
1594 1061 1728 1100 Fulvii
1752 1060 1834 1099 filio

272 1121 437 1171 loquens
470 1121 517 1159 de
544 1121 671 1159 Ennio
701 1121 798 1159 dicit
822 1122 890 1169 qui
914 1133 1001 1160 cum
1018 1124 1134 1169 patre
1159 1123 1242 1160 eius
1266 1122 1310 1159 iu
1333 1120 1488 1159 Aetolia
1511 1115 1834 1173 militaverat**);

271 1193 512 1230 quamquam
556 1182 744 1219 memoria
781 1181 993 1219 militantis
1036 1180 1078 1218 in
1114 1180 1273 1218 Aetolia
1310 1180 1431 1218 Ennii
1468 1180 1518 1218 ad
1556 1179 1835 1229 Symmachum

270 1241 505 1289 permansit,
537 1239 606 1288 qui
636 1240 679 1277 in
710 1240 822 1289 epist.
855 1234 889 1292 (1
917 1241 990 1288 20,
1012 1234 1056 1292 2)
1089 1252 1177 1277 cum
1207 1239 1303 1278 11333
1335 1239 1472 1277 scribit
1502 1240 1570 1278 sed
1600 1241 1663 1278 cui
1694 1240 1834 1278 eveniet

271 1302 340 1337 aut
375 1302 454 1337 tam
490 1299 585 1347 felix
627 1299 842 1347 discipulus
886 1302 955 1337 aut
992 1301 1071 1337 tam
1107 1310 1251 1337 memor
1293 1299 1465 1337 debitor?
1513 1311 1567 1337 au
1608 1300 1834 1348 iquoramus

269 1370 455 1407 maguum
485 1358 609 1403 illum,
641 1359 704 1396 cui
733 1369 858 1406 supra
887 1361 1017 1396 votum
1046 1359 1207 1406 fortuna
1237 1359 1361 1405 fluxit,
1391 1357 1601 1406 Stayiritae
1629 1369 1700 1396 suo
1733 1358 1835 1396 nihi-

269 1417 352 1455 lum
382 1417 651 1462 commodasse,
681 1418 761 1455 uisi
791 1418 885 1465 quia
909 1417 1042 1455 Ennio
1074 1429 1119 1455 ea·
1142 1416 1325 1455 Aetolicis
1349 1417 1547 1455 manubiis
1572 1418 1726 1465 captiva
1751 1419 1834 1455 tan-

270 1479 351 1514 tum
382 1477 552 1525 chlamys
583 1477 737 1514 muneri
767 1476 861 1514 data
892 1477 1080 1514 Fulvium
1111 1476 1313 1521 decolorat,
1348 1476 1444 1525 quid
1476 1477 1622 1514 sentiat
1653 1474 1835 1526 apertum

273 1537 344 1585 est,
376 1536 444 1574 sed
475 1535 635 1573 difficile
667 1535 775 1573 dictu
807 1548 884 1585 quo
915 1535 1044 1574 rivulo
1075 1535 1170 1573 haec
1202 1535 1252 1573 ad
1282 1535 1386 1573 hunc
1417 1535 1648 1585 scriptorem
1681 1548 1833 1585 perma-

271 1596 467 1633 naverint.
537 1594 613 1633 Sed
649 1594 803 1633 Ennius
841 1607 930 1632 cum
968 1595 1127 1633 consule
1166 1595 1366 1644 profectus
1405 1596 1464 1633 est
1500 1595 1542 1632 in
1578 1593 1834 1645 provinciam,

270 1655 316 1691 ut
353 1654 471 1692 simul
512 1655 614 1692 esset
650 1666 738 1691 cum
774 1654 932 1692 homine
970 1653 1122 1692 erudito
1161 1655 1201 1691 et
1240 1655 1282 1691 in
1320 1653 1463 1692 litteris
1494 1655 1669 1702 versato,
1707 1655 1764 1702 et,
1802 1653 1834 1691 si

270 1713 384 1762 forte,
414 1714 460 1750 ut
490 1715 608 1762 poeta
634 1713 742 1751 ducis
767 1712 904 1751 laudes
931 1713 1102 1751 carmine
1128 1713 1357 1752 illustraret.
1410 1712 1636 1751 Clarissima
1660 1725 1723 1750 res
1749 1714 1835 1751 erat

272 1774 356 1810 eius
389 1772 648 1822 expeditionis
681 1772 922 1822 expugnatio
947 1771 1183 1810 Ambraciae
1207 1771 1441 1810 Aetolorum
1472 1771 1592 1820 urbis,
1625 1784 1744 1821 quam
1769 1771 1832 1809 Li—

270 1831 358 1870 vius
397 1833 555 1878 enarrat
593 1825 768 1884 (xxxvm
795 1826 960 1884 4—9)‚
997 1844 1068 1869 nec
1104 1843 1208 1869 vana
1245 1833 1305 1869 est
1336 1832 1469 1880 opinio
1501 1831 1707 1869 Ribbeckii
1737 1830 1833 1869 Am-

272 1891 446 1929 braciam
483 1891 604 1928 Ennii
641 1889 881 1939 aliquotiens
919 1890 1083 1928 citatam
1120 1903 1144 1928 a
1175 1890 1304 1928 Nonio
1342 1891 1589 1939 praetextam
1623 1891 1742 1929 fuisse
1772 1891 1834 1928 his

270 1950 386 1988 rebus
429 1951 549 2001 gestis
593 1950 783 1997 dicatam,
827 1950 922 1987 licet
963 1950 1134 1999 paucula
1177 1962 1277 1998 quae
1319 1951 1472 1988 restant
1512 1950 1735 2000 fragmenta
1775 1950 1833 1987 ni-

273 2009 331 2047 hil
361 2009 535 2047 habeant
566 2009 671 2058 quod
702 2021 790 2047 cum
820 2009 894 2047 hac
925 2022 967 2047 re
999 2010 1052 2048 sit
1082 2009 1345 2047 coniunctum.
1409 2008 1517 2054 Quae
1551 2010 1593 2046 in
1631 2010 1834 2047 annalium

270 2068 338 2106 lib.
364 2080 419 2107 xv
450 2068 497 2106 de
528 2068 668 2107 iisdem
705 2068 819 2107 rebus
852 2069 1030 2118 exposita
1067 2069 1180 2106 erant
1212 2068 1340 2106 multo
1377 2069 1607 2118 posterioris
1645 2069 1833 2118 temporis

272 2128 449 2176 fuerunt,
487 2129 534 2165 ut
571 2140 670 2177 quae
708 2128 759 2165 ad
796 2140 885 2166 eum
922 2127 1069 2165 librum
1107 2127 1306 2177 adscripta
1343 2129 1435 2166 sunt
1470 2126 1625 2165 Aurelii
1660 2127 1833 2166 Victoris

271 2187 391 2225 verba
423 2181 488 2239 (de
519 2187 591 2225 vir.
623 2187 765 2226 illustr.
792 2200 822 2225 c.
852 2182 925 2239 52)
958 2188 1018 2225 M.
1044 2187 1212 2225 Fulvius
1242 2187 1422 2225 Nobilior
1453 2187 1586 2225 consul
1610 2185 1831 2225 Aetolos...

265 2246 428 2294 proeliis
470 2247 733 2294 frequentibus
775 2248 892 2285 victos
935 2250 969 2285 et
1009 2247 1053 2284 iri
1089 2245 1344 2285 Ambraciam
1386 2246 1572 2294 oppidum
1609 2249 1754 2284 coactos
1791 2247 1834 2284 iu

271 2305 500 2343 deditionem
537 2307 680 2353 accepit
706 2336 713 2343 .
741 2335 749 2343 .
776 2336 784 2343 .
816 2306 862 2344 de
893 2306 1031 2354 quibus
1068 2307 1330 2354 triumphavit.
1380 2317 1498 2353 quam
1530 2307 1731 2344 victoriam
1760 2316 1836 2353 per

271 2376 311 2402 se
346 2364 597 2412 mayuiftcam
629 2365 670 2413 Q.
703 2365 862 2403 Ennius
900 2366 1048 2404 amicus
1085 2366 1167 2403 eius
1200 2366 1347 2413 iusiqui
1378 2365 1494 2403 laude
1524 2365 1726 2403 celebravit
1755 2365 1832 2403 for-

272 2424 377 2462 tasse
407 2424 552 2462 rectius
585 2423 635 2461 ad
660 2423 915 2463 Ambraciam
947 2424 1143 2463 afferenda
1175 2424 1314 2471 essent,
1348 2424 1425 2462 nisi
1457 2423 1563 2472 quod
1592 2424 1649 2461 ibi
1679 2423 1833 2461 nullum

391 2584 421 2629 *)
447 2583 548 2618 Haec
574 2583 692 2618 oratio
718 2583 757 2618 in
776 2584 947 2619 Fulvium
972 2586 1029 2620 est
1054 2595 1128 2630 qua
1154 2594 1267 2629 supra
1291 2595 1326 2628 p.
1348 2595 1371 2617 x
1389 2595 1424 2617 n.
1446 2582 1704 2628 significabam
1722 2593 1831 2627 posse

274 2631 353 2666 fieri
385 2633 428 2666 ut
460 2630 551 2666 Cato
576 2630 687 2665 Ennii
720 2642 741 2666 a
773 2642 812 2666 33
844 2632 889 2666 de
920 2631 1112 2677 provincia
1143 2630 1295 2666 deducti
1318 2629 1545 2665 mentionem
1570 2629 1709 2664 fecerit.
1761 2629 1832 2664 Sed

274 2680 432 2724 apparet
457 2688 570 2723 quam
594 2677 737 2713 incerta
762 2689 819 2713 res
846 2679 904 2713 sit.
956 2679 1134 2714 Catonem
1159 2680 1284 2714 autem
1310 2678 1403 2713 adeo
1423 2688 1467 2712 ex
1492 2677 1611 2712 Ennio
1632 2677 1853 2722 sumpsisse-

273 2727 408 2770 quibus
443 2725 604 2761 orationi
635 2736 724 2760 suae
755 2726 915 2761 colorem
939 2727 1128 2771 poeticum
1164 2725 1386 2771 impertiret,
1420 2724 1520 2769 quod
1550 2724 1591 2759 E.
1617 2724 1832 2759 Nordenum

274 2774 526 2818 (Kurzstprosa
550 2785 586 2818 p.
609 2773 690 2818 168)
717 2774 880 2809 statuere
898 2773 1018 2818 video,
1044 2774 1136 2808 mihi
1155 2784 1229 2808 non
1253 2771 1499 2818 persuadetur
1524 2782 1591 2806 nec
1616 2772 1686 2806 hoc
1711 2782 1832 2806 exem-

273 2821 346 2866 plis
372 2820 507 2866 quibus
532 2820 650 2854 utitur
675 2820 826 2864 probari
850 2831 959 2865 posse
985 2822 1156 2856 concedo.

370 2868 418 2913 **)
445 2867 552 2910 Quod
571 2866 747 2902 Archiam
771 2869 922 2912 poetam
942 2867 1067 2903 Cicero
1093 2868 1224 2903 scribit
1248 2867 1287 2902 in
1313 2877 1356 2901 33
1376 2866 1543 2901 oratione
1562 2867 1609 2910 (5,
1632 2867 1689 2911 11)
1705 2867 1831 2910 proeci-

273 2916 342 2950 mis
360 2916 566 2951 censoribus
584 2926 665 2951 cum
683 2915 884 2950 clarissimo
897 2916 1122 2960 imperatore,
1141 2916 1186 2951 L.
1201 2915 1368 2957 Lucullo,
1389 2914 1490 2959 apud
1502 2914 1695 2949 exercitum
1707 2913 1832 2956 fuisse,

277 2962 372 2997 nihil
399 2962 491 2998 dicit
516 2962 589 2997 nisi
616 2962 662 2997 ab
687 2961 778 2996 urbe
809 2962 957 2997 afuisse.
