2020 3334
640 241 819 277 NONIUS
840 243 1124 280 MARCELLUS
1550 247 1662 282 XCIII

110 353 174 392 lib.
195 365 219 391 V
237 350 296 403 [v1
314 352 361 390 fr,
381 348 454 403 1v'],
474 352 521 392 cf.
541 352 680 391 Festus
699 368 735 404 p.
758 355 855 404 454,
877 356 949 405 30,
968 369 1004 405 p.
1027 357 1123 405 217,
1146 359 1195 395 11
1219 357 1268 395 Ε.
1288 358 1352 396 lib.
1374 370 1446 396 vm
1461 359 1665 397 annalium

112 408 175 464 [x]
197 442 205 450 .
227 442 234 450 .
257 442 263 449 .
291 412 340 449 E.
366 412 430 450 lib.
458 424 547 449 VIIII
571 410 652 461 [x],
686 426 850 462 quorum
882 416 1090 464 utrumque
1123 415 1172 453 ad
1203 430 1323 454 unum
1354 420 1553 456 auctorem
1585 418 1663 456 No-

110 473 220 509 nium
250 470 370 520 redit,
400 484 437 520 p.
467 471 562 519 195,
586 472 637 508 12
666 472 715 509 Ε.
741 474 878 511 annali
910 474 974 511 lib.
1001 487 1047 511 xl
1070 472 1158 524 [1v],
1184 475 1230 513 cf.
1257 476 1395 514 Festus
1420 490 1457 525 p.
1482 477 1576 526 138,
1598 478 1664 524 24,

111 531 180 580 qui
205 530 376 580 glossam
395 529 526 578 habet,
551 529 724 567 Ennium
743 543 821 569 non
840 534 1048 581 memorat,
1074 546 1109 582 p.
1135 534 1229 582 195,
1251 535 1304 572 20
1325 535 1374 572 E.
1394 535 1458 573 lib.
1479 548 1557 573 xm
1574 532 1665 587 [1v],

111 602 211 639 quae
243 591 408 638 possunt
440 602 485 627 ex
518 588 644 626 Gellio
678 584 738 642 (VI
759 585 802 642 2)
836 589 954 628 (111616
985 603 1084 640 6336,
1122 593 1198 629 11131
1228 593 1469 642 probabilius
1505 595 1556 632 sit
1586 594 1664 632 No-

110 650 221 686 nium
253 648 416 687 eundem
454 648 596 686 adiisse
624 646 857 686 Caesellium
884 661 907 686 a
934 662 1009 698 quo
1035 651 1349 699 reprehendendo
1376 651 1524 690 Gellius
1550 653 1663 702 profi-

112 708 290 746 ciscitur:
322 720 414 745 nam
438 707 591 745 Nonius
623 719 778 756 quoque
812 707 908 745 duos
934 720 1068 746 versus
1095 709 1219 758 affert,
1251 711 1318 758 qui
1342 711 1421 748 tres
1447 712 1537 748 sunt
1562 711 1666 760 apud

112 766 300 816 Gellium,
325 780 362 816 p.
385 768 482 815 219,
505 768 556 804 12
584 766 634 803 Ε.
660 767 724 804 ΜΖ).
745 779 820 804 xm
844 763 945 817 [xv],
971 779 1070 816 quae
1097 770 1262 817 apparet
1286 770 1403 806 unius
1423 769 1543 807 Nonii
1568 782 1666 818 6336,

111 839 148 875 p.
171 827 267 874 222,
289 827 342 864 33
370 826 420 863 Ε.
447 826 652 864 annalium
678 826 742 863 lib.
769 838 859 862 XVII
882 822 967 877 [11],
1000 827 1047 864 cf.
1074 826 1212 864 Festus
1237 840 1274 876 p.
1297 828 1392 876 510,
1415 829 1479 866 30.
1511 828 1574 865 Ad
1601 841 1665 865 an-

111 885 218 923 nales
243 884 448 923 referenda
473 886 564 922 sunt
595 884 704 922 nullo
737 885 939 922 annalium
970 885 1070 923 libro
1102 887 1255 924 notato:
1281 899 1317 935 p.
1341 888 1436 935 211,
1459 888 1480 924 9
1510 888 1666 925 Ennius

113 940 219 996 [ann.
242 940 358 995 553],
386 944 489 993 quod
515 944 589 982 soli
613 943 743 982 Nonio
770 943 949 993 debetur,
980 957 1016 993 p.
1040 946 1135 992 214,
1159 946 1211 983 10
1238 945 1395 983 Ennius
1422 942 1528 996 [ann.
1552 942 1667 996 549}

112 1004 159 1041 cf.
186 1003 324 1041 Festus
355 1017 392 1053 p.
418 1004 515 1052 402,
538 1003 610 1051 15,
642 1016 679 1052 p.
702 1003 799 1051 215,
823 1004 844 1040 7
879 1003 1037 1041 Ennius
1070 999 1176 1054 [ann.
1200 1002 1291 1053 55],
1324 1005 1370 1041 cf.
1402 1004 1539 1042 Festus
1566 1005 1590 1042 1.
1618 1018 1666 1053 6.,

111 1076 148 1112 p.
170 1057 273 1115 2161,
295 1063 348 1100 28
382 1062 541 1100 Ennius
576 1060 684 1111 [ann.
708 1057 800 1112 28],
831 1075 868 1111 p.
892 1064 994 1111 221,
1016 1063 1039 1099 8
1068 1063 1225 1101 Ennius
1258 1059 1365 1113 [ann.
1386 1075 1426 1102 1v
1445 1063 1491 1100 fr.
1513 1059 1557 1114 1],
1588 1065 1667 1101 iam

112 1123 278 1160 citatum
310 1121 377 1159 sed
410 1122 488 1160 alio
521 1121 704 1159 lemmate
730 1135 767 1170 p.
791 1121 857 1169 64,
880 1122 952 1170 31,
978 1135 1014 1170 p.
1038 1123 1133 1169 223,
1156 1122 1209 1159 30
1236 1122 1393 1159 Ennius
1419 1118 1526 1173 [ann.
1549 1121 1668 1171 508],

111 1194 148 1231 p.
172 1182 267 1229 230,
292 1181 343 1218 15
371 1181 530 1219 Ennius
558 1178 664 1229 [ann.
687 1176 804 1231 464],
831 1182 869 1217 et
894 1181 935 1217 hi
963 1181 1150 1229 quattuor
1169 1193 1302 1218 versus
1333 1193 1428 1230 quos
1454 1182 1668 1230 postremos

110 1242 288 1279 recensui
313 1252 391 1278 non
410 1240 557 1278 habent
576 1240 775 1278 auctorem
794 1239 870 1277 nisi
889 1239 1071 1277 Nonium.
1099 1238 1247 1284 Quibus
1268 1239 1427 1278 accedat
1445 1253 1480 1289 p.
1505 1241 1598 1288 190,
1615 1241 1668 1277 20

112 1300 270 1338 Ennius
303 1295 411 1351 [ann.
435 1297 558 1348 598],
590 1300 624 1337 31
656 1297 815 1348 quidem
846 1299 949 1336 recte
983 1298 1188 1336 annalibus
1220 1298 1471 1348 adscribitur,
1500 1301 1669 1337 ceterum

112 1359 211 1397 conf.
238 1358 383 1397 Paulus
415 1358 523 1396 Festi
553 1372 590 1408 p.
614 1359 656 1406 3,
679 1358 744 1396 25.
771 1358 936 1396 Incertis
963 1353 1039 1410 (xn
1059 1360 1098 1396 et
1118 1352 1208 1410 x111)
1241 1358 1429 1407 adscripsi
1462 1371 1559 1407 quae
1590 1358 1667 1396 No-

112 1419 200 1456 nius
219 1417 339 1456 habet
357 1431 394 1468 p.
418 1419 513 1467 192,
538 1418 589 1455 13
612 1419 651 1455 et
673 1418 769 1465 194,
791 1418 856 1455 23.
877 1417 962 1455 Iam
982 1418 1015 1454 si
1036 1418 1122 1466 quis
1141 1417 1243 1455 hunc
1258 1416 1432 1455 ordinem
1446 1417 1668 1455 Nonianum

112 1478 342 1528 respexerit:
367 1490 404 1526 p.
428 1477 510 1514 215
533 1477 617 1515 Ilia
642 1476 710 1515 dia
728 1488 866 1524 nepos,·
893 1478 974 1513 217
997 1476 1060 1514 lib.
1089 1489 1160 1514 vm
1182 1476 1244 1514 lib.
1267 1488 1372 1522 VIIII;
1400 1477 1481 1513 219
1503 1477 1566 1514 lib.
1588 1488 1669 1524 xm,

113 1548 191 1575 non
217 1536 359 1585 credet,
386 1537 536 1586 opinor,
569 1536 675 1585 quod
699 1535 756 1573 ibi
787 1535 957 1573 medium
986 1530 1109 1588 (216)
1135 1536 1282 1585 legitur
1310 1535 1406 1573 Cam
1430 1546 1541 1573 saevo
1573 1536 1669 1572 obsi-

114 1596 176 1634 dio
207 1607 373 1644 maynus
409 1592 566 1634 Titanu'
593 1596 793 1643 premebat
827 1592 933 1645 (ann.
962 1589 1053 1647 28),
1092 1608 1169 1632 11011
1201 1606 1246 1631 ex
1279 1593 1483 1631 annalibus
1521 1594 1586 1631 sed
1625 1607 1670 1631 ex

114 1655 332 1693 Euhemero
358 1655 478 1693 Ennii
503 1655 675 1704 petitum
701 1666 794 1703 esse,
826 1655 935 1692 cuius
962 1654 1113 1691 nullum
1141 1655 1200 1691 est
1226 1653 1332 1702 apud
1356 1653 1528 1690 Nonium
1553 1654 1668 1690 vesti-

113 1715 223 1765 gium
249 1709 358 1768 (vide
385 1726 485 1764 quae
510 1726 629 1764 supra
655 1714 702 1752 de
721 1714 857 1762 ¹qluma
877 1707 988 1766 dixi),
1014 1712 1120 1762 quod
1140 1726 1184 1750 eo
1204 1714 1334 1750 minus
1354 1711 1566 1761 probabile,
1593 1724 1670 1760 quo

113 1774 255 1812 certius
283 1775 342 1812 est
367 1786 390 1811 6
409 1774 539 1812 Nonio
564 1774 606 1811 in
633 1773 768 1811 eodem
793 1772 893 1811 libro
915 1767 970 1825 (p.
996 1773 1089 1820 197,
1112 1767 1156 1824 9)
1177 1772 1344 1809 citatum
1362 1770 1532 1809 Saturno
1553 1770 1671 1819 Quem

116 1832 255 1872 Caelus
271 1834 405 1882 gennit
426 1827 563 1885 (611111
582 1833 628 1870 fr.
650 1827 736 1885 XXI)
758 1833 799 1870 in
820 1831 1027 1870 annalibus
1047 1831 1175 1870 locum
1194 1830 1387 1869 habuisse.
1408 1829 1528 1868 Porro
1548 1832 1671 1867 ostrea

115 1892 218 1941 quod
237 1905 274 1941 p.
297 1893 394 1940 216,
410 1893 432 1929 5
454 1893 590 1930 multis
611 1892 810 1941 exemplis,
831 1891 938 1929 nullo
954 1891 1147 1938 Enniano,
1167 1890 1411 1939 explanatur,
1431 1889 1576 1926 indicio
1591 1900 1671 1927 esse

114 1953 263 2001 potest,
294 1965 342 1990 ne
367 1951 540 1990 Nonium
568 1951 725 2000 quidem
751 1951 1046 1999 hedyphayetiea
1070 1950 1229 1999 legisse,
1261 1961 1363 1998 quae
1384 1950 1540 1997 praeter
1564 1947 1671 1997 Apu-

114 2011 234 2049 leium
259 2011 406 2049 nemini
434 2010 618 2048 videntur
649 2011 743 2048 nota
774 2010 905 2047 fuisse.
939 2009 1073 2046 Etiam
1104 2009 1145 2046 in
1178 2008 1265 2046 aliis
1292 2008 1430 2058 glossis
1456 2007 1671 2056 praeteriit,

116 2082 192 2119 quo
217 2070 280 2108 uti
305 2072 473 2119 poterat,
499 2070 683 2116 Ennium,
708 2069 820 2106 velut
845 2082 881 2117 p.
905 2070 1000 2115 222,
1023 2069 1045 2105 6
1073 2070 1219 2105 rastros
1246 2061 1311 2119 (cf.
1333 2079 1420 2104 ann.
1441 2078 1481 2102 1x
1502 2066 1547 2102 fr.
1569 2061 1671 2117 xm),

116 2142 355 2178 quamquam
380 2141 535 2167 versum
561 2129 690 2177 ipsum
716 2127 784 2165 sed
809 2127 858 2165 ob
885 2127 1004 2164 aliam
1030 2138 1164 2164 vocem
1191 2120 1246 2178 (p.
1269 2126 1335 2172 66,
1357 2119 1430 2176 27)
1457 2124 1605 2162 citavit.

232 2188 351 2226 Liber
370 2200 411 2225 1v
448 2188 514 2236 qui
547 2189 606 2224 est
638 2187 683 2224 de
713 2188 828 2224 varia
858 2186 1138 2234 significatione
1168 2194 1386 2222 sermonum
1416 2195 1490 2231 per
1526 2183 1671 2220 litteras

116 2242 171 2299 (p.
194 2241 518 2298 232—421M.),
545 2245 641 2283 satis
668 2257 691 2281 a
716 2245 834 2282 tertio
861 2244 1066 2292 discretus,
1096 2243 1223 2281 multa
1253 2242 1416 2292 praebet
1446 2241 1492 2280 de
1518 2243 1671 2292 tragoe-

116 2306 202 2354 diis,
227 2317 355 2355 pauca
380 2305 427 2342 de
453 2304 674 2352 annalibus,
699 2305 903 2352 praeterea
929 2302 974 2340 de
1001 2302 1108 2340 nullo
1129 2303 1274 2351 scripto
1294 2301 1424 2349 Ennii,
1450 2303 1489 2338 et
1509 2313 1607 2349 quae
1627 2313 1672 2338 ex

115 2366 194 2403 illis
227 2365 456 2412 afferuntur,
488 2364 620 2402 omnia
652 2363 731 2401 suis
762 2363 891 2400 titulis
924 2364 993 2400 aut
1024 2361 1213 2399 librorum
1243 2360 1413 2398 numeris
1447 2359 1670 2407 afferuntur,

117 2425 157 2462 et
188 2425 233 2462 ut
264 2424 435 2473 exceptis
467 2423 674 2472 perpaucis
705 2422 800 2459 haec
834 2421 966 2460 omnia
996 2421 1137 2458 testem
1168 2432 1246 2458 non
1276 2419 1423 2457 habent
1447 2420 1525 2457 nisi
1549 2431 1671 2456 unum

116 2484 301 2531 Nonium,
333 2483 390 2520 116
422 2483 463 2520 111
489 2495 533 2520 eo
567 2494 720 2531 quoque
753 2481 862 2531 origo
888 2480 1072 2517 Noniana
1103 2491 1142 2517 se
1173 2478 1336 2528 prodere
1368 2478 1533 2526 videtur,
1567 2477 1670 2527 quod

118 2555 220 2592 quae
251 2543 406 2592 parcius
439 2542 571 2579 afferri
603 2541 787 2590 poterant
817 2540 960 2578 maluit
984 2539 1138 2588 plenius
1167 2538 1330 2588 integris
1357 2537 1560 2576 sententiis
1586 2549 1671 2585 per-

117 2601 294 2641 scribere.
315 2601 558 2651 Tragoediae
577 2600 700 2650 igitur
718 2599 791 2636 hae
812 2599 1082 2636 nominantur:
1101 2611 1138 2647 p.
1161 2598 1256 2645 277,
1274 2598 1324 2634 21
1348 2597 1505 2634 Ennius
1523 2595 1672 2633 Achille

118 2658 216 2712 [1v];
246 2674 283 2710 p.
306 2662 402 2708 393,
426 2661 477 2698 13
512 2660 561 2697 Ε.
586 2659 708 2697 Aiace
733 2654 804 2709 [1],
835 2671 872 2707 p.
895 2658 991 2705 292,
1012 2657 1036 2694 8
1064 2657 1113 2694 Ε.
1138 2655 1408 2694 Andromache
1442 2654 1669 2693 aechmaloto

119 2717 228 2772 [vl1];
253 2734 291 2770 p.
313 2721 410 2767 402,
432 2721 454 2757 2
484 2720 532 2756 Ε.
552 2717 829 2756 Andromacha
861 2717 1091 2755 aeelzmaloto
1120 2713 1196 2764 [11],
1229 2716 1268 2752 et
1298 2715 1371 2752 hoc
1403 2715 1486 2752 loco
1519 2714 1558 2750 et
1585 2725 1666 2748 rur-

118 2790 184 2817 sus
209 2792 246 2828 p.
268 2779 364 2827 515,
388 2780 440 2816 13
474 2778 544 2816 sub
576 2777 655 2815 alio
686 2776 869 2814 lemmate
901 2775 1138 2825 compariter
1168 2774 1247 2812 duo
1278 2785 1411 2811 versus
1441 2771 1669 2818 afferuntur3

117 2851 155 2887 p.
177 2839 279 2887 384,
301 2839 354 2876 33
383 2836 432 2875 Ε.
451 2836 703 2875 Andromeda
729 2831 826 2886 [lv],
858 2835 904 2873 cf.
930 2848 967 2883 p.
991 2835 1092 2882 165,
1115 2835 1164 2871 11
1194 2833 1262 2870 ubi
1292 2832 1394 2869 idem
1426 2840 1558 2867 versus
1591 2828 1668 2865 alio

118 2898 301 2935 lemmate
334 2898 496 2944 citatur,
528 2910 565 2945 p.
588 2896 690 2943 290,
714 2896 764 2932 17
800 2895 849 2931 E.
873 2894 1080 2932 Erechtheo
1107 2889 1193 2943 [11]:
1224 2892 1326 2928 hunc
1352 2891 1481 2926 locum
1506 2888 1668 2934 Nonius,

120 2957 188 3005 qui
212 2957 416 3005 praeterea
440 2956 541 2994 hanc
566 2953 810 3004 tragoediam
836 2965 913 2991 non
933 2953 1122 2999 nominat,
1147 2963 1192 2988 ex
1212 2949 1337 2987 Gellio
1359 2944 1433 2999 (vn
1455 2947 1521 2995 16,
1542 2942 1585 2998 9)
1612 2946 1667 2983 vi-
