2054 3282
112 351 258 378 GALLIO
265 350 309 377 US

101 392 318 419 TUMULTUS

73 441 104 462 Δ.
118 441 147 460 υ.
162 441 187 460 0.
200 440 335 460 οσοιιιν

121 927 289 953 BELLUM

89 969 319 995 SAMNITIUM

88 1017 118 1036 Α,
129 1017 157 1035 U.
170 1017 194 1036 c.
205 1017 317 1036 ccccxx

348 175 406 216 30
890 168 1152 204 ANNALIUM
1176 168 1264 205 Lm.
1284 167 1337 203 Ν

1107 286 1140 320 V

346 352 429 392 164
460 350 553 400 Qua
584 347 694 391 Galli
724 348 873 390 furtim
904 349 1035 389 noctu
1067 361 1233 388 summa
1263 347 1373 389 arcis
1404 347 1544 389 adorti

462 421 632 462 Moenia
662 418 869 461 concubia
899 417 1135 474 vigilesque
1165 420 1340 472 repente
1370 422 1595 461 cruentant

863 593 1180 638 ANNALIUM
1210 594 1317 638 LIB.
1342 595 1384 638 V

1117 699 1134 733 I

347 765 429 806 166
461 762 606 805 Iniicit
637 762 853 803 inritatus:
884 762 1003 803 tenet
1035 775 1221 816 occasus,
1254 762 1373 804 iuvat
1403 777 1480 804 res.

1107 866 1142 900 H

347 929 426 971 167
460 927 629 970 Bellum
661 927 807 982 aequis
838 927 1035 969 manibus
1065 942 1152 970 nox
1183 928 1440 983 intempesta
1471 928 1654 971 diremit.

1098 1032 1150 1067 ΙΠ

346 1095 427 1136 168
712 1109 819 1135 euax
849 1096 1000 1148 aquast
1032 1108 1205 1149 aspersa
1234 1093 1399 1136 Latinis

459 1210 491 1244 V
511 1212 605 1256 (164)
644 1210 856 1245 Macrobius
877 1210 951 1245 Sat.
973 1223 986 1244 1
1005 1214 1037 1253 4,
1055 1214 1098 1244 17
1127 1210 1290 1245 ‘Ennius
1317 1211 1426 1254 enim,
1453 1211 1526 1245 nisi
1552 1211 1611 1246 001
1637 1211 1784 1247 videtur
1807 1212 1906 1247 inter

341 1265 488 1298 nostrae
517 1263 651 1298 aetatis
680 1263 873 1308 politiores
902 1263 1107 1298 munditias
1135 1264 1381 1309 respuendus,
1413 1265 1548 1300 «noctu
1577 1265 1780 1301 concubia»
1810 1265 1906 1300 dixit

339 1317 396 1351 his
422 1317 586 1351 versibus
613 1328 711 1362 «qua
737 1317 837 1352 Galli
858 1346 864 1351 .
887 1345 893 1351 .
917 1346 923 1351 .
945 1318 1175 1354 cruentant».
1208 1317 1238 1337 ¹⁸
1263 1328 1335 1361 quo
1362 1317 1401 1351 in
1425 1317 1506 1352 loco
1533 1318 1904 1353 animadvertendum

340 1372 396 1404 est
414 1381 488 1405 non
507 1370 626 1405 solum
646 1371 746 1414 quod
760 1371 896 1406 «noctu
916 1370 1120 1406 concubia»
1138 1371 1204 1406 sed
1224 1371 1324 1416 quod
1350 1370 1465 1405 etiam
1485 1382 1583 1415 «qua
1601 1372 1736 1406 noctu»
1757 1371 1903 1406 dixerit.

340 1425 376 1458 et
395 1423 464 1458 1100
482 1423 609 1468 posuit
628 1423 667 1457 in
687 1423 879 1458 annalium
902 1424 1060 1469 septimo
1081 1426 1262 1469 (quarto
1284 1424 1434 1466 correxi,
1454 1424 1490 1458 h.
1512 1435 1541 1459 e.
1563 1435 1608 1458 ex
1626 1437 1679 1459 tm
1699 1423 1805 1460 effeci
1823 1426 1903 1469 1111),

339 1477 377 1510 in
396 1487 552 1520 quorum
571 1477 682 1511 tertio
703 1476 839 1511 clarius
858 1477 958 1512 idem
979 1477 1074 1511 dixit
1088 1477 1182 1524 [v1].’
1300 1477 1487 1512 Osbernus
1506 1488 1672 1522 panorm.
1694 1478 1800 1522 (thes.
1821 1489 1902 1512 nov.

339 1530 432 1575 Lat.)
446 1530 488 1564 A.
503 1529 581 1564 Mai
601 1529 705 1564 class.
722 1531 818 1565 auct.
834 1543 900 1565 v111
917 1542 952 1575 p.
970 1533 1037 1564 148
1051 1530 1293 1565 ‘concubium
1307 1530 1493 1575 quaedam
1508 1541 1595 1576 pars
1612 1531 1741 1566 noctis.
1762 1530 1904 1565 Ennius

339 1594 436 1627 «qua
457 1612 463 1617 .
481 1612 486 1618 .
503 1612 509 1617 .
533 1584 779 1618 cruentant».’

455 1654 542 1688 LIB.
563 1654 597 1689 V
644 1654 661 1688 I
680 1656 776 1700 (166)
808 1655 939 1689 Festus
958 1667 993 1700 p.
1011 1658 1088 1698 194,
1106 1658 1149 1689 15
1164 1654 1230 1689 Th.
1254 1655 1427 1689 ‘occasus
1446 1654 1620 1690 interitus
1642 1683 1648 1689 .
1666 1683 1672 1689 .
1690 1683 1696 1689 .
1713 1669 1721 1690 ε
1743 1665 1816 1700 quo
1842 1665 1903 1689 vo-

338 1708 469 1742 cabulo
489 1708 631 1743 Ennius
650 1719 717 1753 pro
743 1708 938 1743 occasione
957 1710 1015 1743 est
1032 1720 1120 1742 usus
1140 1708 1179 1742 in
1198 1708 1221 1742 1.
1238 1721 1265 1742 11
1285 1708 1392 1754 [v111].
1414 1708 1505 1743 item
1524 1708 1564 1743 in
1582 1708 1605 1742 1.
1622 1721 1644 1744 v
1665 1708 1796 1744 «inicit
1814 1708 1904 1750 inri-

338 1762 439 1796 tatus
456 1790 461 1795 .
480 1790 485 1795 .
503 1790 509 1795 .
525 1772 617 1797 res».
639 1761 730 1796 item
750 1761 789 1796 in
807 1761 831 1795 l.
853 1775 919 1796 VIII
940 1762 1046 1808 [xx].’

454 1814 488 1848 H
508 1816 603 1860 (167)
653 1814 748 1849 Acro
774 1815 814 1849 in
839 1814 925 1849 Hor.
947 1826 1003 1860 ep.
1025 1828 1052 1849 11
1073 1819 1103 1857 2,
1120 1818 1164 1849 98
1187 1815 1308 1850 ‘lento
1336 1815 1520 1850 Samnites
1547 1815 1595 1850 ad
1619 1815 1763 1850 lumina
1781 1815 1904 1860 prima

338 1867 477 1902 duello:
499 1878 643 1903 sensus:
664 1868 824 1903 invicem
843 1868 963 1902 odiosi
983 1880 1108 1902 sumus
1127 1867 1293 1903 fallendo
1313 1879 1379 1903 nos
1400 1869 1438 1903 et
1455 1868 1556 1903 mala
1576 1868 1742 1903 carmina
1754 1868 1903 1913 praedi-

338 1922 463 1956 cantes
493 1923 531 1956 et
557 1921 628 1956 1100
656 1921 736 1956 sine
764 1921 836 1955 fine
861 1921 1042 1956 facientes
1067 1922 1110 1955 ut
1134 1921 1293 1956 Romani
1319 1922 1508 1966 quondam
1532 1923 1794 1967 pugnaverunt
1818 1932 1902 1956 cum

337 1974 505 2008 hostibus
527 1974 755 2009 Samnitibus
782 1985 899 2019 usque
920 1975 968 2009 ad
987 1976 1151 2018 noctem3
1174 1975 1274 2009 unde
1293 1976 1331 2009 et
1344 1975 1486 2009 Ennius
1506 1975 1630 2019 inquit
1650 1974 1812 2011 «bellum
1832 1974 1904 2019 (vel

337 2027 507 2062 Ennius
532 2027 703 2062 bellum
728 2027 899 2073 inquit)
921 2027 1050 2072 aequis
1069 2027 1317 2062 manibus
1340 2028 1538 2063 diremit».’

453 2080 503 2115 m
523 2082 619 2126 (168)
658 2080 846 2115 Charisius
866 2094 893 2115 11
911 2093 947 2126 p.
964 2084 1042 2123 240,
1059 2085 1079 2116 6
1093 2081 1136 2115 K.
1161 2082 1170 2096 ‘
1182 2092 1285 2116 euax.
1307 2081 1462 2115 Plautus
1482 2081 1521 2115 in
1541 2080 1790 2116 Bacchidibus
1805 2082 1901 2126 (247)

338 2144 455 2169 «euax
474 2134 666 2179 aspersisti
686 2145 846 2179 aquam»
860 2134 927 2180 <fili
940 2134 1095 2179 nuntio).
1112 2134 1253 2169 Ennius
1267 2145 1415 2179 quoque
1429 2134 1620 2169 annalium
1633 2134 1729 2169 libro
1744 2135 1903 2179 «aquast

1304 2188 1379 2210 Euax

338 2227 488 2261 aspersa
515 2218 709 2253 Latinis».'
738 2217 791 2252 sic
818 2218 896 2252 cod.
917 2217 1034 2262 Neap.
1064 2218 1277 2252 ‘annalium
1302 2217 1398 2252 liber
1427 2228 1578 2263 aquas
1606 2217 1734 2252 istas
1762 2206 1902 2262 perisa

336 2270 500 2305 lituus’
523 2272 697 2316 excerpta
711 2271 941 2306 Cauehiana:
962 2282 1059 2315 quae
1079 2273 1165 2306 sunt
1180 2271 1292 2316 plane
1312 2271 1444 2306 eadem
1462 2271 1593 2305 leviter
1612 2272 1786 2315 corrupta
1805 2280 1902 2314 quae

336 2323 451 2358 habet
464 2325 542 2358 cod.
555 2324 826 2369 Neapolitanus
845 2335 966 2370 neque
984 2324 1031 2358 iis
1051 2324 1252 2369 quicquam
1271 2324 1540 2359 communionis
1561 2325 1617 2359 est
1629 2335 1713 2358 cum
1733 2323 1901 2368 exemplo

336 2375 527 2420 Plautin03
547 2377 619 2412 nisi
639 2378 739 2422 quod
759 2388 872 2412 euax
891 2378 991 2423 quod
1011 2378 1245 2412 desideratur
1263 2377 1302 2411 in
1320 2377 1438 2421 Neap.
1459 2378 1559 2412 recte
1579 2376 1767 2412 adiectum
1787 2378 1843 2411 est
1861 2376 1901 2410 in

338 2430 536 2474 excerptis3
550 2431 633 2465 vide
647 2431 751 2466 relat.
767 2431 871 2466 acad.
884 2441 916 2465 a.
934 2434 1024 2465 1899
1038 2443 1073 2475 p.
1089 2434 1157 2465 275
1172 2442 1224 2475 sq.
1246 2430 1301 2465 De
1320 2440 1433 2464 euax
1452 2429 1497 2464 cf.
1507 2429 1623 2464 Varro
1639 2430 1685 2464 de
1698 2429 1721 2464 1.
1737 2430 1774 2463 L.
1789 2442 1840 2464 vn
1855 2432 1900 2463 93

338 2484 377 2517 et
398 2482 601 2518 C.G1.L.11
621 2496 656 2529 p.
672 2488 751 2526 316,
764 2488 820 2519 25.

459 2608 542 2645 164
563 2606 648 2652 Qua
666 2608 700 2645 h.
717 2620 744 2645 e.
767 2621 845 2657 qua
863 2610 942 2658 via,
959 2621 1037 2647 non
1058 2621 1135 2658 qua
1154 2610 1274 2647 noctu
1294 2610 1327 2646 et
1344 2608 1574 2645 Macrobius
1591 2607 1664 2644 hac
1680 2608 1798 2654 parte
1809 2618 1899 2654 pec-

338 2669 420 2713 cat;
445 2667 492 2714 cf.
511 2667 707 2714 Berykius
731 2668 849 2714 symb.
867 2680 925 2715 yr.
945 2668 1036 2706 Lat.
1057 2681 1071 2705 1
1090 2681 1132 2716 p.
1157 2677 1209 2716 79
1334 2668 1416 2706 167
1445 2666 1581 2715 aequis
1606 2664 1787 2703 manibus
1812 2666 1848 2703 h.
1869 2677 1896 2703 e.

337 2726 464 2764 Marte
484 2738 621 2775 aequo,
637 2728 680 2763 ut
693 2725 834 2764 Livius
852 2728 985 2764 scribit
1003 2739 1115 2765 xxvn
1136 2737 1149 2763 1
1162 2736 1198 2776 2,
1213 2736 1264 2762 10
1278 2739 1366 2764 cum
1384 2727 1465 2763 iam
1483 2738 1560 2762 nox
1579 2725 1757 2772 instaret,
1771 2724 1898 2762 Marte

338 2797 463 2834 aequo
490 2786 703 2823 discessum
728 2786 799 2833 est,
826 2787 860 2822 et
882 2786 955 2823 hue
979 2787 1186 2833 respicimzs
1213 2795 1275 2833 13,
1297 2794 1319 2832 5
1348 2786 1483 2833 aequis
1508 2783 1690 2821 manibus
1715 2783 1897 2821 hesterno

337 2844 399 2882 die
425 2845 637 2883 diremistis
662 2856 837 2894 pugnam
986 2846 1068 2882 168
1096 2847 1240 2894 aquast
1264 2845 1458 2893 Bevykius
1482 2854 1567 2891 opp.
1586 2855 1600 2879 1
1622 2851 1716 2890 309.
1732 2851 1828 2889 345,
1850 2844 1897 2890 cf.

337 2904 619 2942 Lachmannus
643 2905 685 2941 in
705 2904 824 2942 Lucr.
845 2915 887 2941 vl
908 2912 989 2950 552
