2020 3334
836 219 973 253 ENNJI
998 218 1113 253 VITA
1675 219 1759 253 XIX

197 331 373 380 sepulcro
416 329 611 380 Scipionis
647 331 852 380 imposita:
896 332 951 369 sic
990 329 1124 369 Cicero
1167 330 1265 369 dicit
1303 343 1374 380 pro
1412 330 1560 369 Archia
1597 326 1661 383 (9,
1684 327 1758 383 22)

196 401 312 430 carus
336 390 414 438 fuit
437 388 630 437 Africano
655 391 848 438 superiori
871 393 999 428 noster
1023 390 1202 428 Ennius:
1225 391 1353 438 itaque
1378 391 1494 428 etiam
1517 392 1562 428 in
1585 390 1758 438 sepulcro

196 449 423 497 Scipionum
441 451 609 496 putatur
638 450 672 487 is
699 460 777 487 esse
802 451 1026 488 constitutus
1046 461 1091 488 ew
1108 460 1300 487 marmore
1308 463 1322 495 ;
1347 450 1401 487 sic
1421 449 1558 488 Livius
1585 444 1759 502 (xxxvm

199 508 267 556 56,
287 502 346 560 4),
377 509 423 545 ut
453 509 659 547 mittamus
692 509 772 546 alia
796 508 854 546 ibi
879 510 1057 557 exposita
1082 521 1182 557 quae
1208 508 1359 557 liquido
1386 508 1608 557 ostendunt,
1641 521 1759 557 quam

198 568 325 605 multa
356 566 403 604 de
436 566 620 617 Scipione
654 568 810 605 mortuo
848 568 891 604 in
928 567 1102 606 diversas
1139 569 1272 616 partes
1307 568 1575 615 traherentur,
1613 568 1761 606 Romae

139 660 143 662 ,
198 629 306 665 extra
335 629 494 674 portam
528 626 726 674 Capenam
762 628 806 664 in
835 625 1062 673 Scipionum
1098 629 1340 664 monumento
1378 629 1452 664 tres
1488 630 1639 665 statuae
1671 630 1762 664 sunt

198 698 366 734 quarum
391 685 492 723 duae
509 686 553 723 P.
580 688 614 724 et
631 686 681 723 L.
700 684 926 732 Scipionum
951 685 1133 724 dicuntur
1158 696 1247 729 esse,
1273 686 1384 723 tertia
1403 688 1539 732 poetae
1563 686 1602 734 Q.
1625 686 1761 724 Ennii.

198 745 252 783 Et
281 745 324 782 hi
355 744 514 793 quidem
544 744 621 782 duo
653 745 750 793 ipsis
782 744 911 782 verbis
939 744 1186 793 patefaciunt
1211 757 1251 782 se
1276 744 1421 782 referre
1446 744 1487 781 id
1512 745 1617 793 quod
1642 745 1761 782 fando

200 803 409 842 audierint.
454 803 659 841 Fidentius
702 804 880 852 loquitur
918 801 1083 842 Ovidius
1127 805 1172 841 ut
1208 805 1325 852 poeta
1369 805 1408 841 et
1450 804 1610 842 honoris
1646 816 1763 842 causa

199 874 420 900 memorans
456 857 548 914 (art.
582 875 656 900 am.
683 874 728 900 111
755 857 859 915 409)
892 862 1051 901 fflinius
1089 864 1248 901 emeruit
1282 862 1461 900 Calabris
1497 865 1541 901 in
1571 863 1763 901 montibus

199 925 305 960 ortus
345 921 556 970 Contiquus
591 923 692 969 poni
733 921 863 969 Scipio
903 933 1040 970 mayne
1077 923 1146 960 tibi
1154 935 1167 968 ,·
1209 922 1305 959 item
1349 921 1532 960 Valerius
1569 922 1763 960 Maximus

200 975 292 1034 (vm
321 982 386 1028 14,
409 975 453 1033 1)
484 982 662 1028 superior
686 980 906 1028 Africanus
931 982 1058 1019 Ennii
1081 983 1218 1029 poetae
1249 982 1415 1029 effiyiem
1443 983 1485 1019 in
1509 983 1764 1020 monumentis

202 1039 403 1079 Corneliae
430 1041 554 1088 qentis
585 1040 778 1078 conlocari
810 1040 932 1078 voluit
967 1040 1068 1088 quod
1104 1042 1257 1088 inqenio
1289 1042 1371 1078 eius
1402 1052 1519 1088 opera
1543 1052 1618 1078 sua
1642 1041 1764 1078 intus-

199 1102 303 1137 trata
334 1099 524 1138 iudicaret
549 1129 557 1136 .
585 1129 593 1136 .
618 1100 654 1137 si
684 1100 902 1137 litterarum
933 1110 1080 1147 quoque
1113 1099 1193 1137 illis
1224 1100 1354 1137 lumen
1385 1101 1601 1138 accessisset
1631 1101 1766 1148 maqni

201 1160 425 1202 aestimans,
455 1159 518 1196 vir
543 1159 749 1197 Homerico
780 1170 898 1206 quam
928 1159 1020 1196 rudi
1051 1161 1163 1206 atque
1188 1159 1347 1206 inpolito
1367 1160 1576 1206 praeconio
1601 1159 1764 1207 dignior.

200 1217 386 1267 Inprimis
425 1217 577 1256 Plinius
622 1212 721 1270 (nat.
759 1218 850 1256 hist.
877 1229 934 1256 vn
963 1212 1065 1270 114)
1108 1219 1154 1255 ut
1196 1219 1357 1268 ingenia
1403 1219 1564 1256 summis
1607 1218 1764 1255 honori-

200 1277 272 1315 bus
311 1276 452 1315 affecta
483 1289 565 1315 esse
598 1277 785 1326 exemplis
817 1276 957 1315 doceat
987 1276 1193 1327 magnifice
1224 1279 1270 1314 ut
1301 1277 1401 1315 solet
1431 1278 1527 1315 haec
1558 1277 1605 1314 de
1631 1276 1765 1315 eadem

200 1349 242 1374 re
283 1336 397 1374 affert
432 1337 548 1383 prior
584 1335 803 1384 Africanus
842 1336 883 1384 Q.
916 1336 1042 1374 Ennii
1078 1339 1248 1374 statuam
1290 1337 1463 1384 sepulcro
1506 1347 1576 1374 suo
1619 1337 1766 1384 imponi

204 1397 319 1433 iussit
362 1390 482 1447 (quae
523 1394 681 1433 Solinus
713 1408 728 1432 1
762 1396 843 1432 122
890 1395 940 1433 ad
984 1395 1147 1433 verbum
1190 1390 1356 1447 recepit)
1402 1396 1625 1443 clarumque
1667 1395 1766 1433 illud

200 1465 356 1498 nomen,
393 1456 510 1492 immo
547 1465 636 1492 vero
672 1455 840 1502 spolium
877 1466 922 1492 en
952 1456 1064 1492 tertia
1095 1455 1198 1492 orbis
1228 1457 1344 1502 parte
1380 1457 1537 1502 raptum
1545 1449 1603 1506 ³¹²),
1639 1456 1683 1492 in
1714 1455 1765 1492 ci-

201 1525 291 1552 nere
320 1524 499 1561 supremo
531 1525 618 1551 cum
641 1515 779 1561 poetae
810 1514 918 1551 titulo
950 1514 1033 1562 leyi.
1076 1513 1255 1563 Apparet
1286 1526 1365 1551 non
1396 1515 1568 1551 tenuiter
1599 1514 1766 1551 crevisse

202 1572 387 1610 fiduciam
426 1573 485 1610 rei
522 1574 716 1610 narratae.
764 1571 840 1609 Sed
878 1573 947 1621 qui
978 1572 1098 1610 Ennii
1135 1573 1309 1611 statuam
1348 1571 1542 1622 Scipionis
1579 1573 1688 1610 iussu
1725 1573 1767 1609 111

202 1632 380 1681 sepulcro
419 1643 488 1669 suo
525 1632 755 1681 impositam
787 1632 944 1679 volunt,
986 1644 1063 1669 non
1095 1631 1280 1669 videntur
1310 1633 1512 1681 reputasse
1545 1631 1767 1680 Scipionem

202 1690 476 1741 duodeviginti
514 1691 626 1729 annis
665 1692 757 1728 ante
789 1690 962 1728 Ennium
1000 1690 1219 1729 decessisse.
1259 1690 1371 1735 Quod
1408 1703 1499 1728 vero
1531 1690 1703 1738 Plinius,
1735 1691 1768 1728 si

202 1750 303 1788 hanc
347 1749 557 1788 artificiose
601 1751 822 1799 quaesitam
866 1751 1086 1788 orationem
1130 1751 1234 1788 recte
1277 1750 1477 1800 intelligo,
1520 1750 1683 1788 titulum
1726 1750 1768 1786 in

203 1810 336 1848 statua
367 1809 487 1847 Ennii
518 1809 598 1859 legi
629 1809 797 1857 indicat,
837 1808 1034 1847 Ciceronis
1071 1810 1110 1847 et
1140 1809 1247 1847 Livii
1278 1809 1398 1847 verba
1428 1808 1665 1858 persuadent
1695 1809 1768 1846 hoc

205 1868 311 1906 credi
341 1881 420 1906 non
451 1881 574 1918 posse.
608 1868 748 1917 Itaque
781 1868 1002 1906 abiicienda
1034 1870 1092 1907 est
1123 1869 1219 1906 haec
1251 1869 1408 1917 fabella,
1442 1881 1541 1917 quae
1568 1881 1644 1917 quo
1670 1869 1766 1905 tem-

203 1940 297 1977 pore
334 1929 430 1966 nata
468 1929 527 1966 est
564 1929 604 1965 et
639 1928 806 1978 vulgata
842 1929 1032 1965 memoria
1070 1928 1190 1965 Ennii
1227 1928 1401 1966 nondum
1438 1929 1575 1977 periit,
1618 1928 1687 1976 qui
1730 1928 1769 1964 et

205 1987 380 2036 aequalis
406 1986 587 2025 Africani
618 1988 658 2024 et
688 2000 819 2025 rerum
851 1988 1051 2038 gestarum
1084 1988 1166 2025 eius
1198 2000 1364 2037 magnus
1393 1986 1577 2025 laudator
1608 1981 1766 2038 fnium)

321 2045 561 2095 Aequalium
586 2048 793 2095 poetarum
819 2046 970 2084 Ennius
996 2047 1295 2094 vetustissimos,
1320 2046 1480 2084 Livium
1498 2045 1767 2099 Andronicum

205 2106 245 2143 et
277 2103 343 2142 Cn.
376 2105 591 2153 Naevium,
629 2106 796 2144 fortasse
834 2118 881 2143 ne
913 2106 1026 2143 novit
1058 2105 1234 2154 quidem,
1275 2118 1442 2154 quorum
1473 2105 1541 2142 ille
1575 2105 1768 2141 incertum

205 2166 264 2202 est
302 2177 505 2213 quousque
542 2165 668 2202 vitam
707 2165 814 2202 ultra
852 2177 885 2202 a.
921 2165 1003 2202 547
1047 2164 1282 2212 extenderit3
1326 2165 1395 2212 qui
1439 2176 1563 2202 annus
1603 2163 1767 2200 ultimus

205 2224 264 2261 est
295 2236 373 2272 quo
399 2223 506 2260 Livii
537 2223 685 2260 mentio
715 2222 776 2260 fit:
809 2222 1012 2260 conditum
1037 2224 1142 2260 enim
1168 2223 1216 2260 ab
1244 2235 1288 2260 eo
1315 2235 1471 2261 carmen
1498 2234 1521 2259 a
1546 2222 1663 2259 choro
1690 2222 1766 2259 vir-

205 2283 343 2332 ginum
373 2282 554 2331 publicae
586 2282 726 2320 salutis
759 2294 877 2319 causa
909 2283 1112 2319 cantatum
1144 2294 1226 2320 esse
1257 2281 1393 2320 Livius
1426 2281 1477 2319 ad
1507 2294 1595 2319 eum
1622 2293 1767 2319 annum

205 2338 340 2394 (xxvn
379 2342 452 2389 37,
487 2335 530 2392 7)
574 2340 716 2388 tradit,
760 2341 870 2378 cuius
914 2341 1099 2379 carminis
1143 2353 1262 2380 causa
1303 2340 1507 2390 probabile
1551 2341 1610 2378 est
1652 2339 1766 2377 Livio

205 2399 431 2438 Andronico
464 2413 553 2437 eum
590 2400 779 2438 honorem
816 2400 1063 2449 impertitum
1095 2412 1177 2438 esse
1216 2412 1331 2449 quem
1369 2412 1488 2449 supra
1524 2413 1560 2449 p.
1588 2411 1613 2436 x
1650 2399 1766 2436 Festo

205 2460 305 2498 teste
349 2460 566 2497 memoravi
604 2453 669 2511 (cf.
709 2459 851 2497 Dielsii
888 2459 954 2496 fol.
995 2457 1133 2508 Sibyll.
1171 2473 1208 2508 p.
1244 2454 1328 2511 90).
1379 2459 1483 2497 Nam
1527 2470 1626 2507 quae
1669 2456 1766 2495 Cato

324 2607 354 2652 ³¹⁸)
380 2607 546 2652 Spotium
571 2620 614 2643 eoe
639 2608 746 2643 tertia
772 2607 869 2642 orbis
888 2612 995 2652 parte
1013 2611 1161 2652 raptum
1184 2607 1291 2642 video
1311 2607 1567 2642 Detlefsenum
1586 2605 1624 2640 in
1644 2605 1767 2639 indice

205 2653 300 2689 velle
319 2654 480 2689 Ennium
506 2655 593 2698 dici,
621 2655 685 2690 sed
711 2654 849 2689 dicitur
867 2654 1076 2697 Africanus,
1104 2654 1207 2689 cuius
1232 2665 1368 2689 nomen
1394 2656 1450 2689 est
1475 2653 1582 2698 quasi
1608 2652 1767 2697 spolium

206 2703 356 2746 raptum
381 2713 426 2737 ex
451 2702 564 2737 tertia
590 2703 698 2747 parte
724 2701 823 2736 orbis
849 2712 946 2746 quae
969 2704 1025 2736 est
1043 2702 1181 2745 Africa,
1203 2703 1246 2736 ut
1266 2701 1411 2736 Servius
1432 2700 1561 2736 scribit
1579 2700 1618 2734 in
1637 2700 1726 2733 Aen.
1754 2711 1766 2731 1

207 2752 274 2784 385
301 2760 336 2793 p.
361 2753 438 2793 130,
453 2749 578 2784 4'1‘1111.
606 2751 647 2784 in
667 2750 800 2793 Africa
822 2750 962 2794 positus
987 2761 1078 2794 quae
1103 2751 1200 2785 orbis
1219 2760 1311 2794 pars
1330 2750 1436 2784 tertia
1455 2752 1515 2791 est,
1542 2756 1766 2790 quamquam

206 2795 307 2830 idem
332 2809 373 2830 111
401 2801 418 2830 1
446 2809 480 2841 p.
504 2800 582 2839 333,
600 2801 617 2831 1
645 2797 758 2832 Asiae
784 2797 890 2841 quasi
915 2798 1040 2832 tertiae
1065 2797 1162 2832 orbis
1183 2797 1315 2841 partis.

301 2843 349 2887 ³¹²*)
375 2843 429 2878 De
455 2844 670 2888 Scipionum
697 2843 828 2889 elogiis
855 2854 951 2887 quae
976 2845 1158 2878 vocantur
1182 2843 1277 2878 nihil
1304 2843 1386 2877 dico
1412 2841 1483 2876 nisi
1512 2840 1603 2875 mihi
1636 2850 1766 2884 parum

207 2890 403 2935 probabile
426 2891 546 2925 visum
566 2902 645 2926 esse
665 2892 765 2935 quod
784 2891 850 2924 Ed.
866 2890 1101 2926 Woelfflinus
1121 2891 1278 2936 probare
1299 2890 1443 2925 studuit
1463 2888 1510 2922 ab
1530 2887 1648 2921 Ennio
1669 2897 1765 2920 com-

207 2937 330 2982 posita
357 2949 446 2973 esse.

1502 2994 1525 3027 b
1536 2994 1552 3010 ψ

1722 3071 1727 3097 l
