2054 3282
1304 54 1319 80 S

355 181 408 223 16
927 174 1187 211 ANNALIUM
1210 175 1298 211 LIB.
1318 175 1335 209 1

1092 294 1157 328 LII

353 358 432 399 101
468 357 680 413 Virgines,
711 369 810 398 nam
840 355 923 397 sibi
955 356 1137 410 quisque
1167 355 1284 397 domi
1316 354 1534 397 Romanus
1564 355 1695 397 habet
1725 370 1792 398 sas

1087 465 1169 500 Lm

353 528 436 570 102
469 526 574 569 Cum
607 542 807 582 superum
838 526 981 569 lumen
1011 541 1097 568 nox
1128 527 1386 581 intempesta
1415 528 1579 568 teneret

1089 637 1170 672 LIV

354 699 437 742 103
468 699 706 742 Maerentes
737 699 886 741 flentes
918 698 1188 741 lacrimantes
1221 698 1566 740 commiserantes

348 841 389 862 111
409 830 477 862 384
496 839 532 873 p.
553 830 632 870 410,
648 830 692 861 24
713 826 808 861 Thil.
831 827 891 862 ‘et
915 827 1068 871 quidam
1092 826 1291 862 lentandus
1317 837 1409 861 nove
1434 826 1586 861 verbum
1611 826 1739 862 fictum
1762 827 1908 872 putant,

349 881 413 915 sed
431 881 471 915 in
491 880 688 916 annalibus
707 880 846 926 legitur
859 880 1078 916 «confricati
1097 880 1178 915 oleo
1191 879 1326 914 lentati
1343 880 1542 925 paratique
1556 880 1604 915 ad
1624 891 1749 916 arma»
1764 891 1787 915 a
1798 879 1909 914 verbo

348 934 482 969 lentor’
505 933 657 969 annales
672 933 747 968 dici
760 933 872 968 Ennii
889 933 1042 968 annales
1054 933 1138 976 rati,
1150 935 1189 968 et
1200 933 1313 968 verba
1325 944 1399 968 non
1412 933 1523 968 nimis
1537 932 1691 968 difficile
1704 932 1911 968 hexametri

348 987 505 1022 formam
523 987 719 1032 recipiunt,
739 988 820 1021 tum
838 987 936 1021 hanc
955 986 1118 1032 glossam
1136 986 1244 1021 Pauli
1264 986 1520 1031 epitomatoris
1540 987 1641 1022 Festi
1660 999 1695 1032 p.
1712 990 1767 1029 25,
1784 989 1826 1020 17
1842 986 1908 1020 Th.

351 1040 613 1085 ‘bellicrepam
638 1040 877 1075 saltationem
903 1040 1079 1075 dicebant
1103 1040 1253 1084 quando
1279 1051 1362 1075 cum
1392 1041 1503 1075 armis
1535 1040 1735 1082 saltabant,
1762 1040 1862 1083 quod
1889 1050 1911 1074 a

348 1093 505 1129 Romulo
530 1093 744 1128 institutum
770 1094 836 1136 est,
860 1104 906 1127 ne
926 1093 1047 1127 simile
1066 1094 1258 1137 pateretur
1277 1093 1375 1137 quod
1395 1093 1537 1128 fecerat
1554 1093 1645 1138 ipse,
1667 1105 1750 1128 cum
1770 1103 1793 1127 a
1811 1092 1910 1127 ludis

350 1147 570 1182 Sabinorum
598 1146 760 1191 virgines
788 1146 940 1190 rapuit.’
970 1145 1036 1192 (Cf.
1059 1145 1095 1180 C.
1117 1145 1172 1180 Gl.
1193 1146 1231 1180 L.
1253 1159 1290 1180 VI
1311 1150 1328 1180 1
1350 1158 1385 1191 p.
1409 1148 1501 1192 134).
1529 1146 1648 1189 Quam
1673 1146 1837 1192 glossam
1862 1145 1910 1180 ad

349 1199 510 1234 Ennium
528 1199 650 1234 redire
670 1198 710 1233 O.
725 1198 926 1234 Muellerus
946 1199 1215 1244 suspicabatur.
1232 1199 1395 1242 Quorum
1414 1201 1457 1234 ut
1475 1201 1648 1235 neutrum
1660 1199 1830 1244 ineptum
1842 1200 1909 1241 est,

348 1254 403 1287 ita
420 1264 554 1298 parum
571 1254 770 1296 utrumque
790 1254 941 1287 certum.

460 1305 524 1340 LII
544 1307 640 1351 (101)
699 1305 830 1340 Festus
858 1317 893 1350 p.
921 1309 1001 1348 476,
1024 1309 1067 1340 19
1091 1305 1157 1340 Th.
1189 1306 1269 1340 ‘sas
1289 1306 1440 1341 Verrius
1468 1308 1580 1351 putat
1608 1306 1818 1352 significare
1847 1316 1910 1340 eas

348 1361 444 1394 teste
456 1359 576 1394 Ennio
597 1359 661 1402 qui
681 1358 784 1393 dicat
802 1359 841 1393 in
860 1358 883 1393 1.
899 1372 912 1393 1
931 1359 1116 1404 «virgines
1136 1370 1223 1393 nam
1238 1387 1244 1393 .
1262 1388 1268 1393 .
1286 1387 1291 1393 .
1308 1370 1390 1395 sas»
1411 1371 1495 1395 cum
1509 1371 1593 1395 suas
1606 1359 1727 1405 magis
1740 1359 1912 1393 videatur

349 1412 584 1458 significare!
613 1411 751 1446 Paulus
773 1412 853 1446 ‘sas
873 1423 958 1446 suas
972 1412 1114 1446 Ennius
1128 1412 1313 1457 «virgines
1326 1423 1435 1447 nam.
1453 1442 1458 1447 .
1477 1413 1608 1449 .sas».’
1694 1412 1792 1447 Ante
1811 1422 1910 1446 nam

349 1466 555 1501 orationem
573 1465 690 1499 incidi
703 1465 962 1499 Lachmannus
977 1466 1025 1500 ad
1038 1465 1142 1500 Lucr.
1157 1479 1194 1500 v1
1210 1469 1300 1500 1067
1315 1466 1580 1501 animadvertit
1598 1467 1637 1501 et
1656 1477 1726 1500 sas
1740 1465 1911 1500 Verrium

348 1521 458 1561 recte,
478 1518 574 1553 falso
593 1518 832 1563 interpretari
851 1518 1002 1553 Festum
1022 1530 1105 1553 cum
1124 1518 1250 1554 Paulo.
1285 1517 1338 1554 Cf.
1359 1519 1407 1554 ad
1427 1533 1478 1554 v11
1497 1519 1540 1554 fr.
1562 1533 1589 1553 11
1609 1519 1725 1554 adscr.

466 1571 549 1605 LIII
569 1573 664 1617 (102)
702 1571 912 1606 Macrobius
928 1571 1003 1606 Sat.
1018 1585 1055 1607 v1
1077 1576 1106 1614 1,
1124 1575 1167 1605 14
1191 1573 1200 1587 ‘
1212 1573 1250 1606 et
1268 1572 1396 1607 lunam
1409 1573 1448 1607 in
1461 1572 1588 1607 nimbo
1601 1584 1673 1607 nox
1686 1572 1912 1617 intempesta

348 1625 503 1660 tenebat
521 1625 624 1671 (Aen.
640 1637 682 1658 111
699 1626 791 1669 587).
818 1624 960 1660 Ennius
979 1625 1019 1659 in
1038 1638 1052 1659 1
1070 1636 1178 1661 «cum
1193 1653 1199 1659 .
1216 1653 1222 1659 .
1240 1653 1246 1659 .
1261 1626 1407 1660 teneret
1426 1625 1634 1672 (tenebat
1651 1625 1834 1670 Neap.)».’
1857 1624 1908 1659 Cf.

351 1678 386 1714 C.
408 1678 464 1713 Gl.
485 1678 524 1712 L.
545 1691 582 1712 VI
603 1682 620 1711 1
642 1690 677 1722 p.
700 1681 779 1712 591.

467 1731 548 1765 LIV
568 1732 662 1776 (103)
701 1731 899 1766 Diomedes
918 1744 946 1765 11
965 1743 999 1776 p.
1013 1734 1091 1773 447,
1104 1735 1146 1765 17
1157 1731 1200 1765 K.
1224 1731 1534 1777 ‘homoeoptoton
1553 1731 1595 1766 fit
1614 1742 1698 1766 cum
1717 1731 1836 1766 oratio
1851 1741 1910 1766 ex-

350 1784 465 1819 currit
488 1784 528 1819 in
554 1784 702 1819 eosdem
728 1795 835 1819 casus
861 1786 899 1819 et
923 1784 1062 1819 similes
1088 1784 1189 1826 fines,
1215 1787 1258 1820 ut
1276 1784 1418 1819 Ennius
1438 1786 1644 1821 «merentes
1666 1813 1695 1818 ..
1714 1813 1719 1819 .
1741 1796 1784 1820 ac
1807 1786 1909 1820 mise-

348 1838 520 1873 rantes»)
608 1836 797 1872 Charisius
816 1850 854 1872 1v
872 1850 907 1882 p.
930 1841 1008 1880 282,
1026 1841 1068 1872 13
1089 1837 1131 1871 Κ.
1156 1838 1464 1883 ‘homoeoptoton
1485 1866 1491 1872 .
1510 1867 1515 1872 .
1533 1867 1539 1872 .
1560 1840 1603 1873 ut
1628 1840 1833 1874 «merentes
1856 1867 1861 1872 .
1879 1867 1885 1872 .
1903 1867 1909 1872 .

350 1902 392 1926 ac
415 1890 674 1926 miserantes»)
786 1890 953 1926 Donatus
980 1892 1046 1925 art.
1068 1903 1121 1936 gr.
1144 1890 1184 1925 G.
1200 1891 1238 1925 L.
1253 1891 1295 1925 K.
1317 1904 1354 1926 1v
1372 1903 1407 1936 p.
1430 1894 1508 1933 398,
1531 1895 1575 1926 23
1603 1891 1911 1936 ‘homoeoptoton

352 1973 357 1978 .
375 1973 381 1978 .
399 1972 404 1978 .
420 1945 463 1978 ut
482 1944 687 1980 «merentes
703 1972 709 1977 .
726 1972 732 1977 .
750 1972 756 1977 .
771 1944 1106 1980 commiserantes»)
1135 1944 1289 1989 Explan.
1305 1944 1344 1979 in
1357 1944 1490 1979 Donat.
1507 1955 1526 1979 e
1546 1945 1625 1979 cod.
1646 1944 1798 1979 Lavant.
1814 1944 1855 1979 G.
1870 1945 1908 1979 L.

350 1997 392 2031 K.
414 2010 451 2032 1v
469 2009 504 2042 p.
527 2000 595 2031 565
624 1997 844 2033 ‘«merentes
861 2025 866 2031 .
884 2025 890 2031 .
908 2025 914 2031 .
929 1998 1237 2033 commiserantes»
1258 2008 1382 2032 versus
1395 1997 1457 2032 hic
1470 1998 1600 2033 Plauti
1606 2011 1619 2040 ;
1645 2008 1771 2032 omnes
1784 2000 1910 2042 partes

350 2050 529 2085 orationis
547 2050 587 2084 in
607 2050 818 2085 accusativo
838 2061 926 2085 casu
946 2052 1107 2086 exeunt.'
1135 2050 1333 2096 Pompeius
1354 2052 1546 2086 comment.
1564 2051 1604 2085 G.
1620 2051 1657 2084 L.
1674 2051 1716 2085 K.
1731 2063 1755 2086 v
1772 2063 1808 2096 p.
1830 2054 1909 2094 304,

350 2108 371 2137 4
403 2103 712 2148 ‘homoeoptoton
741 2104 798 2137 est
825 2103 857 2138 si
885 2103 940 2138 ita
969 2103 1071 2138 dicas
1101 2106 1307 2140 «merentes
1338 2132 1344 2138 .
1368 2132 1374 2138 .
1398 2133 1403 2138 .
1434 2105 1770 2140 commiserantes»)

350 2157 458 2192 Rhet.
480 2157 528 2191 ad
550 2156 779 2191 Herennium
798 2169 835 2191 rv
856 2160 909 2199 12,
928 2159 971 2191 18
994 2156 1234 2202 ‘compositio
1260 2158 1317 2192 est
1341 2157 1535 2193 verborum
1561 2157 1786 2193 constructio
1814 2169 1910 2201 quae

350 2210 443 2245 facit
470 2221 596 2245 omnes
624 2211 750 2255 partes
779 2209 957 2245 orationis
978 2210 1226 2254 aequabiliter
1246 2210 1461 2255 per-politas.
1486 2221 1531 2245 ea
1552 2210 1839 2253 conservabitur,
1855 2239 1862 2245 .
1880 2239 1909 2245 ..

351 2263 382 2297 si
407 2275 481 2298 non
505 2265 652 2298 utemur
677 2263 910 2299 continenter
935 2263 1107 2298 similiter
1132 2263 1351 2298 cadentibus
1383 2264 1504 2299 verbis
1535 2264 1605 2299 hoc
1623 2264 1733 2299 modo
1759 2263 1911 2300 «flentes

350 2317 539 2361 plorantes
557 2316 795 2352 lacrimantes
815 2316 1095 2352 obtestantes»)
1125 2317 1318 2351 Diversum
1336 2317 1435 2351 hunc
1453 2317 1611 2353 rhetoris
1630 2327 1774 2352 versum
1797 2317 1844 2352 ab
1868 2328 1911 2352 eo

352 2379 462 2413 quem
475 2369 711 2414 grammatici
724 2369 1009 2413 frequentarunt
1023 2369 1058 2404 N
1061 2369 1190 2405 aekius
1211 2370 1344 2406 statuit
1361 2382 1453 2404 mus.
1465 2370 1582 2405 Rhen.
1594 2383 1636 2404 111
1650 2371 1768 2417 (1829)
1782 2383 1817 2415 p.
1830 2373 1909 2405 398.

473 2553 554 2590 101
588 2551 749 2602 virgini’
777 2547 876 2605 (sive
904 2548 1090 2606 virgine).
1109 2566 1202 2592 nam
1227 2553 1528 2599 Lachmannus;
1559 2554 1621 2590 cm·
1651 2553 1698 2590 de
1726 2553 1912 2591 incisione

352 2612 631 2650 concedendum
656 2615 720 2656 est,
748 2613 815 2650 sed
839 2613 1012 2663 virgines
1037 2624 1116 2650 non
1139 2613 1291 2651 videtur
1314 2612 1529 2651 desiderari
1545 2623 1672 2659 posse,
1698 2613 1733 2649 si
1758 2613 1910 2659 quidem

351 2673 449 2709 recte
465 2672 694 2718 interpretor
711 2671 804 2709 haec
821 2673 1074 2719 repetentibus
1092 2673 1261 2719 viraines
1278 2672 1501 2719 respondere?
1519 2671 1703 2720 virgines,
1722 2682 1815 2707 nam
1834 2671 1910 2709 sibi

353 2730 519 2779 quisque
538 2742 603 2767 eas
617 2729 724 2767 domi
736 2730 936 2768 Romanus
948 2730 1079 2779 habet,
1091 2730 1202 2768 reddi
1214 2743 1294 2768 non
1305 2732 1482 2779 possunt,
1501 2732 1544 2767 ut
1556 2730 1663 2777 apud
1675 2730 1910 2778 Dionysium

352 2789 480 2827 Halic.
501 2801 532 2825 11
559 2798 628 2836 37,
644 2799 669 2835 4
695 2788 928 2827 Sabinorum
954 2790 1088 2837 Zeqatz's
1112 2790 1363 2838 respondetur
1383 2784 1578 2840 Ῥωμύλου
1606 2786 1811 2834 ἀξιοῦντος
1841 2786 1910 2834 τὰς

354 2844 425 2898 μὲν
443 2850 649 2899 γυναῖκας,
674 2845 807 2898 ἐπειδὴ
834 2843 922 2886 οὐδ’
945 2847 1081 2894 αὐταῖς
1101 2847 1288 2894 ἀκούσαις
1309 2845 1329 2886 ὅ
1350 2846 1443 2899 μετὰ
1462 2852 1539 2885 τῶν
1557 2845 1713 2899 ἀνδρῶν
1732 2847 1820 2898 βίος
1845 2841 1909 2897 ἦν,

353 2903 422 2944 ἐᾶν
441 2905 545 2958 παρὰ
564 2910 645 2952 τοῖς
664 2906 900 2959 γεγαμηκόσι
919 2904 1050 2957 μένειν
1068 2910 1134 2945 κτλ
