2054 3282
759 160 1041 197 MELANIPPA
1595 159 1616 202 1
1624 159 1678 203 73

876 280 927 316 ΠΙ

119 345 205 387 292
238 343 419 386 Lumine
444 343 505 386 sic
530 342 713 386 tremulo
739 346 853 385 terra
877 345 920 384 et
945 356 1047 384 cava
1072 342 1240 384 caerula
1265 345 1447 389 candent

876 465 927 500 IV

119 528 206 570 293
777 541 874 568 cum
906 541 1056 567 saxum
1083 527 1298 570 sciciderit

885 642 918 677 V

119 706 206 748 294
775 706 886 746 stata
910 704 1049 746 forma

118 875 160 916 τῇ
175 872 301 916 τροφῷ
314 872 443 904 θεῖναι
462 868 559 904 κατὰ
577 868 644 914 τὴν
665 868 816 913 ἐντολὴν
835 873 901 903 τοῦ
921 866 1248 914 κατασπείραντος.
1269 870 1342 906 ’ὑπὸ
1364 871 1405 906 ὃὲ
1424 871 1491 917 τὴν
1510 872 1682 908 κάθοδον

118 928 183 958 τοῦ
197 922 381 958 δυνάστου
400 922 447 957 τὰ
467 921 586 969 βρέφη
606 921 703 962 τινὲς
720 927 793 957 τῶν
807 920 995 968 βουκόλων
1010 922 1266 968 φυλαττόμενα
1284 924 1350 969 μὲν
1364 925 1436 960 ὑπὸ
1450 931 1516 960 τοῦ
1529 926 1683 970 ταύρου,

117 975 352 1022 θηλαζόμενα
373 976 413 1012 δὲ
433 976 505 1011 ὑπὸ
526 981 613 1021 μιᾶς
631 981 703 1011 τῶν
723 976 820 1022 βοῶν
838 973 980 1016 ἰδόντες
999 975 1048 1016 ὡς
1068 977 1263 1023 βουγενῆ
1282 976 1446 1022 τέρατα
1472 981 1523 1025 τῷ
1542 980 1686 1025 βασιλεῖ

116 1029 388 1075 προσήνεγκαν·
406 1029 425 1064 ὁ
447 1028 488 1065 δὲ
506 1034 556 1075 τῇ
576 1034 654 1064 τοῦ
672 1025 1074 1073 πατρὸς”Ἐλληνος
1094 1031 1240 1077 γνώμῃ
1260 1032 1472 1073 πεισθεὶς
1491 1031 1682 1068 ὁλοκαυ-

117 1088 224 1118 τοῦν
242 1082 295 1118 τὰ
315 1084 364 1129 βρ
374 1081 457 1128 ἔφη
478 1096 499 1117 κ
509 1096 528 1127 ρ
538 1080 637 1124 ίνας
650 1079 877 1128 Μελανίππῃ
896 1086 940 1127 τῇ
953 1083 1118 1127 θυγατρὶ
1136 1083 1360 1127 προσέταξεν
1376 1083 1568 1130 ἐνταφίοις
1587 1085 1683 1120 αὐτὰ

117 1141 309 1181 κοσμῆσαι.
330 1135 353 1181 ἡ
375 1135 416 1172 δὲ
435 1136 498 1170 καὶ
516 1136 581 1170 τὸν
601 1135 739 1180 κόσμον
759 1135 886 1176 αὐτοῖς
905 1133 1067 1180 ἐπέθηκε
1086 1136 1150 1170 καὶ
1169 1136 1234 1172 τὸν
1253 1136 1363 1182 λόγον
1383 1138 1436 1179 εἰς
1457 1136 1682 1184 παραίτησιν

118 1188 271 1235 ἐξέθηκε
292 1188 496 1234 φιλότιμον,
517 1200 560 1224 ex
575 1200 618 1224 ea
631 1188 858 1234 intelligitur
870 1187 981 1222 Ennii
996 1188 1107 1224 verba
1120 1189 1287 1225 Hellenis
1302 1202 1381 1226 esse
1394 1191 1552 1226 Aeolum
1565 1191 1683 1226 filium

117 1242 302 1277 monentis
322 1243 364 1276 ut
383 1253 516 1287 pueros
540 1242 695 1277 cremari
717 1242 855 1276 iubeat.
878 1240 943 1286 (Cf.
959 1241 1111 1287 Dionys.
1133 1243 1252 1278 Halic.
1269 1255 1328 1279 ars
1347 1244 1439 1279 rhet.
1455 1258 1478 1280 v
1497 1256 1532 1290 p.
1549 1248 1616 1279 356
1637 1245 1680 1279 R.

118 1308 152 1341 p.
169 1300 213 1331 94
234 1295 412 1342 Useneri).
427 1295 633 1341 Eidemque
652 1295 800 1330 Helleni
819 1295 948 1330 malim
969 1295 1083 1330 etiam
1103 1307 1228 1331 versus
1249 1297 1340 1332 duos
1360 1297 1499 1343 primos
1515 1299 1553 1345 (1)
1568 1309 1680 1344 quam

117 1350 183 1384 uni
201 1350 395 1394 pastorum
413 1351 579 1394 repertos
598 1350 638 1384 in
658 1349 806 1384 stabulo
825 1359 959 1394 pueros
979 1349 1170 1384 nuntianti
1191 1350 1357 1385 attribui.
1585 1390 1590 1395 1

234 1402 285 1437 ΠΙ
305 1404 400 1448 (292)
438 1403 650 1438 Macrobius
671 1402 745 1437 Sat.
761 1416 798 1438 v1
817 1406 850 1446 4,
867 1405 885 1436 7
904 1402 1097 1447 ‘splendet
1116 1403 1275 1438 tremulo
1296 1404 1364 1438 sub
1384 1404 1525 1439 lumine
1545 1406 1682 1450 pontus

118 1456 220 1502 (Aen.
235 1469 287 1491 v11
301 1458 345 1502 9).
360 1457 561 1491 tremulum
579 1456 706 1491 lumen
726 1456 772 1491 de
792 1455 957 1501 imagine
977 1456 1030 1490 rei
1050 1456 1167 1500 ipsius
1188 1467 1401 1501 expressum
1421 1459 1486 1492 est.
1503 1458 1568 1492 sed
1581 1458 1683 1503 prior

117 1509 257 1544 Ennius
278 1509 317 1544 in
335 1509 550 1554 Melanippe
565 1509 727 1546 «lumine
743 1537 749 1544 .
766 1538 772 1543 .
790 1538 796 1543 .
813 1509 1024 1544 candent».’
1123 1509 1182 1543 Ad
1200 1509 1442 1555 Melanippae
1461 1508 1568 1556 ῥ’ῆσιν
1588 1511 1682 1556 phy-

118 1563 233 1597 sicam
251 1563 437 1607 pertinere
458 1563 690 1606 crediderim,
711 1563 815 1597 cuius
836 1563 892 1597 est
910 1562 953 1596 fr.
969 1565 1038 1597 484
1058 1562 1201 1598 Nauck.
1217 1576 1255 1598 11.
1278 1563 1344 1598 alii
1365 1564 1483 1599 aliter.

234 1615 285 1650 IV
305 1617 400 1662 (293)
438 1616 649 1651 Priscianus
669 1629 692 1650 x
711 1628 746 1661 p.
767 1620 846 1659 517,
863 1619 906 1650 10
926 1616 970 1650 H.
991 1616 1140 1651 ‘scindo
1161 1617 1265 1651 scidi.
1287 1618 1529 1652 vetustissimi
1555 1619 1681 1653 tamen

118 1669 232 1704 etiam
251 1669 381 1704 scicidi
400 1669 651 1714 proferebant,
672 1670 772 1714 quod
792 1669 910 1704 solum
931 1681 1078 1715 quoque
1098 1670 1137 1704 in
1156 1681 1226 1705 usu
1249 1681 1328 1705 esse
1353 1672 1465 1716 putat
1483 1671 1681 1706 Asmonius

119 1752 125 1758 .
143 1751 149 1757 .
167 1752 173 1757 .
195 1723 259 1757 sed
280 1724 388 1758 errat.
410 1734 496 1758 nam
516 1723 686 1758 Lucanus
709 1752 714 1757 .
733 1752 739 1757 .
761 1723 873 1758 scidit
891 1723 999 1768 ponit
1020 1752 1026 1757 .
1044 1752 1050 1758 .
1068 1752 1074 1758 .
1092 1752 1098 1758 .
1121 1723 1186 1758 sed
1207 1723 1384 1759 Afranius
1405 1735 1505 1759 more
1527 1725 1681 1769 antiquo

118 1777 231 1811 dixit.
246 1806 251 1811 .
265 1778 346 1822 (227
361 1776 419 1822 R.)
433 1787 453 1813 «
463 1805 469 1811 .
481 1805 487 1811 .
499 1805 505 1811 .
519 1776 718 1811 scicidistis
733 1776 868 1813 colus».
881 1776 1016 1811 Accius
1028 1777 1286 1812 Sotadicomm
1299 1791 1313 1812 1
1327 1789 1439 1814 «num
1453 1789 1540 1823 ergo
1555 1778 1683 1823 aquila

116 1830 172 1865 ita
190 1831 233 1864 ut
251 1829 291 1864 hi
310 1830 531 1875 praedicant
550 1830 749 1865 sciciderat
768 1831 839 1875 (ea)
859 1831 989 1875 pectus
998 1834 1036 1867 ?»
1053 1859 1059 1865 .
1077 1859 1083 1865 .
1101 1859 1106 1864 .
1122 1830 1264 1865 Ennius
1284 1830 1323 1865 in
1343 1831 1562 1876 Melanippa
1576 1835 1682 1877 (me-

117 1883 276 1927 nalipp
285 1894 307 1918 a
321 1882 448 1918 Bamb.
461 1883 582 1929 Bern.)
594 1895 701 1920 «cum
716 1895 742 1918 s.
756 1883 944 1918 sciciderit
958 1885 993 1929 (s
1003 1884 1066 1919 cis
1076 1884 1148 1919 cid
1157 1884 1246 1919 erit
1258 1884 1339 1919 Par.
1351 1884 1448 1930 R)».’
1540 1883 1681 1919 Gellius

117 1949 153 1971 vr
167 1940 199 1980 9,
216 1940 258 1971 15
276 1937 490 1981 ‘praeterea
502 1937 627 1972 inveni
642 1949 664 1972 a
677 1937 787 1972 verbo
802 1937 931 1972 scindo
952 1937 1066 1972 simili
1085 1938 1231 1972 ratione
1250 1949 1325 1972 non
1345 1938 1508 1973 sciderat
1528 1938 1593 1972 sed
1613 1938 1682 1972 sci-

118 1990 261 2025 ciderat
274 1990 416 2024 dictum
430 2001 518 2025 esse.
533 1990 563 2010 ¹⁶
576 1990 613 2025 L.
630 1990 763 2025 Accius
778 1991 817 2025 in
832 1990 1090 2025 Sotadicorum
1103 1990 1198 2025 libro
1213 2004 1225 2024 1
1240 1984 1554 2025 scicideratdicit.
1571 1991 1682 2026 verba

117 2043 210 2077 haec
238 2043 325 2077 sunt
350 2054 461 2079 «num
477 2071 578 2077 .....
594 2044 772 2088 pectus?»
791 2043 821 2064 ¹⁷
839 2043 981 2077 Ennius
1007 2054 1155 2088 quoque
1169 2043 1340 2078 Valerius
1360 2044 1493 2079 Antias
1520 2045 1559 2078 in
1585 2044 1680 2078 libro

117 2095 357 2130 historiarum
371 2109 464 2131 Lxxv
476 2096 589 2131 verba
602 2096 695 2131 haec
709 2096 858 2141 scripsit
872 2096 1032 2133 «deinde
1045 2096 1174 2131 funere
1187 2096 1310 2132 locato
1326 2097 1373 2132 ad
1387 2096 1509 2131 forum
1530 2097 1680 2132 descen—

118 2148 265 2185 didit»)
281 2148 477 2183 Defectum
496 2149 679 2194 patefacit
697 2149 921 2194 Priscianus,
941 2161 1010 2184 nec
1029 2149 1129 2195 fugit
1147 2150 1172 2184 I.
1189 2149 1424 2185 Gronovium.

235 2201 269 2237 V
282 2203 378 2248 (294)
418 2201 559 2237 Gellius
578 2216 601 2238 v
622 2207 677 2246 11,
694 2206 736 2237 11
754 2202 872 2237 ‘inter
890 2202 1179 2247 pulcherrimam
1199 2203 1378 2238 feminam
1397 2204 1436 2238 et
1455 2203 1680 2238 deformissi-

117 2267 217 2291 mam
235 2255 361 2290 media
380 2255 499 2291 fonua
519 2256 705 2301 quaedam
725 2257 782 2291 est
801 2266 897 2301 quae
917 2257 954 2290 et
968 2267 990 2291 a
1003 2256 1142 2291 nimiae
1155 2256 1448 2302 pulchritudinis
1462 2257 1628 2302 periculo
1644 2258 1681 2291 et

119 2320 140 2344 a
160 2320 325 2344 summae
352 2308 601 2345 deformitatis
622 2310 707 2344 odio
728 2310 852 2354 vacat;
869 2309 898 2330 ¹2
911 2309 1033 2354 qualis
1055 2321 1077 2345 a
1096 2309 1234 2352 Quinto
1257 2310 1377 2345 Ennio
1403 2310 1443 2345 in
1463 2310 1681 2355 Melanippa

117 2482 257 2519 haberet
273 2481 511 2530 simulari&
530 2481 730 2521 aditavere
751 2476 868 2534 (seem.
884 2476 989 2535 425)
1002 2482 1116 2520 semel
1134 2482 1314 2528 Ermius;
1333 2482 1547 2520 halitantes
1567 2483 1681 2521 semel

117 2541 218 2579 idem
237 2535 354 2594 (scen.
376 2535 474 2593 184)
484 2554 498 2587 ,·
521 2541 736 2590 palitantes
758 2541 817 2578 vel
842 2541 1055 2579 balitantes
1075 2541 1273 2590 simulare
1291 2544 1495 2589 utrumque
1512 2541 1680 2579 Plautus

118 2599 260 2638 Bacch.
279 2609 293 2635 1
309 2610 322 2635 1
336 2609 387 2646 23
398 2613 411 2646 ,·
429 2601 603 2649 paritare
621 2611 726 2638 ‘tenus
738 2600 903 2638 Plautus
924 2602 958 2638 et
974 2612 1067 2638 raro
1075 2614 1089 2647 ,·
1107 2601 1310 2639 multitare
1329 2601 1442 2639 semel
1458 2600 1552 2639 C'ato
1572 2601 1679 2648 apud

121 2658 217 2696 Gall.
231 2671 258 2696 x
280 2668 346 2708 23,
361 2669 408 2706 4,·
429 2659 682 2708 discrepitare
707 2660 945 2697 nominitare
969 2662 1013 2697 ut
1035 2662 1151 2698 metro
1171 2662 1324 2708 aptaret
1340 2660 1547 2698 Lucretius
1565 2660 1681 2706 linxit

121 2712 375 2770 (nominitare
385 2718 605 2757 Buecheler.
618 2730 735 2757 earm.
751 2720 867 2766 epifi.
877 2729 901 2766 9
908 2727 929 2766 5
936 2729 974 2767 9,
990 2713 1051 2772 1),·
1065 2720 1233 2758 cur-itare
1243 2717 1435 2768 Apuleius
1442 2733 1456 2765 ;
1468 2720 1678 2769 pugnitare

118 2777 268 2815 Paulus
289 2789 333 2816 ex
350 2777 465 2816 Festo
587 2779 670 2815 292
691 2778 745 2815 In
763 2778 979 2816 hexametro
996 2789 1075 2816 non
1094 2790 1173 2816 esse
1191 2779 1460 2826 offewdemlum
1477 2772 1543 2830 (cf.
1560 2771 1677 2829 367),

118 2836 328 2884 Euripidis
347 2837 559 2884 ern-emplum
578 2838 709 2875 docere
720 2838 848 2884 potuit
865 2838 1101 2876 hexametros
1114 2838 1172 2876 vel
1188 2837 1359 2885 smyfulos
1373 2837 1430 2874 vel
1436 2837 1573 2884 plures
1593 2847 1678 2873 con-

118 2896 266 2934 izmctos
286 2897 491 2935 exhibentis
509 2898 552 2935 in
571 2897 777 2944 trayoediis
795 2896 895 2935 velut
909 2897 1043 2935 Helen.
1062 2907 1075 2932 1
1087 2894 1153 2944 64.
1172 2895 1262 2943 165.
1286 2896 1427 2934 Troad.
1445 2894 1673 2943 595—602
