2020 3334
715 223 923 260 COELIUS.
963 225 1178 260 LUCILIUS
1604 226 1739 261 XXVII

185 338 328 376 aemuli
352 350 471 386 quam
499 335 655 374 Servius
681 335 778 374 dicit
802 338 844 374 in
862 336 958 375 Aen.
979 350 1005 375 v
1028 339 1108 376 187
1137 340 1291 377 aemula
1310 340 1468 387 pristis:
1491 340 1660 378 eiusdem
1685 342 1741 379 rei

182 398 375 442 studiosa,
410 399 454 435 ut
484 392 565 434 ‘ulo
597 395 746 433 aemulo
777 398 889 443 atque
918 397 1108 435 imitatore
1137 398 1354 435 studiorum
1390 394 1576 437 meorum'
1611 398 1740 438 Cicero

183 458 227 495 m
254 455 504 495 Caesarianis
536 449 626 507 (pro
651 454 769 492 Marc.
793 457 829 502 1,
851 450 907 506 2).
940 455 1053 493 Unde
1077 457 1316 507 intelligitur
1341 470 1460 506 quam
1484 457 1741 506 probabiliter

184 516 397 554 statuerint
420 515 451 553 ii
482 514 551 564 qui
582 514 676 562 quia
707 512 843 551 Livius
871 512 1046 551 Coelium
1076 516 1180 553 inter
1211 517 1389 554 auctores
1420 515 1514 554 belli
1539 516 1740 556 Hanniba-

183 575 251 612 lici
288 587 385 624 quos
423 573 648 613 adhibuerit
679 572 917 621 aliquotiens
954 573 1206 621 memoravit,
1243 576 1276 612 si
1314 587 1414 623 quae
1449 575 1553 625 apud
1584 576 1740 615 Livium

185 634 313 672 colore
347 633 518 683 quodam
554 633 708 682 poetico
746 631 933 670 distincta
970 632 1196 681 videantur,
1234 646 1280 671 ea
1300 633 1368 671 *ad
1403 634 1507 672 hunc
1544 637 1742 673 aemulum

185 693 306 731 Ennii
342 692 546 731 referenda
584 693 623 729 et
656 691 729 730 hoc
759 690 888 729 medio
920 691 1123 730 Ennianas
1154 692 1343 741 reliquias
1376 705 1421 730 ex
1452 693 1565 731 Livio
1598 707 1740 744 augen-

184 752 254 791 das
285 764 368 790 esse
400 752 475 790 sibi
505 752 793 801 persuaserunt.
828 749 903 788 Sed
935 750 981 788 de
1013 763 1059 788 ea
1090 763 1131 788 re
1162 752 1250 788 tum
1279 751 1545 790 disserendum
1571 756 1629 790 est
1654 766 1742 791 cum

184 811 231 849 de
262 810 376 849 Livio
408 812 557 861 agetur.

304 869 403 908 Cum
435 869 568 908 Coelio
600 881 674 918 par
705 870 764 907 est
794 868 979 919 coniungi
1011 868 1053 905 L.
1079 868 1236 907 Aelium
1265 868 1466 918 Stilonem,
1499 872 1561 908 cui
1586 871 1652 908 ille
1685 872 1741 909 hi-

183 930 347 968 storiam
383 941 495 968 suam
532 929 594 967 vel
631 930 785 978 partem
821 929 903 966 eius
940 929 1158 977 inscripsit:
1198 930 1266 977 qui
1304 931 1349 966 ut
1385 931 1665 979 grammaticus
1705 933 1743 969 et

183 990 303 1038 prisci
334 989 523 1027 sermonis
548 987 683 1026 Latini
709 988 902 1037 interpres
928 987 1034 1025 haud
1059 987 1175 1025 dubie
1204 989 1245 1025 in
1272 988 1390 1025 Ennii
1417 989 1653 1028 carminibus
1679 1003 1741 1027 cu-

183 1061 268 1086 ram
300 1048 527 1096 collocavit,
565 1047 632 1086 sed
664 1047 769 1096 quod
801 1048 943 1095 exstet,
980 1048 1025 1084 ut
1049 1048 1208 1084 mittam
1240 1060 1339 1096 quae
1372 1060 1489 1096 supra
1517 1062 1553 1098 p.
1581 1061 1660 1087 xxv
1697 1049 1743 1087 de

183 1106 287 1145 notis
319 1108 465 1145 criticis
497 1108 715 1144 memorata
746 1108 849 1154 sunt,
881 1105 979 1143 nihil
1012 1108 1070 1144 est
1101 1107 1178 1143 nisi
1209 1107 1397 1144 iudicium
1429 1107 1529 1144 illud
1554 1121 1743 1146 memora-

182 1167 261 1205 bile
299 1166 403 1216 quod
441 1166 535 1204 fecit
572 1166 619 1204 de
658 1166 862 1204 annalium
899 1165 1074 1204 versibus
1115 1166 1366 1214 234—251‚
1405 1178 1501 1215 quos
1538 1167 1606 1204 ille
1644 1169 1743 1205 teste

183 1224 310 1264 Gellio
343 1225 573 1264 credebatur
605 1225 820 1263 affirmasse
846 1225 1016 1262 Ennium
1046 1225 1094 1263 de
1120 1237 1159 1263 se
1184 1226 1271 1274 ipso
1297 1226 1496 1275 scripsisse
1523 1227 1660 1275 suique
1685 1227 1744 1264 in-

183 1286 290 1336 genii
321 1286 517 1334 picturam
549 1297 632 1323 esse
663 1285 844 1323 voluisse.

301 1344 402 1382 Item
440 1345 582 1383 aetatis
615 1343 866 1382 Gracchanae
904 1344 972 1392 qui
1003 1343 1122 1381 Ennii
1159 1345 1398 1381 mentionem
1433 1345 1569 1381 fecerit
1601 1343 1640 1382 G.
1667 1344 1744 1382 Lu-

183 1404 295 1442 cilius
326 1405 445 1453 poeta
476 1399 530 1456 (a.
553 1397 804 1454 620—651)
836 1402 1110 1441 memorandus
1142 1404 1212 1450 est,
1245 1404 1313 1451 qui
1342 1403 1514 1452 primum
1544 1405 1672 1452 poesis
1706 1406 1745 1442 et

182 1475 323 1513 poema
354 1463 449 1511 quid
479 1464 688 1500 interesset
715 1463 760 1499 ut
791 1462 947 1500 doceret
971 1462 1066 1500 haec
1092 1463 1272 1511 exposuit
1297 1474 1320 1499 a
1346 1462 1475 1500 Nonio
1503 1457 1556 1515 (p.
1580 1463 1676 1511 428,
1699 1458 1743 1516 9)

183 1524 366 1571 excerpta
399 1516 650 1574 (298—307
684 1515 863 1573 Lachm.)

324 1582 417 1618 Non
446 1582 538 1619 leaeo
569 1581 662 1628 quid
693 1581 848 1619 valeant
878 1581 1015 1628 quidve
1046 1581 1113 1618 hoc
1144 1581 1314 1618 intersiet
1343 1581 1442 1618 illud

328 1640 558 1688 Coqnoseis?
582 1642 759 1687 primum
790 1640 857 1677 lzoc
888 1640 989 1687 quod
1019 1640 1184 1678 dicimus
1215 1650 1293 1678 csse
1316 1651 1470 1687 poema,

324 1700 426 1738 Pars
457 1702 511 1737 est
534 1711 667 1746 parva
685 1710 837 1746 poema,
861 1710 1003 1746 poema
1035 1700 1356 1746 epiyrammation
1386 1700 1445 1737 vel

326 1759 557 1803 Disttclium,
588 1759 753 1806 epistula
784 1760 872 1796 item
903 1759 1060 1806 quaevis
1090 1769 1169 1796 uon
1199 1770 1343 1806 magma
1367 1769 1508 1806 poema
1539 1761 1602 1796 est.

325 1819 412 1856 Illa
436 1820 566 1866 poesis
597 1829 694 1865 opus
725 1820 855 1862 totum,
886 1820 963 1855 tota
994 1818 1102 1855 Ilias
1133 1830 1215 1855 una
1246 1820 1310 1861 est,

334 1878 423 1916 Una
453 1875 565 1923 θέσις
594 1880 686 1914 suut
716 1877 914 1915 annales
946 1877 1074 1915 Enni
1105 1879 1216 1924 atque
1247 1875 1339 1922 ἔπος
1370 1889 1504 1920 urium,

326 1937 381 1974 Et
410 1938 539 1975 maius
570 1937 688 1974 multo
720 1939 774 1974 est
804 1948 921 1984 quam
952 1937 1053 1984 quod
1084 1937 1167 1974 dixi
1198 1939 1286 1974 ante
1310 1947 1462 1983 poema.

327 1996 568 2044 Quapropter
599 1996 694 2040 dico,
725 2007 834 2034 nemo
866 1997 933 2043 qui
963 1996 1094 2043 culpat
1123 1996 1339 2034 Homerum

325 2056 512 2103 Perpetuo
543 2056 674 2102 culpat
703 2066 823 2102 neque
854 2055 955 2102 quod
985 2055 1069 2092 dixi
1099 2057 1187 2093 ante
1210 2055 1369 2102 poesin:

334 2115 495 2152 Versum
525 2126 649 2152 unum
680 2115 820 2161 culpat,
851 2114 1010 2152 verbum
1040 2114 1278 2161 euthymema
1308 2113 1487 2151 locumve.

184 2174 257 2212 His
290 2186 390 2223 quae
407 2173 575 2211 *dicendi
606 2185 755 2210 morem
780 2171 1030 2211 Lucilianum
1060 2173 1214 2222 egregie
1244 2172 1542 2221 repraesentant
1572 2173 1612 2209 et
1636 2174 1744 2220 pate-

185 2234 337 2271 faciunt
367 2233 409 2269 in
442 2244 486 2270 eo
519 2231 613 2280 quid
644 2230 834 2269 Horatius
866 2231 1099 2279 fastidierit,
1130 2231 1235 2280 quod
1269 2232 1427 2280 praeter
1458 2230 1621 2268 Homeri
1651 2231 1744 2269 Ilia-

185 2292 273 2329 dem
310 2291 470 2328 annales
504 2290 624 2327 Ennii
661 2290 878 2328 afferuntur
915 2291 983 2338 qui
1020 2291 1101 2327 vim
1137 2291 1267 2338 poesis
1305 2290 1504 2339 expleant,
1542 2302 1620 2327 non
1662 2293 1746 2327 erat

184 2352 270 2388 tum
296 2350 404 2388 aliud
429 2362 617 2400 magnum
643 2361 734 2399 epos
754 2348 942 2386 Latinum
967 2348 1071 2397 quod
1098 2361 1186 2387 cum
1205 2348 1376 2387 Homero
1403 2348 1583 2397 componi
1603 2351 1745 2398 posset,

185 2409 252 2447 sed
289 2410 363 2448 hoc
400 2408 505 2458 quod
543 2410 628 2447 erat
665 2420 743 2447 non
781 2408 985 2458 indignum
1019 2407 1238 2446 habebatur
1269 2408 1374 2457 quod
1404 2407 1522 2445 Iliadi
1553 2408 1745 2446 conferre-

185 2470 267 2506 tur:
299 2470 339 2506 et
369 2469 424 2506 sic
455 2468 646 2505 iudicavit
677 2469 815 2516 postea
844 2467 896 2505 M.
922 2467 1060 2516 Varro,
1093 2467 1202 2505 cuius
1235 2467 1477 2505 consimilem
1509 2467 1741 2504 sententiam

185 2527 321 2565 eodem
352 2528 438 2566 1000
462 2527 615 2565 Nonius
647 2526 856 2576 perhibuit.
902 2525 979 2564 Sed
1011 2528 1175 2576 apparet
1202 2526 1299 2565 haec
1325 2539 1424 2575 quae
1450 2526 1547 2563 dicit
1570 2525 1744 2563 Lucilius

185 2663 361 2708 placebat
386 2663 485 2707 quod
511 2664 554 2697 ut
580 2663 633 2697 ait
660 2662 786 2697 Cicero
813 2662 865 2706 (in
892 2673 941 2696 or.
971 2666 1025 2706 11,
1041 2664 1100 2708 36)
1124 2674 1199 2698 uon
1223 2662 1374 2697 discedit
1398 2674 1422 2696 a
1446 2662 1627 2697 communi
1651 2672 1746 2696 more

185 2711 382 2753 verborum,
409 2711 507 2745 esset
532 2711 632 2754 quod
658 2710 705 2744 ab
732 2709 851 2744 Ennio
878 2709 1038 2744 disceret
1063 2709 1230 2744 aemulus
1255 2710 1344 2744 eius.
1372 2709 1413 2743 In
1438 2709 1606 2752 reliquiis
1627 2707 1744 2743 Coeli-

187 2757 267 2794 anis
294 2758 394 2801 quod
420 2769 503 2792 cum
528 2757 648 2792 Ennio
674 2757 713 2791 in
738 2757 859 2791 verbis
886 2757 1098 2791 conferatur
1122 2768 1197 2792 non
1222 2757 1369 2791 invenio
1396 2756 1467 2790 nisi
1494 2756 1593 2799 quod
1622 2760 1745 2799 topper

186 2807 243 2849 (47
267 2805 360 2849 Pet.)
394 2805 550 2840 eandem
575 2805 614 2839 in
642 2804 954 2850 significationem
978 2804 1104 2849 posuit
1130 2815 1242 2848 quam
1267 2804 1408 2838 Ennius
1439 2805 1547 2848 (scen.
1575 2804 1674 2846 428>3
1708 2803 1745 2835 et

186 2852 285 2896 quod
312 2851 500 2887 Charisius
532 2851 642 2886 affert
674 2863 717 2886 ex
744 2851 859 2886 Coelii
890 2851 1131 2886 historiarum
1162 2851 1281 2896 primo
1310 2853 1367 2896 (12
1393 2850 1486 2895 Pet.)
1512 2849 1745 2893 Sempronius

186 2899 361 2945 Lilybaeo
387 2901 568 2934 celocem
592 2900 633 2934 in
653 2900 823 2942 Africam
847 2899 947 2934 misit
964 2898 1083 2944 possit
1103 2898 1134 2933 si
1155 2899 1214 2933 cui
1234 2898 1327 2932 libet
1347 2897 1511 2932 conferre
1531 2907 1614 2931 cum
1633 2894 1743 2929 Ennii

187 2956 270 2981 ann.
297 2950 366 2981 478
392 2947 530 2982 labitur
554 2950 666 2982 uncta
690 2947 821 2982 carina
841 2957 909 2991 per
933 2958 1091 2992 aequora
1115 2958 1210 2983 caria
1235 2945 1404 2981 celocis.

1713 3074 1718 3101 l
