2054 3282
704 174 885 211 NEMEA.
912 174 1128 211 PHOENIX
1613 176 1696 219 175

900 294 935 329 II

825 362 1006 388 AMYNTOR

136 410 223 452 299
254 408 404 464 Neque
425 412 472 451 tu
490 423 626 452 meum
644 424 847 465 umquam
874 410 919 451 in
945 410 1155 466 gremium
1183 409 1362 453 extollas
1387 409 1619 453 liberorum
1646 424 1696 453 ex

1199 483 1242 523 te
1267 495 1412 538 genus.

890 568 942 602 HI

832 635 1005 660 PHOENIX

136 683 222 724 300
255 682 338 724 Sed
362 683 501 725 virum
526 697 625 724 vera
649 682 809 724 virtute
834 683 975 724 vivere
1001 682 1236 723 animatum
1262 681 1433 724 addecet

254 753 526 809 Fortiterque
552 754 775 795 innoxium
800 757 907 795 stare
939 753 1162 795 adversum
1189 752 1464 795 adversarios.

135 824 220 866 302
252 825 316 866 Ea
341 824 516 866 libertas
542 826 616 879 est,
644 825 716 879 qui
742 826 891 879 pectus
916 839 1072 879 purum
1098 827 1140 866 et
1166 824 1338 866 firmum
1363 825 1557 881 gestitat:

252 895 376 937 Aliae
401 909 467 937 res
494 895 753 938 obnoxiosae
777 897 903 937 nocte
929 895 975 936 in
1001 895 1181 937 obscura
1206 895 1351 938 latent.

890 999 942 1034 IV

826 1067 1007 1093 AMYNTOR

134 1114 221 1157 304
252 1114 362 1156 Tum
388 1117 436 1156 tu
462 1115 535 1157 isti
562 1114 682 1156 crede
709 1118 746 1157 te
772 1117 900 1169 atque
926 1128 1072 1157 exerce
1097 1114 1291 1171 linguam
1316 1117 1365 1156 ut
1391 1115 1627 1171 argutarier

254 1186 400 1228 Possis

251 1314 285 1349 II
304 1316 401 1361 (299)
439 1314 565 1350 Cicero
586 1317 677 1350 orat.
696 1319 751 1358 46,
770 1318 836 1350 155
857 1315 1006 1360 <itaque
1025 1315 1126 1350 idem
1145 1317 1269 1361 poeta,
1290 1314 1354 1359 qui
1374 1315 1591 1352 inusitatius
1612 1327 1697 1351 con-

133 1369 299 1402 traxerat
312 1369 384 1413 (59)
399 1368 540 1413 «patris
553 1368 628 1403 mei
640 1379 764 1403 meum
782 1367 925 1403 factum
943 1368 1083 1413 pudet»
1103 1380 1170 1414 pro
1189 1379 1356 1404 meorum
1375 1369 1558 1404 factorum
1572 1371 1610 1405 et
1624 1371 1696 1415 (66)

134 1420 312 1458 «texitur=
334 1421 490 1456 exitium
510 1432 664 1456 examen
683 1421 807 1467 rapit»
827 1432 894 1466 pro
915 1422 1122 1466 exitiorum,
1142 1433 1216 1458 non
1237 1422 1329 1457 dicit
1348 1422 1517 1458 liberum.
1531 1425 1575 1458 ut
1586 1423 1698 1469 pleri-

135 1485 206 1519 que
225 1474 412 1519 loquimur
433 1503 439 1508 .
457 1503 462 1508 .
480 1502 486 1508 .
511 1475 576 1509 sed
600 1476 644 1509 ut
668 1474 733 1509 isti
758 1474 887 1510 volunt
912 1486 1055 1520 «neque
1081 1480 1122 1511 tu
1143 1477 1242 1521 (tufi
1265 1475 1429 1522 Abrinc.)
1447 1488 1622 1521 umquam
1643 1505 1648 1511 .
1666 1505 1672 1511 .
1690 1505 1695 1511 .

134 1538 274 1573 genus»
295 1529 333 1562 et
351 1528 451 1562 idem
465 1529 560 1574 (165)
576 1539 760 1572 «namque
773 1528 974 1573 Aesculapi
993 1528 1229 1565 liberorum».
1251 1530 1290 1564 at
1309 1529 1374 1564 ille
1394 1529 1488 1564 alter
1507 1529 1546 1564 in
1560 1529 1698 1575 Chryse

135 1581 283 1627 [Pacuv.
298 1584 343 1615 80
357 1581 431 1627 R.]'
448 1592 522 1626 eqs.
622 1580 724 1624 Quae
745 1583 801 1616 est
823 1581 1027 1617 exsecratio
1049 1581 1246 1617 Phoenicis
1270 1593 1382 1627 quam
1406 1584 1535 1618 narrat
1556 1582 1636 1628 ipse
1655 1583 1696 1618 Π.

133 1647 171 1668 1x
185 1638 252 1669 453
273 1634 393 1679 πατὴρ
415 1633 451 1670 δ’
470 1634 576 1679 ἐμὸς.
594 1635 732 1670 ,πολλὰ
751 1641 936 1681 κατηρᾶτο
953 1665 959 1670 .
977 1664 982 1670 .
998 1635 1138 1680 μήποτε
1157 1635 1336 1681 γούνασιν
1356 1633 1452 1671 οἶσιν
1473 1634 1699 1681 ἐφέσσεσθαι

135 1685 244 1732 φίλον
269 1686 353 1723 υἱὸν
378 1687 414 1729 ἐξ
438 1686 571 1733 ἐμέθεν
596 1694 780 1733 γεγαῶταε
806 1688 936 1733 itaque
960 1688 1134 1724 Enniana
1159 1688 1272 1724 verba
1298 1688 1345 1724 ad
1368 1688 1592 1724 Phoenicem
1618 1690 1698 1724 eius

133 1740 280 1775 rettulit
299 1740 497 1775 Elmsleius
517 1741 565 1776 ad
585 1741 682 1776 Med.
699 1745 776 1776 785.

251 1794 301 1828 ΙΠ
321 1796 417 1840 (300)
456 1794 597 1829 Gellius
610 1808 647 1830 v1
662 1799 715 1838 17,
733 1800 750 1830 1
769 1795 881 1840 ‘quid
901 1795 1129 1841 significaret
1147 1795 1327 1831 obnoxius
1348 1806 1518 1841 quaeque
1538 1796 1617 1831 eius
1636 1807 1696 1831 vo-

134 1847 259 1882 cabuli
279 1848 382 1894 origo
404 1858 447 1882 ac
466 1849 563 1883 ratio
584 1850 681 1883 esset
697 1877 703 1883 .
721 1877 726 1882 .
744 1877 750 1883 .
768 1877 774 1882 .
794 1848 824 1868 ¹⁰
836 1849 913 1883 iam
932 1860 1017 1884 vero
1043 1848 1139 1883 illud
1158 1849 1273 1884 etiam
1294 1849 1334 1892 Q.
1350 1849 1462 1884 Ennii
1488 1860 1561 1895 quo
1586 1852 1697 1895 pacto

134 1912 336 1947 congruere
355 1903 479 1936 tecum
497 1903 622 1947 potest
642 1902 743 1947 quod
762 1902 892 1937 scribit
911 1902 950 1936 in
965 1903 1119 1947 phonice
1132 1902 1172 1937 in
1185 1902 1287 1937 hisce
1298 1903 1463 1937 versibus
1477 1903 1566 1939 «sed
1579 1903 1697 1937 virum

135 1983 140 1989 .
159 1983 164 1988 .
182 1983 188 1989 .
204 1955 411 1990 animatum
425 1955 594 2001 (anima
613 1957 705 1990 tum
718 1955 803 1990 Vat.
818 1955 914 2000 Par.)
930 1956 1064 1991 adiecit
1082 1955 1303 2001 fortiterque
1317 1958 1355 2001 (ᾇ
1369 1956 1484 1997 Rott.)
1505 1956 1697 1991 innoxium

133 2019 259 2044 vocare
277 2010 457 2054 (vacare
477 2009 574 2054 Par.)
591 2037 596 2042 .
614 2037 620 2042 .
638 2037 643 2042 .
659 2037 664 2042 .
680 2008 880 2044 obnoxiose
901 2008 1115 2053 (obnoxio
1136 2019 1179 2043 se
1199 2009 1280 2043 Par.
1303 2009 1498 2044 obnoxie
1518 2020 1562 2044 se
1581 2009 1696 2053 Rott.)

136 2089 142 2094 .
160 2090 165 2095 .
183 2089 189 2094 .
204 2060 375 2097 latent»)

252 2113 304 2148 IV
318 2115 413 2160 (304)
442 2114 476 2148 N
478 2114 584 2149 onius
604 2127 639 2159 p.
656 2118 734 2159 245,
750 2118 794 2149 27
811 2115 821 2131 ‘
833 2115 1000 2160 argutari
1021 2114 1158 2149 dicitur
1177 2115 1391 2160 loquacium
1409 2126 1476 2160 pro
1496 2115 1609 2161 loqui.
1625 2115 1697 2150 En-

137 2272 232 2312 279‚
254 2265 288 2301 et
308 2262 447 2302 Catull.
470 2261 536 2311 64,
557 2271 633 2310 147
784 2263 846 2301 De
870 2264 1056 2301 sententia
1082 2263 1129 2310 ef.
1150 2262 1283 2301 Plauti
1301 2263 1440 2301 Pseud.
1456 2260 1539 2310 683

136 2323 218 2361 299
239 2335 370 2360 meum
395 2323 532 2360 addidi
556 2323 855 2369 sententiamque
875 2322 927 2359 ad
945 2322 1195 2360 Homericum
1213 2334 1367 2361 versum
1392 2323 1675 2360 accommodavi
1685 2337 1698 2368 ,-

134 2383 181 2429 ef.
199 2382 284 2419 Ter.
300 2382 448 2428 adelph.
465 2390 547 2428 333
571 2383 639 2430 qui
659 2393 698 2419 se
717 2382 759 2419 in
779 2383 840 2420 sui
859 2383 1007 2432 gremio
1027 2382 1249 2431 positurum
1268 2395 1433 2432 puerum
1452 2381 1607 2420 dicebat
1626 2395 1696 2432 pa-

133 2443 205 2478 tris
358 2442 443 2479 300
470 2440 632 2479 addecet
649 2440 698 2478 L.
720 2440 875 2478 Carrio:
896 2440 1040 2478 adiecit
1192 2442 1273 2479 301
1302 2443 1406 2479 stare
1427 2438 1517 2493 (pro
1536 2436 1695 2493 vocare)

132 2499 392 2538 Buechelerus
411 2503 444 2537 et
462 2501 562 2547 quod
574 2502 665 2548 post
684 2502 914 2547 compertum
934 2502 988 2537 est
1007 2495 1121 2552 (mus.
1136 2500 1257 2538 Rhe-n.
1269 2513 1378 2539 xxxv
1390 2513 1434 2548 p.
1450 2498 1553 2550 633)
1576 2500 1696 2538 Bent-

133 2559 251 2605 leius‚·
276 2560 323 2606 cf.
347 2558 423 2598 Cic.
443 2558 598 2597 Lucull.
619 2567 687 2607 45,
708 2566 784 2606 137
808 2572 896 2597 cum
923 2558 1141 2597 Carneades
1167 2561 1207 2598 et
1231 2559 1427 2611 Diogenes
1447 2559 1497 2597 ad
1517 2561 1696 2598 senatum

133 2620 174 2656 in
196 2617 394 2668 Capitolio
414 2619 587 2664 starent‚·
607 2618 750 2666 Eurip.
770 2618 897 2666 Iphiy.
920 2618 1041 2656 Taur.
1063 2616 1142 2666 961
1172 2616 1224 2666 ὥς
1251 2615 1287 2657 δ’
1316 2619 1372 2666 εἰς
1386 2615 1543 2669 ’Ἀρειον
1570 2615 1694 2669 ὄχθον

132 2671 245 2728 ἧκον,
265 2675 304 2724 ἐς
324 2677 439 2727 δίκην
460 2672 493 2716 τ’
516 2676 630 2727 ἔστην
752 2677 976 2716 adversum:
996 2678 1043 2725 cf.
1063 2689 1161 2716 scen.
1185 2676 1267 2725 338
1391 2679 1474 2717 302
1495 2678 1555 2715 Ea
1579 2677 1695 2715 liber-

132 2739 195 2775 tas
215 2738 284 2786 est,
305 2738 392 2786 qui:
412 2737 458 2784 cf.
480 2735 561 2784 269
584 2739 618 2774 et
627 2748 797 2784 prooem.
818 2734 923 2784 1877
940 2749 983 2785 p.
999 2734 1023 2772 8
1044 2748 1098 2784 sq.
1238 2738 1321 2776 303
1350 2737 1584 2775 obnoxiosae
1604 2734 1694 2774 Aci-

134 2796 264 2834 dalius
391 2797 475 2834 304
496 2796 607 2834 crede
626 2798 665 2833 te
684 2796 887 2843 Hauptius
905 2807 1105 2844 opp.1np.
1122 2806 1171 2845 37
1181 2805 1224 2844 5:
1243 2796 1397 2834 credere
1518 2796 1694 2846 linguam

134 2855 249 2892 modo
270 2857 309 2892 et
327 2866 461 2893 vocem
480 2857 702 2893 exercerent
723 2855 881 2893 Tacims
900 2856 992 2893 dial.
1009 2865 1031 2902 3
1045 2865 1058 2891 1
1073 2870 1086 2902 ;
1105 2858 1239 2906 turpes
1260 2856 1397 2893 litibus
1419 2856 1600 2892 exercent
1619 2854 1693 2891 lin-

133 2925 231 2964 guas
254 2913 459 2953 Occthet.
475 2926 517 2954 v1
539 2923 620 2962 375
