2020 3334
710 216 903 253 SENECA.
942 219 1130 255 PLINIUS
1564 225 1693 260 LXXV

144 328 273 364 noster
296 336 375 363 non
400 337 444 363 ex
470 326 552 364 alia
578 339 698 366 causa
723 329 840 368 duros
866 332 1051 378 quosdam
1075 344 1208 372 versus
1234 337 1267 372 et
1291 346 1459 373 enormes
1486 338 1520 373 et
1551 336 1699 384 atiqwid

143 397 267 433 supra
303 396 527 423 mensuram
564 386 753 425 trahentes
790 390 1016 437 interposuit
1052 403 1168 438 quam
1205 395 1248 429 ut
1282 393 1493 431 Ennianus
1528 395 1699 442 populus

145 445 363 493 aqnosceret
385 444 429 482 in
452 454 549 481 novo
575 446 746 484 carmine
771 447 921 495 aliquid
945 451 1196 496 antiquitatis.
1220 450 1296 489 Sed
1314 453 1395 490 iam
1416 453 1617 491 verborum
1634 453 1699 492 Se-

144 514 260 541 necae
270 504 398 551 piqet:
421 503 514 540 haec
538 505 666 541 tamen
689 505 810 552 inepti
835 509 868 543 et
893 508 1066 545 insubidi
1091 509 1255 547 hominis
1279 511 1362 548 ioca
1380 522 1457 548 non
1469 513 1698 559 praeteribo.

147 562 315 610 Quidam
344 563 446 605 sunt,
477 563 613 609 inquit,
644 565 723 600 tam
748 566 881 612 maqni
904 576 1038 603 sensus
1065 566 1106 614 Q.
1132 568 1269 612 Ennii,
1293 571 1336 606 ut
1359 570 1442 607 licet
1466 572 1599 617 scripti
1622 572 1700 608 sint

144 622 243 659 inter
261 621 441 665 hircosos‚
456 622 611 668 possint
629 624 756 660 tamen
774 623 873 661 inter
891 627 1143 672 unquentatos
1155 626 1330 673 placere;
1349 630 1382 665 et
1401 640 1486 665 cum
1503 630 1700 675 reprehen-

146 680 264 718 disset
287 691 420 718 versus
445 691 539 727 quos
562 691 686 727 supra
705 681 751 719 de
779 681 933 730 Cetheqo
946 684 1162 730 posuimus,
1188 686 1254 732 qui
1272 685 1541 730 huiuscemodi,
1565 689 1699 735 inquit,

145 751 279 777 versus
305 741 451 783 amant,
477 739 621 786 liqueat
645 740 714 778 tibi
739 741 886 779 eosdem
911 742 1104 780 admirari
1130 746 1163 780 et
1186 742 1345 782 Soterici
1369 745 1489 782 tectos.
1523 744 1701 783 Ceterum

146 811 194 836 ne
221 799 308 847 quis
334 810 375 835 se
400 797 489 835 falli
519 799 700 847 patiatur
725 798 854 837 verbis
881 813 980 849 quae
1007 799 1153 839 Seneca
1179 801 1225 839 de
1250 804 1401 850 maqnis
1426 804 1598 841 sensibus
1623 804 1700 842 En-

147 858 205 894 nii
225 857 333 905 dicit,
358 857 610 906 perspicuum
635 859 705 905 est,
737 859 778 895 in
804 858 863 896 his
890 859 1070 898 omnibus
1097 873 1196 909 quae
1223 861 1336 899 affert
1360 862 1459 899 nihil
1486 875 1566 900 esse
1598 863 1701 911 quod

146 929 192 954 ex
225 916 311 965 ipso
338 916 468 954 Ennio
500 918 727 965 promptum
758 918 822 965 sit,
853 917 919 956 sed
950 918 1087 957 afferre
1113 932 1201 957 eum
1237 922 1306 957 aut
1338 933 1435 969 quae
1467 921 1615 959 fatetur
1640 921 1701 959 Ci-

147 975 296 1014 ceronis
323 987 404 1013 esse
430 976 501 1012 aut
526 988 626 1024 quae
651 975 742 1014 inde
768 978 894 1025 petita
920 979 1021 1015 sunt.

264 1033 435 1071 Tantum
450 1034 497 1072 de
512 1033 669 1073 Seneca.
690 1034 846 1074 Persius
861 1038 992 1074 autem
1007 1050 1095 1075 cum
1109 1038 1180 1075 sat.
1199 1038 1235 1085 6,
1251 1040 1273 1076 9
1297 1038 1432 1076 scribit
1445 1034 1596 1077 ‘Danai
1609 1051 1699 1086 por—

146 1096 238 1138 tum,
258 1096 312 1131 est
329 1104 478 1141 operae,
498 1095 716 1142 coqnoscite,
736 1091 848 1133 civcs’
864 1107 928 1133 cor
946 1096 1049 1134 iubet
1066 1097 1133 1134 hoc
1152 1097 1273 1140 Enni,
1286 1100 1492 1144 postquam
1511 1098 1702 1135 destertuit

146 1164 224 1191 esse
242 1152 482 1197 Maeonides,
509 1152 673 1200 Quintus
691 1165 846 1201 pavone
871 1166 915 1192 eet
933 1155 1180 1203 Pythaqoreo,
1205 1157 1385 1204 apertum
1411 1158 1469 1194 est
1494 1158 1533 1194 et
1553 1169 1575 1194 a
1594 1157 1701 1194 scho-

145 1212 264 1250 liasta
284 1211 497 1249 adnotatur
516 1213 669 1250 somnia
687 1212 950 1264 Pythagorea,
972 1226 1071 1262 quae
1090 1214 1279 1252 Horatius
1300 1215 1484 1263 appellat,
1505 1215 1553 1253 ab
1574 1215 1701 1253 Ennio

144 1271 189 1308 in
215 1271 412 1319 principio
440 1271 644 1308 annalium
669 1273 848 1321 exposita
874 1272 963 1320 dici,
990 1286 1115 1321 neque
1140 1274 1271 1312 irrisio
1302 1286 1401 1322 quae
1427 1276 1485 1311 est
1508 1275 1549 1311 in
1575 1273 1701 1311 verbis

148 1329 275 1368 Persii
300 1330 496 1380 legentem
520 1330 658 1381 fugiet.
686 1329 762 1375 Qui
788 1344 875 1369 cum
900 1332 942 1369 in
967 1333 1130 1382 prologo
1157 1332 1263 1370 dicat
1281 1344 1348 1370 nec
1366 1334 1468 1380 fonte
1486 1333 1598 1370 labra
1609 1344 1702 1380 pro-

147 1389 205 1426 lui
237 1389 428 1427 caballino
459 1389 540 1427 Nec
570 1391 613 1427 in
644 1390 791 1438 bicipiti
822 1392 1033 1429 somniasse
1063 1391 1241 1429 Parnaso
1272 1392 1450 1435 Memini,
1481 1395 1523 1428 ut
1553 1394 1701 1439 repente

146 1449 203 1486 sic
221 1450 339 1495 poeta
356 1448 569 1495 prodirem,
593 1447 699 1486 idem
730 1451 925 1487 somnium
951 1450 1071 1487 Ennii
1095 1450 1251 1488 videtur
1275 1450 1445 1487 ludibrio
1470 1450 1624 1498 habere,
1657 1463 1701 1487 ex

150 1519 226 1556 quo
254 1519 294 1545 se
319 1507 388 1545 ille
413 1508 618 1556 tamquam
644 1508 813 1546 alterum
843 1508 1059 1546 Homerum
1085 1510 1295 1547 surrexisse
1321 1509 1536 1547 simularat.

264 1566 323 1603 Ex
343 1566 478 1604 eadem
498 1568 628 1605 aetate
649 1568 718 1616 qui
737 1567 908 1615 fuerunt,
928 1567 1166 1616 Pomponius
1180 1568 1284 1605 Mela
1304 1562 1351 1620 (11
1367 1568 1419 1605 66
1440 1581 1476 1616 p.
1493 1568 1560 1615 48,
1577 1562 1701 1619 13P.)

146 1625 301 1663 Rudias
340 1625 540 1674 appellare
574 1627 704 1665 noluit
735 1627 813 1665 nisi
844 1626 979 1665 addito
1011 1627 1143 1664 Ennio
1175 1628 1253 1665 cive
1286 1627 1428 1664 nobiles
1461 1621 1526 1678 (cf.
1553 1620 1702 1677 p.v11)3

145 1684 350 1722 Valerium
382 1686 515 1723 autem
541 1684 730 1734 Probum,
763 1686 810 1724 de
842 1686 951 1724 cuius
984 1685 1149 1724 docendi
1181 1686 1461 1723 consuetudine
1494 1684 1702 1723 Suetonius

146 1743 192 1781 de
206 1743 474 1793 grammaticis
489 1756 519 1781 c.
534 1745 587 1782 24
603 1745 794 1783 nonnulla
807 1745 931 1783 tradit
945 1739 1010 1797 (cf.
1024 1757 1195 1793 prooem.
1211 1758 1242 1783 a.
1263 1740 1443 1795 1877778
1459 1758 1495 1793 p.
1513 1738 1569 1795 9),
1583 1757 1703 1781 unum

148 1804 252 1841 certe
278 1803 549 1841 testimonium
574 1804 695 1842 etiam
721 1804 842 1841 Ennii
867 1816 1001 1842 curam
1019 1803 1202 1842 habuisse
1223 1804 1346 1851 docet,
1373 1802 1502 1850 Gellii,
1529 1804 1596 1851 qui
1616 1815 1655 1839 1v
1679 1803 1699 1838 7

154 1861 353 1900 Valerium
376 1862 558 1907 Probum,
585 1876 700 1912 quem
722 1864 1021 1911 ,qrammaticum
1045 1864 1145 1901 inter
1168 1875 1282 1901 suam
1308 1865 1467 1900 aetatem
1484 1862 1704 1909 praestanti

146 1922 306 1959 scientia
332 1921 452 1959 fuisse
478 1921 626 1970 scribit,
652 1923 694 1959 in
721 1922 891 1971 epistula
916 1922 965 1960 ad
984 1921 1213 1959 Marcellum
1240 1921 1360 1959 Ennii
1385 1933 1499 1958 versu
1525 1920 1701 1957 adhibito

148 1992 193 2017 ex
218 1979 320 2018 libro
347 1981 416 2029 qui
436 1980 569 2029 Scipio
594 1981 825 2019 inscribitur
845 1976 938 2032 [vn]
965 1980 1143 2019 docuisse
1168 1982 1337 2018 testatur
1355 1978 1596 2017 Hannibdlis
1622 1991 1703 2016 esse

146 2038 494 2087 pronuntiandum.
523 2039 627 2077 Nam
653 2053 699 2078 ex
723 2040 773 2078 iis
800 2052 899 2088 quae
926 2052 1044 2088 supra
1069 2052 1105 2088 p.
1121 2052 1201 2077 xxv
1219 2039 1435 2076 memoravi
1454 2037 1501 2075 de
1521 2039 1703 2075 notarum

148 2098 375 2136 criticarum
400 2111 473 2136 usu
492 2098 665 2136 Probum
692 2099 761 2147 qui
786 2100 951 2137 vocatur
970 2098 1098 2136 Ennio
1125 2110 1214 2136 suas
1240 2099 1352 2135 notas
1379 2096 1601 2134 adhibuisse
1626 2095 1702 2133 col-

147 2157 221 2207 ligi
246 2170 323 2195 non
350 2158 491 2205 potest.

266 2215 363 2253 Post
386 2216 457 2254 hos
484 2215 612 2253 obiter
642 2216 891 2262 memoratos,
925 2216 1018 2264 quia
1049 2215 1127 2263 ipsi
1158 2214 1330 2251 Ennium
1360 2214 1437 2250 nisi
1469 2213 1595 2251 obiter
1626 2225 1703 2250 non

147 2275 426 2321 memorarunt,
452 2274 571 2322 paulo
591 2274 679 2323 plus
702 2274 891 2312 utilitatis
911 2274 1049 2322 poetae
1070 2273 1207 2311 attulit
1227 2272 1378 2311 Plinius
1399 2271 1610 2319 Secundus,
1637 2272 1705 2320 qui

149 2334 191 2370 in
217 2333 328 2371 libris
354 2333 549 2371 naturalis
574 2333 776 2380 historiae,
803 2345 898 2381 quos
921 2331 1164 2381 Vespasiano
1191 2332 1403 2380 inscripsit,
1429 2344 1517 2368 cum
1542 2331 1703 2368 immen-

151 2405 235 2430 sam
267 2393 422 2441 copiam
454 2392 810 2430 diversissimorum
841 2391 1079 2440 scriptorum
1110 2391 1355 2440 peragraret,
1386 2403 1434 2427 ne
1469 2389 1589 2427 Ennii
1620 2389 1703 2437 qui-

151 2451 239 2489 dem
264 2451 425 2489 annales
451 2452 676 2500 praeteriit,
709 2464 753 2488 ex
786 2450 927 2499 quibus
961 2449 1170 2498 quaedam,
1207 2461 1307 2498 quae
1345 2461 1457 2487 nemo
1489 2449 1703 2497 praeterea,

149 2510 322 2558 sustulit,
353 2510 526 2559 primum
550 2522 650 2548 xvm
672 2510 738 2558 84,
775 2509 843 2546 ubi
874 2509 1011 2547 scribit
1037 2509 1155 2556 pulte,
1186 2519 1265 2546 non
1288 2519 1395 2555 pane
1424 2508 1564 2545 vidisse
1594 2507 1703 2554 lonqo

149 2572 312 2617 tempore
331 2569 528 2607 Romanos
553 2570 813 2617 manifestum,
839 2569 1022 2615 quoniam
1041 2570 1075 2605 et
1085 2567 1353 2615 pulmentaria
1371 2566 1552 2613 hodieque
1572 2565 1703 2603 dicun-

152 2631 227 2672 tur,
253 2631 287 2666 et
310 2628 469 2666 Ennius
495 2629 788 2676 antiquissimus
813 2629 917 2665 vates
942 2626 1152 2664 obsidionis
1176 2627 1319 2674 famem
1345 2626 1557 2672 exprimens
1588 2624 1704 2671 offam

151 2688 336 2734 eripuisse
360 2687 608 2734 plorantibus
639 2687 770 2724 tiberis
794 2688 928 2733 patres
960 2687 1236 2723 commemorat.
1268 2683 1398 2722 Verba
1430 2683 1542 2720 affert
1573 2681 1702 2726 Ennii,

150 2759 228 2783 non
253 2758 420 2793 versum,
448 2759 563 2794 quem
588 2758 666 2782 non
692 2744 852 2782 difficile
878 2745 963 2782 erat
989 2757 1034 2782 ex
1058 2743 1187 2781 verbis
1213 2754 1439 2791 recuperare
1460 2736 1565 2791 (ann.
1588 2733 1701 2789 526).

150 2803 347 2855 Intelligit
378 2806 510 2842 autem
542 2806 660 2852 offam
684 2804 816 2850 pultis.
841 2815 960 2851 quam
987 2802 1121 2841 Cicero
1153 2802 1251 2840 dicit
1282 2801 1327 2838 de
1359 2801 1477 2837 divin.
1499 2811 1527 2834 11
1549 2798 1613 2843 35,
1638 2798 1701 2833 73.

153 2861 315 2901 Obsidio
347 2864 425 2901 ista
458 2876 557 2912 quae
589 2863 708 2900 fuerit
742 2862 926 2900 nescitur.
964 2861 1116 2899 Deinde
1141 2873 1197 2899 vn
1220 2861 1299 2897 101
1338 2857 1520 2906 fortitudo
1553 2857 1596 2892 in
1630 2865 1701 2902 quo

151 2923 317 2962 mamime
342 2923 524 2963 exstiterit
547 2923 755 2961 immensae
780 2922 1013 2972 quaestionis
1039 2922 1102 2968 est,
1120 2920 1250 2971 utique
1273 2919 1309 2957 si
1326 2916 1476 2965 poetica
1495 2915 1704 2962 recipiatur
