2054 3282
359 181 441 223 112
878 173 1138 210 ANNALIUM
1162 173 1249 208 Lm.
1269 171 1359 208 mc.

1039 290 1219 326 CXXVIII

355 369 439 411 605
914 387 917 389 -
1021 363 1241 406 ambactus

1059 514 1204 549 CXXIX

354 592 438 634 606
963 587 1094 630 salsas
1119 587 1253 629 lamas

1065 739 1194 774 CXXX

353 814 435 856 607
1176 815 1308 855 tetros
1336 813 1583 868 elephantos

469 977 647 1013 CXXVIII
661 978 756 1023 (605)
782 976 919 1012 Paulus
933 976 1034 1011 Festi
1046 989 1082 1022 p.
1095 980 1127 1020 4,
1138 980 1158 1011 2
1172 976 1239 1012 Τ11.
1254 977 1462 1013 ‘ambactus
1483 978 1583 1023 apud
1600 978 1762 1012 Ennium
1780 977 1911 1024 lingua

352 1032 494 1066 Gallica
514 1042 636 1066 servus
656 1030 876 1076 appellatur.
893 1041 953 1065 am
971 1030 1201 1076 praepositio
1220 1030 1422 1075 loquelaris
1443 1031 1631 1077 significat
1649 1031 1797 1074 circum,
1811 1031 1911 1066 unde

352 1096 462 1130 supra
482 1096 603 1120 servus
624 1084 815 1119 ambactus
835 1083 875 1117 id
895 1085 952 1118 est
971 1083 1216 1119 circumactus
1234 1084 1398 1119 dicitur.’
1510 1084 1626 1120 Gloss.
1639 1085 1719 1119 L‘at.
1732 1084 1859 1119 Graec.
1873 1084 1909 1120 C.

352 1138 406 1173 Gl.
419 1139 455 1172 L.
469 1151 494 1172 11
508 1151 542 1183 p.
558 1141 640 1179 16,3
658 1137 871 1172 ‘ambactus
887 1138 1021 1178 δοῦλος
1039 1137 1226 1182 μισθωτὸς
1245 1138 1294 1179 ὡς
1307 1136 1484 1180 Ἔννιος.’
1501 1137 1553 1173 Cf.
1571 1138 1607 1173 C.
1624 1138 1679 1173 Gl.
1694 1138 1733 1172 L.
1748 1151 1784 1173 v1
1803 1150 1838 1183 p.
1855 1141 1909 1172 58.

471 1197 615 1232 CXXIX
635 1198 729 1241 (606)
769 1196 915 1231 Servius
934 1196 974 1231 in
987 1196 1078 1232 Aen.
1093 1210 1121 1231 11
1136 1200 1203 1232 173
1216 1209 1252 1243 p.
1269 1201 1347 1240 250,
1363 1200 1384 1231 8
1399 1197 1494 1232 Thil.
1514 1197 1587 1244 (vix
1600 1197 1763 1243 positum
1780 1197 1911 1232 castris

351 1250 595 1292 simulacrum,
618 1261 739 1285 arsere
759 1260 933 1285 coruscae
951 1250 1156 1285 luminibus
1170 1250 1341 1286 flammae
1356 1251 1509 1286 arrectis
1523 1250 1717 1294 salsusque
1729 1261 1796 1296 per
1809 1252 1911 1285 artus

351 1305 461 1338 sudor
473 1304 530 1349 iit)
547 1303 678 1338 ‘salsus
693 1303 821 1338 sudor:
843 1303 938 1339 bene
952 1304 1102 1339 addidit
1115 1303 1245 1347 salsus,
1259 1306 1302 1340 ut
1315 1304 1544 1350 significaret
1555 1304 1721 1339 laborem
1734 1303 1911 1346 futurum,

350 1368 394 1392 ne
411 1357 505 1392 forte
520 1357 613 1391 alter
626 1357 665 1391 in
685 1356 883 1392 simulacro
901 1357 1061 1401 quilibet
1078 1368 1185 1392 umor
1203 1357 1510 1403 intellegeretur.'
1524 1357 1608 1392 add.
1622 1357 1807 1392 Danielin.
1825 1357 1912 1392 ‘sal-

350 1422 409 1445 sus
430 1411 556 1444 sudor:
579 1410 760 1445 indicium
786 1411 961 1446 commoti
979 1411 1143 1446 numinis
1169 1411 1284 1446 fuisse
1310 1411 1456 1446 dicitur.
1477 1411 1598 1446 Probo
1624 1421 1713 1446 sane
1739 1410 1914 1456 displicet

349 1463 488 1499 «salsus
515 1464 648 1499 sudor»
669 1465 708 1498 et
726 1474 953 1509 supervacue
978 1465 1143 1510 positum
1162 1465 1318 1499 videtur.
1339 1464 1409 1500 hoc
1430 1465 1556 1499 autem
1574 1463 1716 1499 Ennius
1738 1464 1784 1499 de
1802 1463 1912 1499 lamis

350 1517 468 1551 dixit'
486 1517 538 1552 sic
556 1517 649 1552 haec
665 1517 853 1552 ordinavit
866 1517 974 1552 Thilo
990 1528 1154 1553 seorsum
1168 1529 1190 1553 a
1203 1518 1320 1552 libris.
1420 1517 1539 1552 Schol.
1551 1517 1685 1552 Veron.
1700 1517 1740 1552 in
1753 1517 1913 1552 eundem

350 1581 492 1605 versum
510 1583 545 1615 p.
559 1573 603 1605 86
618 1570 711 1606 Keil.
727 1584 755 1605 11
767 1583 802 1616 p.
817 1575 837 1606 5
851 1570 993 1606 Herrm.
1012 1571 1023 1588 ‘
1033 1593 1076 1596 —
1092 1593 1138 1597 -—
1152 1583 1168 1605 s
1183 1572 1296 1606 sudor
1308 1571 1369 1606 iit:
1390 1570 1461 1605 hoc
1475 1570 1669 1616 epitheton
1683 1571 1912 1605 demonstra-

348 1624 463 1658 tivum
476 1635 548 1667 quo
562 1624 677 1659 totius
696 1624 860 1669 corporis
877 1635 985 1659 sucus
999 1624 1114 1659 etiam
1127 1626 1240 1670 gustu
1258 1624 1424 1670 potuerit
1443 1623 1596 1669 agnosci
1613 1624 1617 1671 Ι
1635 1635 1702 1660 <<-
1718 1634 1789 1669 que
1808 1623 1912 1658 labo-

348 1677 462 1711 rando
482 1678 612 1712 manat
630 1677 676 1712 de
697 1688 850 1723 corpore
868 1678 1012 1714 sudor».
1027 1677 1169 1712 Probus
1188 1677 1288 1713 malo
1309 1677 1475 1723 epitheto
1494 1678 1606 1722 putat
1623 1688 1731 1712 usum
1749 1678 1911 1722 poetam,

349 1730 467 1765 critici
488 1741 573 1765 vero
599 1731 788 1766 naturalia
804 1732 807 1778 J
825 1753 869 1757 —
889 1742 1074 1776 nusquam
1087 1731 1283 1766 inhoneste
1296 1731 1433 1776 putant
1445 1730 1588 1765 locari)
1686 1729 1742 1764 De
1754 1731 1913 1775 utroque

348 1784 558 1819 testimonio
571 1783 648 1819 dixi
659 1784 698 1819 in
708 1784 813 1819 relat.
824 1785 927 1820 acad.
938 1795 970 1819 a.
982 1787 1074 1819 1896
1084 1797 1119 1830 p.
1132 1788 1196 1819 721
1211 1796 1289 1830 sqq.
1299 1784 1428 1828 ibique
1437 1783 1596 1828 probare
1610 1783 1737 1818 studui
1751 1783 1913 1818 Ennium

349 1837 412 1881 qui
432 1840 499 1871 568
516 1837 654 1872 ‘lamas
673 1837 836 1873 lutosas’
859 1838 1066 1883 appellavit
1084 1839 1122 1873 et
1141 1837 1278 1873 ‘salsas
1300 1837 1439 1872 lamas’
1460 1837 1597 1872 dixisse
1615 1838 1658 1871 ut
1677 1836 1869 1872 Lucretius
1889 1850 1911 1872 v

350 1893 416 1924 794
432 1890 572 1935 ‘neque
592 1890 638 1925 de
659 1890 762 1926 caelo
783 1891 961 1926 cecidisse
976 1891 1155 1926 animalia
1167 1892 1324 1936 possunt
1336 1901 1404 1926 nec
1417 1890 1608 1925 terrestria
1628 1890 1674 1925 de
1694 1890 1831 1925 salsis
1851 1900 1911 1925 ex-

348 1943 419 1978 isse
441 1943 676 1980 lacunis».'
700 1943 752 1979 Cf.
769 1945 817 1979 ad
832 1948 899 1979 568
921 1944 1111 1989 adscripta
1130 1946 1168 1979 et
1187 1944 1224 1979 C.
1241 1944 1295 1979 Gl.
1311 1944 1350 1978 L.
1365 1957 1401 1979 VI
1420 1956 1455 1989 p.
1472 1947 1550 1978 621.
1571 1943 1714 1978 Ibidem
1734 1943 1780 1978 de
1799 1943 1911 1978 hexa-

347 1997 455 2031 metri
467 1997 635 2042 reliquiis
650 1997 721 2043 egi,
743 2008 840 2041 quae
854 1999 941 2032 sunt
953 1998 993 2032 in
1007 1998 1119 2032 schol.
1135 1997 1280 2040 Veron„
1296 2008 1393 2041 quae
1407 1997 1529 2032 sintne
1543 1996 1736 2031 Ennianae
1752 2007 1800 2031 an
1814 1996 1910 2031 alius

347 2051 480 2094 poetae
500 2050 575 2085 dici
594 2051 735 2095 nequit.

465 2108 594 2144 CXXX
614 2111 709 2155 (607)
742 2110 905 2146 Isidorus
919 2110 1010 2156 orig.
1026 2124 1048 2145 x
1063 2114 1132 2145 270
1150 2110 1381 2146 ‘teterrimus
1400 2121 1468 2155 pro
1488 2109 1566 2145 fero
1586 2109 1753 2144 nimium.
1773 2109 1911 2144 tetrum

348 2163 447 2197 enim
471 2165 611 2198 veteres
636 2175 703 2209 pro
729 2163 808 2199 fero
835 2164 1018 2207 dixerunt,
1046 2165 1090 2199 ut
1117 2164 1258 2199 Ennius
1279 2165 1424 2200 «tetros
1450 2163 1633 2199 elefantos
1654 2164 1911 2208 (tetrosque

349 2216 618 2261 elephantes
638 2217 795 2263 dett.)».’
811 2217 850 2252 in
867 2228 940 2252 uno
955 2217 1034 2252 cod.
1052 2217 1171 2252 Guelf.
1189 2221 1206 2252 1
1224 2217 1371 2252 Ottonis
1390 2217 1620 2252 tenuimus
1641 2216 1793 2251 additur
1811 2216 1911 2261 quod

350 2269 453 2303 deest
477 2269 516 2303 in
543 2270 703 2315 optimis.
838 2270 1013 2306 Placidus
1034 2271 1112 2306 cod.
1129 2270 1243 2305 Paris.
1260 2270 1296 2305 C.
1313 2269 1367 2305 Gl.
1383 2270 1422 2304 L.
1437 2283 1459 2305 v
1472 2282 1507 2315 p.
1526 2273 1603 2312 157,
1620 2273 1662 2303 21
1680 2269 1911 2304 ‘teterrimus

348 2333 414 2366 pro
432 2322 508 2357 fero
528 2323 702 2367 nimium,
721 2325 860 2358 tetrum
880 2324 979 2359 enim
999 2325 1140 2359 veteres
1160 2335 1227 2369 pro
1247 2323 1325 2358 fero
1346 2323 1529 2367 dixerunt,
1549 2324 1592 2358 ut
1611 2322 1753 2357 Ennius
1773 2323 1911 2358 «tetros

350 2374 579 2411 elefantos».’
696 2377 866 2422 Excerpt.
888 2388 932 2412 ex
958 2377 1038 2413 cod.
1054 2376 1193 2412 Cassin.
1216 2380 1260 2411 90
1280 2377 1371 2411 ibid.
1385 2388 1421 2421 p.
1438 2379 1516 2418 581,
1534 2379 1577 2410 14
1593 2375 1824 2410 ‘teterrimus
1843 2386 1910 2420 pro

349 2427 426 2463 fero
446 2429 622 2473 nimium3
641 2432 783 2465 veteres
808 2432 947 2466 tetrum
966 2442 1033 2476 pro
1053 2430 1131 2465 fero
1152 2430 1335 2465 dixerunt.
1356 2429 1498 2463 Ennius
1521 2430 1666 2465 «tetros
1692 2428 1910 2474 elephantos

350 2481 400 2516 ad
417 2483 654 2528 inquinem».’
676 2483 718 2518 In
743 2484 802 2518 his
827 2484 1034 2529 postremis,
1059 2484 1105 2519 de
1130 2483 1265 2528 quibus
1287 2494 1362 2518 non
1387 2481 1645 2518 satisfaciebat
1666 2482 1910 2528 Landgrafius

351 2535 462 2579 (arch.
476 2535 699 2582 lexicogr.1x
711 2549 747 2582 p.
760 2539 853 2583 446),
867 2537 1049 2582 putabam
1067 2537 1367 2583 anguimanus
1382 2535 1534 2581 agnosci
1546 2535 1783 2579 Enniumque
1797 2535 1910 2581 scrip-

351 2588 441 2622 sisse
461 2590 616 2623 tetros
645 2590 917 2635 elephantos
947 2590 1249 2636 anguimanus
1278 2590 1326 2625 ad
1353 2588 1563 2634 exemplum
1588 2588 1750 2623 Lucretii
1772 2601 1795 2623 v
1819 2592 1909 2623 1302

353 2640 461 2675 ‘inde
479 2640 590 2676 boves
609 2641 712 2677 lucas
732 2643 866 2678 turrito
886 2654 1048 2688 corpore,
1072 2645 1236 2687 tetras,
1258 2643 1575 2689 anguimanus,
1596 2641 1686 2676 belli
1706 2641 1911 2678 docuerunt

350 2693 500 2728 volnera
512 2693 627 2729 Poeni
642 2694 827 2738 sufferre',
843 2697 881 2730 et
893 2709 920 2730 11
935 2700 1001 2731 537
1017 2697 1313 2742 ‘quadripedum
1333 2707 1417 2731 cum
1435 2695 1565 2741 primis
1586 2705 1664 2729 esse
1684 2694 1851 2730 videmus
1870 2695 1910 2730 in

351 2757 486 2792 genere
512 2748 812 2793 anguimanus
838 2749 1126 2794 elephantos,
1153 2750 1262 2785 India
1281 2761 1436 2794 quorum
1454 2747 1606 2782 milibus
1627 2758 1646 2782 e
1665 2747 1793 2782 multis
1812 2748 1909 2783 vallo

350 2800 516 2834 munitur
534 2800 708 2844 eburno’,
727 2801 827 2836 unde
847 2803 996 2847 sumpta
1015 2804 1102 2837 sunt
1120 2802 1178 2838 vel
1198 2803 1347 2838 concisa
1365 2801 1424 2837 vel
1442 2811 1576 2836 manca
1595 2811 1691 2846 quae
1710 2801 1825 2836 habet
1843 2801 1909 2836 Isi-

352 2852 462 2887 dorus
476 2853 567 2899 orig.
582 2867 633 2888 xn
648 2857 678 2896 2,
690 2857 743 2888 14.
760 2854 811 2889 Cf.
827 2855 931 2890 relat.
947 2856 1051 2890 acad.
1067 2867 1099 2890 a.
1117 2859 1207 2891 1896
1220 2868 1255 2901 p.
1273 2859 1339 2890 725
1354 2867 1407 2900 sq.
1423 2854 1495 2889 Sed
1508 2865 1606 2888 nunc
1619 2853 1703 2888 vide
1717 2854 1909 2889 Goetzium

353 2905 389 2941 C.
405 2905 460 2940 Gl.
476 2906 513 2940 L.
529 2919 580 2942 vn
598 2918 632 2951 p.
649 2910 717 2941 330
736 2907 891 2942 meliora
910 2908 1103 2943 docentem
