2054 3282
369 190 423 232 78
899 149 1169 219 ANNALroM-
1183 181 1270 216 Lm.
1291 180 1377 216 xvi

1094 299 1195 333 XXII

133 354 315 421 ἓξὲξ)
366 365 452 406 432
875 361 1078 417 prandere
1110 359 1229 401 iubet
1259 359 1511 415 horiturque

1082 464 1200 499 XXIII

364 529 450 571 433
482 528 602 570 «Nox
635 527 802 582 quando
836 526 986 568 mediis
1019 526 1154 581 signis
1186 525 1427 579 praecincta
1458 525 1621 567 volabit

1081 630 1200 665 XXIV

364 694 450 735 434
1302 692 1463 733 interea
1492 692 1564 733 fax

482 763 647 806 Occidit
679 777 967 817 oceanumque
998 762 1128 804 rubra
1158 763 1328 805 tractim
1362 762 1508 805 obruit
1538 763 1696 805 aethra.

1095 867 1196 902 XXV

363 930 448 971 436
480 929 563 970 Hic
594 929 844 970 insidiantes
876 929 1072 984 vigilant,
1103 929 1260 983 partim
1291 929 1563 983 requiescunt

480 1000 609 1054 Tecti,
640 1014 728 1042 cum
762 1000 930 1055 gladiis,
962 1000 1041 1041 sub
1075 1000 1206 1042 scutis
1240 1015 1311 1042 ore
1342 1000 1542 1042 faventes.

1086 1104 1204 1140 XXVI

362 1167 447 1208 438
479 1166 641 1208 Lumen
1285 1167 1417 1209 scitus
1450 1181 1579 1223 agaso

362 1301 450 1344 quia
466 1301 540 1335 ἀπὸ
554 1306 619 1335 τοῦ
634 1301 763 1346 φρύγω
779 1300 919 1336 Graeco
936 1301 1047 1336 verbo
1059 1301 1235 1335 nascitur.
1250 1300 1392 1335 Ennius
1409 1301 1448 1335 in
1461 1314 1523 1336 xvr
1537 1303 1649 1347 (xv11
1664 1301 1780 1346 Lugd.
1792 1300 1924 1345 Carol.)

362 1354 488 1388 annali
514 1354 767 1399 (annalium
794 1354 927 1400 Carol.)
947 1354 1002 1390 «si
1025 1354 1101 1389 luci
1127 1355 1158 1389 si
1176 1366 1249 1389 nox
1269 1357 1309 1399 (s.
1325 1354 1347 1388 l.
1370 1355 1408 1389 si
1434 1355 1546 1389 solis
1571 1366 1655 1389 nox
1681 1354 1923 1400 Lugd.Sang.

363 1407 493 1452 Carol.)
510 1436 515 1441 .
533 1407 691 1442 ..frux›>.
713 1408 813 1442 idem
839 1408 877 1442 in
898 1421 977 1443 v1111
997 1414 1064 1453 pr'o
1084 1407 1183 1453 frugi
1209 1408 1318 1442 homo
1345 1407 1428 1442 frux
1449 1408 1557 1453 ponit
1576 1407 1676 1452 quod
1696 1409 1752 1443 est
1771 1407 1926 1442 adiecti-

362 1473 446 1494 vum
466 1461 544 1507 [1x].
621 1460 672 1495 Cf.
695 1460 836 1495 Gellius
856 1474 921 1496 v111
942 1466 959 1495 1
985 1461 1180 1496 ‘hesterna
1198 1463 1311 1496 noctu
1330 1463 1478 1496 rectene
1498 1472 1547 1496 an
1566 1473 1650 1496 cum
1668 1461 1759 1496 vitio
1780 1461 1927 1496 dicatur

363 1543 369 1548 .
387 1543 392 1548 .
410 1543 415 1548 .
431 1514 522 1548 item
541 1514 641 1558 quod
662 1514 860 1549 decemviri
887 1515 927 1549 in
951 1528 1004 1549 xn
1026 1514 1167 1549 tabulis
1193 1526 1266 1549 nox
1284 1526 1351 1560 pro
1371 1517 1483 1550 noctu
1507 1515 1706 1550 dixerunt.’
1730 1515 1786 1550 Ex
1806 1514 1926 1549 Gellio

363 1567 571 1602 Macrobius
592 1567 666 1602 Sat.
688 1581 701 1601 1
720 1572 753 1611 4,
770 1571 813 1602 19
836 1568 957 1612 ‘quod
978 1568 1176 1603 decemviri
1200 1568 1239 1602 in
1266 1568 1463 1603 duodecim
1481 1568 1622 1603 tabulis
1641 1567 1926 1603 inusitatissime

362 1632 433 1655 nox
452 1632 518 1665 pro
537 1623 650 1655 noctu
671 1621 853 1656 dixerunt.
875 1621 987 1656 verba
1006 1622 1099 1656 haec
1120 1623 1206 1655 sunt
1226 1621 1281 1657 «si
1300 1633 1373 1655 nox
1392 1621 1532 1656 furtum
1551 1621 1693 1656 factum
1713 1622 1812 1657 sit».’

479 1674 580 1708 XXII
593 1675 688 1719 (432)
721 1674 919 1709 Diomedes
939 1688 952 1708 1
971 1687 1006 1719 p.
1023 1677 1103 1718 382,
1118 1679 1162 1708 22
1178 1675 1220 1709 K.
1238 1675 1430 1710 ‘hortatur
1450 1676 1550 1719 quod
1564 1675 1674 1720 vulgo
1695 1676 1853 1710 dicimus
1867 1687 1926 1711 ve-

362 1730 457 1762 teres
476 1727 646 1762 nonnulli
664 1727 809 1762 horitur
829 1728 1012 1771 dixerunt,
1026 1730 1069 1762 ut
1082 1728 1223 1762 Ennius
1238 1730 1341 1763 sexto
1356 1728 1499 1763 decimo
1514 1728 1706 1763 annalium
1721 1729 1926 1774 «prandere

362 1781 384 1815 i.
399 1781 649 1825 horiturque».
671 1781 771 1816 idem
789 1781 828 1815 in
850 1781 993 1816 decimo
1008 1782 1105 1827 [x1].'

479 1834 597 1868 XXHI
616 1836 712 1879 (433)
750 1834 888 1869 Paulus
909 1835 1009 1869 Festi
1028 1847 1064 1879 p.
1081 1839 1160 1877 345,
1174 1839 1217 1869 10
1232 1835 1298 1869 Th.
1317 1835 1487 1879 ‘quando
1508 1847 1591 1869 cum
1611 1835 1716 1880 gravi
1735 1846 1822 1870 voce
1842 1847 1925 1880 pro-

363 1888 556 1922 nuntiatur
581 1887 769 1933 significat
794 1888 894 1923 idem
920 1888 1020 1932 quod
1045 1888 1223 1932 quoniam
1249 1890 1286 1923 et
1306 1890 1362 1923 est
1388 1888 1616 1932 coniunctim
1644 1889 1793 1933 quando
1817 1891 1926 1924 acuto

363 1943 517 1976 accentu
537 1943 593 1975 est
612 1942 790 1986 temporis
816 1941 1059 1976 adverbium.'
1081 1942 1212 1976 Festus
1229 1942 1287 1966 ‘—
1304 1963 1347 1967 —
1369 1942 1564 1976 nuntiatur
1583 1942 1771 1986 significat
1792 1945 1796 1987 Ι
1820 1963 1863 1968 —
1882 1963 1925 1969 --

362 1996 403 2028 ut
422 1994 577 2029 Plautus
599 2024 604 2029 .
622 2024 628 2029 .
646 2023 651 2029 .
674 1996 712 2029 et
731 1994 872 2029 Ennius
892 1995 915 2029 l.
931 2008 992 2029 xw
1012 1994 1118 2030 «Nox
1139 2024 1145 2029 .
1163 2024 1168 2029 .
1186 2024 1192 2029 .
1214 1995 1406 2030 volabit».'

480 2047 598 2082 XXIV
611 2050 707 2093 (434)
739 2047 951 2083 Macrobius
966 2048 1041 2083 Sat.
1056 2061 1092 2083 VI
1110 2054 1143 2093 4,
1160 2052 1202 2082 19
1219 2049 1277 2083 ‘et
1297 2049 1397 2092 quod
1417 2048 1512 2083 dixit
1526 2059 1616 2084 «nec
1630 2049 1776 2083 lucidus
1796 2049 1927 2084 aethra

365 2101 507 2136 siderea
526 2101 657 2146 polus»
679 2101 781 2147 (Aen.
798 2115 839 2136 111
860 2104 941 2147 585)
962 2101 1103 2136 Ennius
1122 2102 1224 2147 prior
1249 2102 1395 2136 dixerat
1414 2102 1453 2136 in
1473 2103 1576 2137 sexto
1597 2102 1740 2137 decimo
1761 2102 1927 2138 «interea

365 2183 370 2188 .
388 2183 393 2188 .
411 2183 417 2188 .
439 2155 621 2190 aethraw

480 2207 581 2242 XXV
607 2210 702 2254 (436)
746 2208 893 2243 Servius
906 2208 1026 2243 Vatio.
1048 2209 1087 2242 in
1111 2219 1235 2254 georg.
1257 2222 1293 2243 ιν
1314 2212 1382 2243 230
1402 2221 1437 2254 p.
1457 2212 1535 2251 338,
1553 2213 1596 2243 15
1616 2208 1711 2243 Thil.
1735 2209 1818 2244 ‘ore
1842 2208 1926 2243 fave

363 2271 447 2295 cum
471 2261 651 2306 religione
678 2273 721 2297 ac
747 2262 896 2297 silentio
923 2262 1074 2297 accede:
1101 2262 1141 2296 in
1160 2275 1221 2296 xv1
1241 2262 1382 2296 Ennius
1403 2261 1487 2298 «hic
1512 2262 1733 2297 insidiantes
1755 2291 1760 2296 .
1778 2291 1784 2296 .
1806 2262 1927 2306 requi-

364 2317 493 2349 escunt
518 2316 598 2349 tecti
621 2316 758 2361 yladiis
778 2344 807 2350 ..
830 2327 892 2350 ore
911 2315 1113 2351 faventes».
1141 2315 1294 2360 ponitur
1321 2315 1452 2350 eadem
1477 2326 1547 2350 vox
1566 2317 1604 2350 et
1629 2327 1695 2360 pro
1716 2315 1809 2350 velle
1835 2317 1928 2361 aput

364 2366 522 2400 eundem
535 2367 696 2402 Ennium
709 2368 748 2402 in
761 2381 822 2403 xw
837 2369 933 2415 [1x].’
997 2368 1143 2403 Servius
1158 2368 1338 2403 Lemovic.
1354 2368 1394 2402 in
1406 2379 1530 2413 georg.
1547 2382 1558 2402 1
1575 2372 1618 2402 18
1631 2381 1666 2413 p.
1684 2372 1761 2411 135,
1773 2372 1815 2402 17
1830 2368 1925 2402 Thil.

366 2419 509 2454 ‘favere
528 2422 668 2455 veteres
689 2421 803 2456 etiam
822 2421 916 2456 velle
937 2421 1119 2456 dixenmt.
1141 2421 1283 2455 Ennius
1303 2422 1416 2467 [419]
1437 2432 1716 2466 nonnumquam
1741 2421 1864 2456 favere
1890 2423 1928 2456 et

363 2483 430 2517 pro
443 2474 569 2517 tegere
587 2476 756 2518 (tacere
777 2486 867 2509 corr.
883 2475 1029 2520 Daniel)
1044 2475 1205 2520 ponitur,
1219 2477 1262 2510 ut
1280 2474 1380 2509 idem
1399 2473 1540 2508 Ennius
1556 2476 1627 2519 (en
1646 2475 1761 2510 inris
1781 2475 1925 2509 Lemov.

364 2537 453 2560 corr.
474 2525 621 2572 Daniel)
642 2538 727 2563 «ore
746 2527 912 2563 faventes
921 2529 964 2563 ›>.'

482 2578 600 2613 XXVI
619 2582 714 2625 (438)
753 2581 883 2615 Festus
902 2594 936 2626 p.
953 2585 1033 2625 488,
1048 2585 1092 2615 32
1106 2581 1172 2615 Th.
1190 2581 1347 2627 ‘(scitae)
1363 2602 1406 2606 —
1420 2581 1519 2615 bona
1541 2581 1638 2615 facie
1658 2581 1779 2627 a(li)as
1799 2581 1923 2627 bonis}

366 2654 408 2659 ——-
424 2654 467 2658 —-
482 2633 574 2668 oetis
594 2635 830 2678 usurpantur.
851 2634 916 2681 Te]
930 2664 1053 2672 ......
1069 2634 1210 2670 Ennius
1229 2635 1268 2669 in
1287 2634 1310 2669 1.
1326 2639 1392 2678 {w
1413 2634 1590 2680 (fenestra
1609 2634 1755 2669 videtur
1773 2634 1926 2679 periisse

483 2794 569 2831 434
588 2805 641 2841 sq.
665 2792 724 2841 Of.
748 2793 1067 2833 Wilamowitzius
1085 2795 1220 2833 Herm.
1241 2807 1343 2833 xvm
1355 2807 1397 2842 p.
1414 2803 1499 2841 420
1620 2794 1704 2831 436
1731 2793 1807 2831 Hic
1832 2794 1926 2831 insi-

365 2852 518 2890 diantes
538 2855 629 2901 post
652 2852 902 2901 Rutyersiwm
921 2849 1021 2906 (car.
1046 2855 1123 2892 lect.
1144 2866 1187 2892 VI
1210 2863 1257 2901 15
1282 2867 1323 2902 p.
1348 2847 1449 2906 596)
1470 2855 1596 2891 tuetur
1614 2853 1666 2889 H.
1688 2851 1736 2890 A.
1758 2853 1927 2891 Kochius

366 2923 482 2949 exere.
503 2914 583 2950 crit.
598 2924 639 2960 p.
656 2910 681 2948 6
805 2912 888 2950 437
911 2925 999 2950 cum
1022 2914 1175 2952 addidit
1193 2913 1460 2951 Baekrmsius
