2054 3282
854 197 1066 234 INCERTA
1652 196 1739 238 233

898 315 1018 351 XVIII

182 385 235 427 18
702 384 764 426 ira
796 384 965 426 initium
998 384 1186 426 insaniae

915 499 1001 534 XIX

182 568 235 609 19
805 567 941 609 sancti
972 570 1123 622 poetae

922 683 988 718 XX

177 751 234 793 20
815 764 959 792 versus
991 750 1111 806 longi

916 866 1000 901 XXI

176 936 230 977 21
662 936 805 976 orator
836 934 972 976 audax
1004 947 1094 976 esse
1125 933 1250 975 debet

911 1044 1012 1079 XXII

177 1113 234 1155 22
904 1112 1017 1155 bona

898 1228 1017 1264 XXIII

178 1296 234 1339 23
744 1299 940 1353 repostus
961 1330 969 1339 .
990 1297 1159 1353 porgite

177 1449 384 1485 habitum
405 1450 537 1486 scribit
556 1450 700 1485 Ennius
720 1460 815 1485 scen.
833 1454 919 1494 3473
939 1460 1037 1485 nunc
1055 1449 1181 1495 potius
1204 1449 1342 1484 vitam
1368 1449 1555 1485 vitalem
1574 1449 1633 1483 vel
1657 1460 1742 1484 non

178 1503 367 1538 vitalem
396 1504 608 1549 appellasse
631 1514 714 1538 eum
735 1503 913 1538 credibile
933 1504 999 1546 est,
1019 1504 1062 1538 ut
1081 1503 1212 1538 Graeci
1238 1500 1321 1549 βίον
1347 1503 1391 1537 οὐ
1417 1501 1561 1549 βιωτόν,
1582 1500 1743 1549 ἀβίωτον

178 1554 262 1602 βίον
284 1557 458 1591 dixerunt
483 1557 684 1603 (Aristoph.
702 1556 799 1592 Plut.
816 1560 893 1591 197.
915 1556 1065 1601 Dionys.
1081 1556 1199 1591 Halic.
1214 1569 1280 1591 v111
1301 1560 1332 1599 6,
1347 1557 1392 1601 4).

297 1609 419 1644 XVIII
440 1611 513 1655 (18)
546 1609 672 1645 Cicero
687 1610 792 1644 Tusc.
809 1610 903 1655 disp.
919 1623 955 1645 1v
969 1613 1080 1653 23,52
1098 1610 1166 1644 ‘an
1192 1610 1248 1644 est
1274 1609 1475 1654 quicquam
1501 1608 1661 1644 similius
1687 1609 1743 1643 in-

179 1663 306 1698 saniae
320 1674 431 1708 quam.
446 1663 513 1706 ira,
528 1675 639 1708 quam
653 1663 747 1698 bene
760 1663 902 1698 Ennius
916 1663 1117 1699 «initium»
1132 1663 1229 1697 dixit
1248 1662 1489 1698 «insaniae».'
1589 1662 1643 1697 De
1662 1672 1743 1696 sen-

180 1716 301 1751 tentia
322 1716 416 1751 conf.
433 1716 471 1750 L.
487 1715 702 1751 Sternbach.
718 1727 791 1751 cur.
806 1716 1054 1751 Menandreae
1070 1719 1159 1751 1892
1179 1728 1215 1761 p.
1231 1719 1275 1750 28
1290 1727 1342 1760 sq.

299 1769 385 1803 XIX
399 1771 471 1815 (19)
499 1769 624 1804 Cicero
639 1781 705 1815 pro
720 1769 858 1805 Archia
872 1773 904 1813 8,
920 1773 962 1804 18
980 1770 990 1786 (
1001 1781 1065 1804 suo
1083 1769 1163 1804 iure
1176 1770 1302 1804 noster
1314 1769 1379 1804 ille
1392 1768 1534 1803 Ennius
1549 1769 1743 1804 «sanctos»

179 1822 350 1867 appellat
362 1825 504 1868 poetas,
520 1822 619 1868 quod
640 1823 747 1868 quasi
767 1823 919 1858 deorum
940 1823 1065 1868 aliquo
1086 1823 1182 1858 dono
1203 1823 1316 1868 atque
1329 1833 1481 1857 munere
1495 1821 1744 1857 commendati

179 1876 287 1911 nobis
308 1887 388 1910 esse
408 1876 629 1911 videantur.’
653 1875 704 1911 Cf.
721 1876 810 1911 ibid.
829 1881 882 1919 12,
898 1880 952 1911 31.

297 1929 364 1963 ΧΧ
386 1931 458 1975 (20)
491 1929 618 1965 Cicero
639 1930 685 1964 de
705 1930 775 1975 leg.
794 1943 821 1964 11
842 1933 897 1973 27,
913 1933 956 1964 68
977 1930 1030 1975 (in
1055 1929 1246 1964 reddenda
1271 1928 1438 1964 Platonis
1466 1929 1511 1964 de
1537 1928 1744 1974 sepulchris

179 1982 338 2028 ratione)
362 1983 450 2017 ‘nec
470 1993 489 2017 e
509 1983 638 2028 lapide
657 1983 812 2018 excitari
837 1983 921 2028 plus
942 1994 1010 2018 nec
1028 1983 1160 2028 inponi
1185 1994 1297 2028 quam
1317 1983 1416 2027 quod
1444 1982 1570 2027 capiat
1594 1982 1744 2016 laudem

179 2036 316 2070 mortui
343 2035 501 2070 incisam
526 2047 572 2071 ne
598 2035 683 2081 plus
709 2037 886 2081 quattuor
910 2036 1032 2071 herois
1059 2036 1236 2079 versibus,
1263 2047 1354 2080 quos
1376 2036 1554 2081 «longos»
1577 2034 1746 2080 appellat

179 2088 347 2123 Ennius?
464 2089 627 2124 Isidorus
648 2089 740 2134 orig.
755 2103 767 2123 1
782 2092 838 2132 38,
854 2093 873 2124 6
891 2089 1145 2124 ‘hexametros
1165 2089 1318 2124 Latinos
1338 2089 1500 2134 primum
1520 2088 1653 2123 fecisse
1672 2087 1744 2122 En-

179 2142 262 2176 nius
283 2141 455 2184 traditur,
477 2152 613 2187 eosque
633 2141 810 2188 «longos»
831 2143 964 2177 vocat.'
1070 2141 1209 2177 Atilius
1229 2142 1519 2177 Fortunatianus
1540 2141 1580 2176 G.
1597 2142 1635 2175 L.
1650 2141 1692 2175 K.
1708 2154 1745 2175 v1

179 2207 214 2240 p.
231 2199 310 2237 284,
327 2198 345 2229 7
363 2195 373 2212 (
383 2195 482 2230 hunc
493 2195 760 2239 (hexametrum
773 2196 941 2240 heroum)
952 2195 1094 2230 Ennius
1109 2195 1310 2241 «longum»
1325 2195 1458 2230 vocat.’
1535 2194 1587 2230 Cf.
1603 2194 1745 2229 Gellius

179 2261 269 2283 xv111
291 2251 345 2290 15,
362 2252 379 2282 1
398 2248 457 2283 (111
482 2248 606 2294 longis
632 2249 798 2283 versibus
818 2249 883 2293 qui
902 2249 1108 2283 hexametri
1128 2249 1342 2292 vocantur',
1357 2248 1422 2283 sed
1442 2248 1482 2283 in
1501 2248 1746 2293 inscriptione

180 2301 315 2346 capitis
332 2302 391 2336 ‘in
410 2302 533 2337 herois
554 2302 745 2336 versibus’
768 2302 966 2337 Diomedes
987 2315 1027 2336 111
1047 2314 1082 2347 p.
1099 2305 1179 2344 494,
1194 2305 1236 2336 31
1253 2302 1295 2336 K.

298 2354 382 2388 XXI
406 2356 480 2399 (21)
526 2355 662 2390 Fronto
688 2366 743 2400 ep.
764 2355 813 2390 ad
840 2355 1034 2390 Caesarem
1057 2369 1092 2390 1v
1113 2359 1133 2390 3
1153 2367 1188 2400 p.
1208 2359 1252 2390 66
1272 2354 1367 2390 Nab.
1393 2355 1533 2400 ‘neque
1558 2354 1598 2390 id
1624 2365 1746 2399 repre-

180 2407 313 2450 hendo,
327 2408 365 2441 te
379 2408 481 2442 verbi
495 2408 741 2443 translatione
756 2408 935 2443 audacius
948 2419 1196 2454 progressum,
1212 2408 1352 2454 quippe
1365 2409 1430 2453 qui
1444 2408 1540 2443 Enni
1561 2408 1747 2442 sententia

181 2461 387 2496 «oratorem
408 2460 587 2496 audacem
608 2472 687 2496 esse
705 2461 862 2497 debere»
877 2472 1057 2496 censeam.
1080 2462 1129 2496 sit
1148 2472 1237 2496 sane
1257 2462 1380 2496 audax
1399 2463 1535 2504 orator,
1549 2462 1592 2496 ut
1604 2461 1746 2496 Ennius

180 2513 357 2558 postulat,
378 2514 443 2548 sed
463 2525 485 2548 a
505 2514 750 2560 significando
771 2515 870 2559 quod
891 2514 968 2549 volt
988 2514 1114 2559 eloqui
1133 2525 1317 2560 nusquam
1341 2514 1602 2560 digrediatur.'

300 2566 399 2600 XXII
413 2568 485 2612 (22)
512 2567 718 2612 Porphyrio
739 2568 778 2602 in
798 2567 884 2602 Hor
901 2569 968 2603 sat.
984 2581 997 2602 1
1019 2571 1050 2610 1,
1066 2571 1108 2602 61
1127 2568 1187 2603 ‘at
1205 2567 1305 2603 bona
1324 2579 1411 2613 pars
1431 2567 1641 2603 hominum:
1657 2567 1744 2603 «bo-

181 2630 252 2655 na»
272 2630 369 2654 nunc
388 2631 455 2664 pro
475 2631 613 2665 magna
633 2621 786 2663 dictum,
806 2622 849 2654 ut
868 2631 979 2665 saepe
998 2620 1140 2656 Ennius
1160 2622 1198 2656 et
1217 2621 1285 2656 alii
1305 2622 1473 2656 veteres?
1585 2621 1747 2656 bonam

181 2683 478 2718 magnamque
497 2674 671 2717 partem
692 2673 886 2708 Terentius
907 2673 1056 2719 aliique.

299 2726 417 2760 XXIII
437 2727 509 2771 (23)
549 2725 724 2761 Servius
714 2739 753 2761 ln
773 2727 862 2761 Aen.
884 2740 897 2761 1
917 2731 961 2762 26
978 2727 1077 2762 ‘alta
1102 2728 1226 2762 mente
1250 2700 1457 2772 repostum:
1481 2755 1487 2761 .
1529 2727 1746 2772 ‚repostum

183 2789 344 2838 syncope
364 2780 441 2813 est.
483 2779 569 2813 ‚sed
584 2790 667 2814 cum
681 2790 807 2814 omnes
822 2790 1008 2814 sermones
1023 2781 1089 2815 aut
1101 2781 1240 2826 integri
1255 2781 1331 2815 sint
1344 2782 1409 2815 aut
1422 2780 1557 2824 pathos
1571 2780 1746 2822 habeant,

181 2831 221 2865 hi
241 2832 304 2876 qui
324 2832 458 2876 pathos
478 2832 618 2867 habent
637 2832 692 2866 ita
711 2833 753 2866 ut
771 2832 860 2867 lecti
881 2834 966 2867 sunt
986 2833 1123 2868 debent
1141 2834 1248 2879 poni:
1269 2833 1369 2878 quod
1390 2833 1503 2867 etiam
1523 2832 1627 2868 Maro
1645 2832 1744 2867 fecit.

182 2895 268 2918 nam
292 2885 505 2929 «repostos»
526 2885 593 2930 (sic
620 2884 717 2920 Cass.
739 2885 870 2920 Hamb.
901 2887 1114 2931 repostus
1143 2886 1201 2921 vel
1226 2887 1457 2932 repostum
1485 2885 1673 2931 plerique3
1700 2885 1745 2920 cf.

182 2936 271 2972 Aen,
287 2950 324 2972 v1
344 2939 425 2983 655)
445 2939 483 2973 et
503 2938 696 2984 «porgite»
711 2938 770 2984 (cf.
789 2939 878 2973 Aen.
897 2952 963 2974 vm
983 2941 1065 2986 274)
1086 2940 1132 2975 de
1151 2939 1271 2975 Ennio
1292 2938 1511 2974 'transtulit’
1634 2938 1747 2984 Apud
1767 2968 1771 2995 ³
