2054 3282
353 174 435 216 128
1023 164 1223 201 scnch

351 293 404 335 61
439 290 667 346 Optumam
698 287 944 344 progeniem
969 286 1140 328 Priamo
1161 284 1367 339 peperisti
1397 286 1517 327 extra
1539 300 1628 341 me3
1652 285 1735 327 hoc
1765 284 1902 342 dolet3

437 361 536 403 Men
562 360 721 413 obesse,
746 358 843 400 illos
868 357 1080 412 prodesse,
1105 371 1173 397 me
1200 355 1380 410 obstare,
1406 355 1504 398 illos
1529 356 1720 412 obsequi.

350 503 404 545 63
436 501 579 555 Adest,
605 500 723 542 adest
747 500 819 540 fax
844 497 1047 540 obvoluta
1073 497 1280 553 sanguine
1305 499 1434 552 atque
1460 498 1668 553 incendio,

436 572 596 614 Multos
623 585 755 613 annos
780 569 918 623 latuit,
945 570 1069 624 cives,
1094 569 1201 611 ferte
1227 583 1351 623 opem
1378 571 1420 610 et
1443 570 1709 626 restinguite.

349 714 403 756 65
552 713 725 766 Iamque
750 711 856 753 mari
882 724 1038 767 magno
1065 709 1213 752 classis
1240 710 1325 753 cita

553 784 738 837 Texitur,
764 782 942 824 exitium
969 796 1146 823 examen
1171 782 1305 836 rapit:

552 853 773 907 Adveniet,
798 854 888 894 fera
912 852 1244 895 velivolantibus

348 927 403 968 68
551 924 744 967 Navibus
771 924 1004 979 complebit
1029 938 1180 966 manus
1209 923 1348 967 litora.

349 1069 403 1110 69
910 1065 1034 1108 Eheu
1058 1066 1216 1108 videte:

435 1138 644 1181 Iudicavit
669 1137 865 1180 inclitum
891 1137 1097 1179 iudicium
1124 1138 1236 1179 inter
1261 1138 1358 1181 deas
1384 1139 1462 1181 tris
1489 1138 1668 1194 aliquis:

434 1209 527 1260 Quo
554 1209 711 1251 iudicio
737 1208 1074 1250 Lacedaemonia
1097 1208 1263 1264 mulier,
1288 1209 1495 1251 furiarum
1520 1225 1606 1252 una
1630 1209 1836 1251 adveniet.

345 1339 443 1374 idem
456 1339 578 1383 poeta,
594 1337 657 1383 qui
671 1337 887 1372 inusitatius
901 1338 1137 1372 contraxerat:
1150 1338 1291 1383 «patris
1303 1338 1377 1373 mei
1390 1349 1514 1373 meum
1526 1338 1668 1374 factum
1680 1338 1820 1383 pudet»
1832 1339 1904 1383 (59)

344 1404 410 1438 pro
429 1403 593 1426 meorum
612 1391 796 1426 factorum
815 1392 853 1425 et
867 1391 1037 1433 «texitur,
1056 1391 1211 1426 exitium
1224 1402 1379 1427 examen
1391 1392 1514 1438 rapit»
1529 1394 1601 1438 (66)
1614 1403 1682 1437 pro
1697 1391 1903 1434 exitiorum,

345 1458 418 1480 non
432 1445 524 1479 dicit
536 1445 704 1487 liberum,
716 1446 759 1479 ut
771 1444 940 1489 plerique
952 1444 1141 1488 loquimur
1153 1473 1158 1479 .
1171 1473 1177 1479 .
1189 1473 1195 1479 .
1208 1445 1273 1479 sed
1286 1447 1328 1480 ut
1340 1446 1405 1481 isti
1417 1446 1546 1481 volunt
1560 1456 1703 1490 «neque
1715 1474 1721 1479 .
1733 1474 1739 1480 .
1751 1474 1757 1479 .
1770 1445 1905 1479 libero-

344 1511 424 1533 rum
438 1509 482 1533 ex
494 1500 531 1532 te
545 1509 684 1543 genus»
694 1499 789 1543 (299)
799 1499 837 1532 et
848 1498 949 1533 idem
959 1498 1093 1544 [165]».
1104 1499 1143 1533 at
1155 1498 1221 1533 ille
1235 1498 1330 1533 alter
1342 1498 1382 1533 in
1390 1498 1527 1543 Chryse
1537 1498 1685 1544 [Pacuv.
1695 1501 1741 1532 80
1752 1509 1830 1542 sqq.
1842 1497 1903 1544 R]

346 1581 352 1587 .
364 1581 370 1587 .
382 1581 388 1586 .
402 1552 463 1586 ¹⁵⁶.
475 1581 480 1586 .
492 1580 498 1585 .
508 1552 612 1596 atqui
624 1551 720 1586 dixit
726 1551 861 1586 Accius
871 1551 954 1597 [655
963 1562 1016 1595 sq.
1025 1551 1113 1597 R.].’
1170 1551 1274 1586 Idem
1285 1552 1331 1586 de
1342 1552 1414 1586 div.
1423 1565 1450 1586 11
1463 1555 1519 1595 55,
1529 1555 1595 1586 112
1609 1552 1664 1586 ‘at
1673 1551 1783 1585 multi
1794 1561 1905 1595 saepe

344 1616 429 1640 vera
448 1605 652 1647 vaticinati,
678 1606 722 1639 ut
741 1604 949 1639 Cassandra
969 1605 1142 1649 «iamque
1167 1605 1262 1639 mari
1287 1616 1447 1651 magno»
1469 1607 1541 1651 (65)
1562 1605 1766 1649 eademque
1790 1604 1904 1649 paulo

344 1661 429 1704 post
442 1659 558 1695 «eheu
570 1658 716 1693 videte»
725 1658 825 1703 (69).'
922 1657 1026 1692 Idem
1039 1658 1087 1693 ad
1098 1658 1174 1692 Att.
1189 1671 1255 1693 v111
1269 1662 1324 1701 11,
1334 1663 1354 1693 3
1371 1657 1627 1703 ‘npoesmtgm
1640 1658 1766 1704 igitur,
1781 1658 1906 1692 noster

344 1713 477 1755 Attice,
498 1723 571 1746 non
589 1711 779 1746 hariolans
798 1712 841 1745 ut
859 1710 926 1745 illa
945 1711 1006 1745 cui
1030 1721 1138 1746 nemo
1163 1712 1324 1746 credidit
1349 1712 1413 1746 sed
1439 1712 1651 1747 coniectura
1674 1711 1904 1756 prospiciens

346 1765 515 1809 «iamque
534 1765 629 1799 mari
649 1765 810 1810 (maria
829 1764 941 1810 Med.)
954 1775 1114 1810 magno»
1129 1766 1212 1810 (65),
1227 1776 1301 1800 non
1320 1765 1438 1799 multo
1457 1765 1611 1809 inquam
1631 1775 1735 1799 secus
1753 1759 1904 1809 possum

345 1818 555 1853 vaticinari:
575 1820 683 1853 tanta
701 1818 884 1852 malorum
902 1818 1095 1863 impendet
1110 1816 1245 1859 Ἰλιάς.’
1353 1817 1495 1852 Nonius
1514 1830 1550 1863 p.
1568 1821 1645 1860 112,
1662 1821 1706 1852 25
1722 1817 1824 1852 ‘faxs
1837 1828 1904 1862 pro

345 1872 453 1907 faces.
468 1872 584 1907 Varro
600 1900 606 1906 .
624 1900 630 1906 .
648 1900 653 1906 .
669 1871 769 1906 idem
795 1872 962 1917 sexagesi
983 1873 1064 1916 (486
1085 1871 1139 1916 Β.)
1160 1871 1291 1907 «adest
1314 1871 1378 1906 fax
1400 1872 1566 1906 involuta
1583 1871 1781 1914 incendio»
1802 1871 1901 1915 (63).'

344 1926 443 1959 Idem
457 1938 492 1970 p.
509 1928 588 1968 328,
603 1928 647 1959 23
663 1925 890 1960 ‘involutum
904 1926 1125 1969 occupatum
1139 1925 1452 1970 comprehensum.
1467 1924 1585 1959 Varro
1599 1924 1767 1970 sexagesi
1781 1924 1906 1960 «adest

343 1978 405 2013 sax
425 1980 590 2014 involuta
614 1978 827 2014 towendii»)
936 1977 1062 2013 Cicero
1083 1978 1129 2012 de
1149 1978 1220 2012 div.
1236 1991 1248 2012 1
1269 1982 1324 2020 50,
1342 1981 1409 2012 114
1426 1977 1649 2013 ‘furibunda
1673 1988 1777 2012 mens
1802 1977 1905 2012 videt

344 2034 430 2066 ante
454 2032 572 2066 multo
598 2042 694 2077 quae
720 2031 796 2066 sint
816 2031 953 2066 futura.
975 2043 1048 2076 quo
1069 2032 1115 2066 de
1134 2042 1269 2077 genere
1288 2031 1355 2066 illa
1375 2033 1462 2066 sunt
1480 2032 1598 2068 «eheu
1617 2031 1739 2065 videte
1759 2032 1832 2076 (69)
1848 2059 1854 2064 .
1872 2058 1878 2064 .
1895 2058 1901 2064 .

345 2084 517 2118 adveniet
536 2085 658 2129 (71)».’
756 2084 859 2119 Haec
878 2084 1004 2119 omnia
1023 2095 1045 2118 a
1064 2097 1095 2119 v.
1111 2088 1156 2119 56
1170 2085 1219 2119 ad
1235 2089 1276 2119 71
1298 2084 1544 2120 Cassandram
1564 2095 1644 2119 esse
1663 2094 1759 2129 quae
1778 2085 1905 2118 cantet

346 2136 470 2172 Cicero
489 2137 546 2172 bis
566 2139 741 2181 testatur3
761 2148 858 2182 quae
877 2138 967 2183 quia
988 2139 1183 2173 ‘matrem’
1206 2138 1374 2183 appellat
1393 2139 1476 2184 (56),
1497 2137 1723 2182 intelligitur
1740 2149 1771 2171 v.
1787 2141 1842 2172 54.
1858 2140 1902 2171 55

345 2189 534 2225 Hecubam
546 2190 659 2235 loqui.
675 2191 739 2225 sed
752 2193 865 2236 poeta
877 2202 1061 2236 nusquam
1073 2192 1287 2226 nominatur
1299 2192 1462 2227 nomine:
1478 2192 1550 2226 nisi
1564 2191 1663 2236 quod
1676 2191 1716 2225 in
1730 2192 1820 2225 orat.
1835 2190 1858 2224 l.
1872 2201 1901 2224 c.

466 2362 488 2399 6
497 2365 515 2399 1
539 2364 727 2412 peperisti
741 2375 785 2401 ex
798 2364 882 2401 dett.
894 2364 984 2411 aliq.
996 2374 1111 2401 corn:
1126 2363 1337 2413 repperisti
1349 2357 1567 2416 (reperisti)
1579 2364 1711 2411 optimi
1829 2361 1903 2400 hoc

345 2420 471 2459 dolet:
490 2423 605 2459 trium
623 2423 682 2459 vel
700 2424 880 2470 quattuor
897 2434 1079 2461 versuum
1092 2417 1306 2475 (58—61)
1325 2423 1616 2460 homoeoteleuta
1636 2416 1763 2475 (ciet),
1780 2421 1904 2471 pudet

345 2481 456 2530 piget
474 2479 581 2518 dolet
598 2483 788 2520 neminem
805 2482 972 2530 fugiunt.
986 2482 1096 2520 aliud
1110 2493 1234 2530 =qenus
1251 2481 1515 2530 Quintilianus
1533 2482 1712 2520 describit
1729 2493 1771 2518 1x
1793 2489 1830 2531 3,
1848 2488 1898 2528 77

346 2536 636 2588 ὁμοιοτέλευτον
661 2541 830 2578 similem
857 2541 1023 2578 duarum
1042 2542 1328 2580 sententianim
1346 2541 1409 2579 vel
1427 2541 1602 2589 plurium
1619 2540 1738 2578 finem
1757 2570 1766 2578 .
1782 2569 1790 2577 .
1805 2570 1812 2576 .
1829 2569 1837 2577 .
1856 2539 1903 2577 fit

346 2599 467 2636 etiam
486 2599 651 2648 singulis
676 2600 805 2638 verbis
826 2596 1010 2638 ‘Hecuba
1034 2601 1108 2638 hoc
1133 2600 1250 2649 dolet,
1269 2599 1402 2650 pudet,
1421 2599 1532 2650 piget
1542 2595 1554 2613 '
1558 2629 1566 2636 .
1587 2602 1715 2638 tamen
1732 2600 1819 2645 fieri
1829 2610 1902 2646 po-

346 2659 416 2696 test
431 2660 475 2695 ut
491 2658 585 2696 haee
602 2659 718 2696 verba
736 2660 779 2696 in
796 2660 869 2697 hac
885 2660 1024 2706 fabula
1044 2660 1186 2698 alicubi
1200 2658 1320 2707 (velut
1335 2661 1427 2707 post
1446 2657 1520 2706 62)
1540 2659 1663 2696 locum
1680 2658 1903 2696 habuerint:

346 2717 393 2764 cf.
413 2717 525 2754 Re'bb.
546 2719 642 2765 tray.
662 2719 735 2755 inc.
759 2727 779 2753 2
792 2728 807 2753 1
935 2719 988 2756 62
1016 2719 1102 2757 Me*
1119 2719 1224 2757 Voss.
1238 2718 1278 2756 B
1401 2718 1454 2756 63
1481 2718 1566 2755 fax:
1585 2717 1633 2764 cf.
1654 2718 1707 2755 ad
1727 2725 1781 2764 35

349 2777 402 2813 64
422 2776 564 2814 referte
580 2775 732 2814 Voss.A
747 2777 859 2815 Vinci.
970 2778 1024 2816 68
1045 2777 1258 2827 complebit
1270 2777 1415 2815 Palat:
1434 2777 1645 2826 complevit
1658 2777 1790 2824 optimi

349 2836 403 2873 70
429 2835 626 2874 Iudicabit
643 2835 845 2883 Haupttus
864 2847 949 2883 opp.
969 2848 983 2873 1
1001 2849 1045 2884 p.
1063 2845 1158 2884 209,
1178 2838 1244 2884 qui
1263 2837 1476 2875 octonarios
1495 2836 1697 2883 descripsit
1707 2846 1784 2883 pro
1804 2846 1899 2873 ana-

345 2896 495 2941 paestis
507 2895 686 2942 Dacisii;
704 2895 771 2933 sed
787 2895 836 2934 ab
849 2894 959 2933 Eheu
972 2896 1103 2934 videte
1115 2907 1257 2934 novum
1268 2897 1423 2934 init-tum
1436 2896 1524 2943 capi
1539 2893 1669 2933 Cicero
1683 2894 1903 2932 subindicat
