2020 3334
336 196 553 232 LXXXVIII
891 197 918 231 Ι.
944 195 1172 231 HISTORIA
1190 196 1328 232 ENNII

337 310 523 357 Enniani,
548 321 612 347 eos
633 309 787 357 omitto,
808 310 995 358 quoniam
1013 309 1088 347 hoc
1107 309 1298 359 scriptum
1318 309 1423 359 quod
1442 308 1647 350 Censorini
1663 311 1799 350 libello
1819 306 1898 365 (in-

337 370 490 407 certum
517 381 594 417 quo
621 361 724 420 iure)
752 367 976 406 adnectitur
1002 380 1079 417 quo
1104 369 1283 419 tempore
1309 368 1459 407 editum
1483 370 1605 408 fuerit
1628 372 1812 409 nescitur.

459 427 642 476 Denique
667 426 715 465 de
735 425 774 464 C.
795 426 899 465 Iulio
918 427 1098 465 Romano
1124 427 1297 466 eiusdem
1323 428 1405 466 sere
1430 429 1574 468 aetatis
1597 430 1702 468 idem
1728 430 1833 479 quod
1851 430 1900 468 de

336 487 466 525 Plinio
491 487 640 525 maiore
670 486 880 524 dicendum
906 488 976 535 est,
1003 488 1098 536 quia
1121 488 1227 525 inter
1253 488 1486 538 praecipuos
1517 489 1696 528 auctores
1729 489 1899 528 Charisii

337 547 425 595 fuit,
456 558 570 596 posse
595 545 680 584 fieri
705 546 751 583 ut
777 545 938 595 quidam
963 559 1097 585 versus
1124 546 1244 585 Ennii
1273 558 1372 596 quos
1398 545 1599 587 Charisius
1621 549 1722 587 citat
1752 549 1801 587 ab
1827 549 1898 587 illo

335 618 416 643 una
440 618 530 643 cum
554 606 776 656 praeceptis
802 606 883 644 sint
906 606 1078 656 repetiti.

455 664 695 703 Perventum
722 665 781 703 est
806 664 857 702 ad
881 665 1012 715 ipsum
1037 664 1279 703 Diocletiani
1311 666 1590 715 principatum,
1616 679 1694 716 quo
1721 667 1901 717 principe

342 725 413 773 qui
437 725 563 762 vitam
591 723 748 762 Claudii
773 725 943 774 scripsit,
970 724 1187 763 Trebellius
1214 724 1354 773 Pollio,
1383 725 1502 764 semel
1522 725 1642 763 Ennii
1661 727 1901 765 mentionem

337 784 452 831 facit,
490 796 579 821 cum
610 783 774 821 laudata
805 796 952 835 magna
982 782 1140 822 Claudii
1170 785 1339 822 victoria
1371 779 1430 836 (7,
1452 778 1495 837 6)
1536 785 1595 823 ita
1631 786 1764 836 pergit
1799 797 1902 835 roqo,

337 845 525 891 quantum
543 844 716 890 pretium
741 845 795 881 est
819 843 973 892 clypeus
998 845 1041 882 in
1066 845 1178 881 curia
1203 846 1332 882 tantae
1363 845 1572 882 victoriae?
1602 847 1790 892 quantum
1820 857 1903 883 una

339 914 461 940 aurea
486 902 644 940 statua?
669 902 762 940 dicit
786 902 946 940 Ennius
971 903 1016 941 de
1034 902 1213 950 Scipione
1233 899 1436 950 ‘quantam
1454 906 1624 941 statuam
1641 905 1758 951 faciet
1774 915 1902 952 popu-

337 961 398 999 lus
418 961 479 1006 R„
499 964 687 1009 quantam
706 961 936 1006 columnam,
956 974 1053 1010 quae
1071 973 1133 1000 res
1152 964 1239 1000 tuas
1255 965 1382 1011 ,aestas
1409 962 1616 1011 loquatur?
1642 962 1743 1001 Sunt
1768 976 1902 1001 versus

338 1020 417 1059 duo
444 1033 468 1058 a
493 1021 650 1059 nemine
675 1021 882 1071 praeterea
907 1021 1032 1070 citati,
1059 1021 1127 1059 sed
1152 1023 1244 1059 sunt
1268 1022 1423 1059 numeri
1448 1022 1585 1069 soluti,
1612 1034 1710 1071 quos
1736 1022 1786 1060 ad
1814 1022 1901 1060 dac-

337 1081 504 1129 tylicum
530 1081 700 1118 metrum
725 1092 909 1118 revocare
934 1081 1076 1118 inutile
1103 1074 1228 1133 est*);
1253 1081 1321 1119 sed
1347 1093 1447 1130 quae
1470 1081 1537 1118 ille
1558 1081 1733 1118 Ennium
1753 1081 1800 1119 de
1821 1081 1903 1120 Sci-

338 1140 455 1189 pione
487 1139 631 1178 dixisse
655 1139 791 1188 tradit,
822 1140 864 1177 in
889 1141 1086 1190 principio
1112 1138 1317 1188 Scipionis,
1350 1140 1536 1178 carminis
1566 1140 1752 1188 Enniani,
1784 1141 1902 1179 collo-

338 1199 483 1238 candos
509 1198 613 1236 duxi.

458 1258 608 1296 Eadem
636 1259 766 1296 aetate
790 1271 906 1307 quem
926 1260 1031 1297 artes
1052 1259 1332 1309 grammaticas
1353 1258 1519 1297 edidisse
1543 1260 1735 1307 statuunt,
1755 1259 1905 1298 Marius

338 1318 492 1355 Plotius
516 1317 717 1365 Sacerdos,
738 1317 911 1355 Ennium
935 1318 1096 1366 quidem
1115 1330 1311 1367 nusquam
1333 1318 1564 1368 appellavit,
1585 1318 1653 1356 sed
1672 1318 1905 1367 quibusdam

342 1375 521 1415 versibus
547 1377 686 1424 utitur,
714 1389 810 1425 quos
838 1377 1041 1415 Ennianos
1068 1389 1149 1415 esse
1177 1378 1248 1414 aut
1274 1377 1363 1415 aliis
1388 1378 1627 1416 testimoniis
1654 1379 1810 1416 constat
1834 1379 1907 1415 aut

340 1435 540 1486 probabili
559 1437 786 1474 coniectura
806 1436 995 1474 creditur:
1016 1436 1047 1474 ii
1067 1437 1135 1485 qui
1156 1437 1236 1474 sint
1256 1449 1301 1474 ex
1315 1436 1445 1474 indice
1459 1437 1621 1475 testium
1635 1439 1904 1487 cognoscatur.

458 1495 701 1534 Diocletiani
732 1497 910 1545 tempore
943 1496 1012 1544 qui
1049 1495 1170 1534 libros
1209 1508 1299 1534 suos
1338 1496 1597 1546 scripserunt,
1633 1495 1832 1535 Arnobius
1868 1498 1907 1534 et

340 1555 559 1605 discipulus
592 1555 676 1593 eius
701 1554 947 1603 Lactantius,
978 1567 1116 1592 eorum
1146 1555 1226 1603 ille,
1259 1556 1328 1603 qui
1360 1555 1478 1593 semel
1510 1555 1685 1593 Ennium
1717 1556 1906 1605 appellat,

339 1614 534 1663 numquid
559 1614 734 1652 Enniani
759 1615 962 1665 cognitum
987 1613 1184 1662 habuerit,
1209 1613 1390 1652 dubitare
1415 1615 1526 1653 licet:
1551 1627 1643 1652 nam
1664 1615 1770 1664 quod
1788 1627 1830 1653 rv
1850 1616 1904 1653 29

341 1673 479 1712 scribit
503 1684 714 1721 possumus
745 1674 899 1721 quidem
923 1674 991 1712 hoc
1016 1675 1059 1711 in
1083 1674 1162 1712 loco
1188 1685 1316 1711 omnes
1341 1675 1444 1718 istos,
1469 1674 1579 1711 nobis
1605 1685 1698 1721 quos
1723 1674 1906 1712 inducitis

341 1736 453 1781 atque
479 1732 685 1780 appellatis
710 1733 810 1777 deos,
835 1733 1006 1771 homines
1030 1734 1152 1780 fuisse
1176 1735 1391 1771 monstrare
1411 1733 1469 1771 vel
1487 1731 1759 1781 Ayrayantino
1779 1733 1907 1771 Euhe-

339 1804 443 1830 mero
469 1792 664 1840 replicato,
690 1793 800 1830 cuius
826 1791 971 1830 libellos
997 1792 1167 1836 Ennius,
1196 1792 1346 1830 clarum
1371 1795 1414 1829 ut
1443 1793 1550 1838 fieret
1580 1793 1736 1836 cunetis,
1766 1804 1907 1830 sermo-

341 1863 429 1890 nem
460 1853 503 1889 in
528 1851 678 1889 Italum
709 1851 918 1895 transtulit,
949 1851 1008 1889 vel
1031 1851 1232 1899 Ntcayora
1259 1850 1402 1899 Cyprio
1428 1863 1507 1900 eqs,
1539 1852 1718 1890 auctores
1748 1851 1906 1900 quidem

344 1923 441 1960 quos
480 1910 578 1948 dicit
610 1909 778 1949 Graecos
812 1923 835 1948 a
867 1909 1081 1948 Clementis
1113 1909 1374 1948 Alexandrini
1404 1911 1647 1960 protreptico
1686 1905 1736 1962 (c.
1760 1912 1802 1958 2,
1833 1904 1907 1962 24)

343 1970 516 2020 repetiit,
546 1968 719 2007 Ennium
753 1971 886 2007 autem
912 1969 1124 2007 Euhemeri
1149 1969 1270 2007 libros
1295 1969 1438 2007 Latine
1464 1970 1702 2008 convertisse
1729 1982 1774 2007 ex
1801 1969 1907 2008 Cice-

341 2042 435 2067 rone
462 2029 508 2066 de
535 2030 615 2068 nat.
643 2029 746 2067 deor.
774 2023 807 2081 (1
827 2030 896 2076 42,
918 2023 1021 2081 119)
1049 2029 1147 2067 scire
1173 2030 1317 2078 potuit,
1343 2029 1499 2067 etiamsi
1524 2029 1676 2066 nullam
1696 2028 1817 2066 Ennii
1842 2029 1906 2066 lit-

342 2090 467 2127 teram
499 2088 675 2127 vidisset.
709 2086 816 2133 Quae
842 2101 935 2126 vero
962 2100 1007 2125 111
1030 2089 1081 2125 16
1110 2088 1308 2138 leguntur,
1340 2088 1434 2135 quid
1461 2089 1505 2126 'in
1529 2088 1679 2126 homine
1697 2088 1909 2135 pulchrum

343 2142 407 2193 est,
433 2148 538 2196 quid,
563 2158 716 2196 quaeSO,
742 2147 974 2186 admirabile
999 2147 1057 2186 vel
1082 2147 1273 2192 decorum,
1298 2148 1377 2185 nisi
1396 2147 1497 2195 quod
1519 2150 1553 2185 et
1571 2147 1720 2185 clurino
1740 2159 1828 2185 cum
1839 2159 1908 2195 pe-

343 2219 427 2246 core
456 2208 583 2245 nescio
614 2208 701 2255 quis
733 2209 867 2245 auctor
897 2207 1018 2245 voluit
1048 2218 1126 2245 esse
1157 2218 1371 2250 commune,
1410 2218 1456 2244 ea
1486 2218 1565 2244 non
1597 2208 1682 2244 erat
1717 2206 1820 2255 quod
1859 2206 1909 2244 ad

343 2267 466 2304 Ennii
484 2279 642 2305 versum
661 2279 684 2304 a
699 2264 885 2305 Cicerone
904 2266 1111 2304 laudatum
1129 2267 1247 2304 simia
1266 2278 1383 2314 quam
1395 2266 1536 2304 similis
1549 2266 1776 2313 turpissima
1790 2266 1910 2304 bestia

343 2327 453 2364 nobis
480 2320 571 2378 (sat.
595 2319 669 2378 69)
695 2325 834 2363 referri
865 2326 1025 2373 vellent,
1057 2326 1091 2363 si
1123 2325 1283 2374 quidem
1314 2325 1509 2362 clurinum
1532 2336 1654 2372 pecus
1678 2324 1909 2362 Plautinum

346 2387 406 2424 est
431 2379 550 2437 (truc.
570 2397 600 2422 n
622 2386 659 2432 2,
682 2378 755 2437 14)
788 2397 859 2423 nec
890 2385 1046 2433 reliqua
1074 2385 1271 2423 sententia
1295 2384 1464 2421 multum
1491 2383 1764 2422 similitudinis
1789 2383 1910 2422 habet

347 2457 438 2482 cum
463 2457 578 2483 versu
598 2442 729 2481 Ennii.
757 2443 1011 2482 Lactantium
1037 2444 1182 2492 autem,
1209 2443 1280 2492 qui
1299 2444 1339 2481 et
1357 2443 1441 2493 ipse
1460 2455 1585 2492 paene
1606 2441 1803 2481 Ciceronis
1823 2455 1907 2480 ver-

344 2504 405 2542 bis
431 2503 530 2541 dicit
554 2503 728 2540 Ennium
753 2503 966 2541 Euhemeri
990 2503 1199 2541 historiam
1224 2503 1531 2552 interpretatum
1557 2514 1638 2540 esse
1664 2502 1704 2539 et
1732 2503 1909 2540 secutum

347 2557 417 2615 (ad
438 2563 537 2600 Euh.
557 2557 646 2615 vn),
676 2563 810 2600 tamen
835 2575 972 2600 revera
998 2562 1119 2600 Ennii
1143 2561 1289 2599 librum
1315 2574 1360 2599 ex
1386 2561 1598 2598 Euhemeri
1622 2561 1791 2599 historia
1815 2559 1907 2599 duc-

348 2624 433 2660 tum
452 2633 663 2672 usurpasse
684 2621 790 2660 credi
809 2623 978 2672 oportet,
999 2634 1177 2670 quaeque
1196 2622 1230 2660 is
1250 2633 1295 2658 cx
1316 2633 1360 2659 eo
1381 2620 1584 2669 excerpsit,
1610 2621 1768 2669 praeter
1788 2633 1909 2658 unam

348 2693 484 2719 vocem
516 2693 539 2718 a
564 2679 743 2719 Varrone
774 2681 938 2719 citatam
968 2674 1086 2733 (Euh.
1107 2675 1216 2733 xm),
1248 2681 1366 2718 unica
1397 2681 1489 2718 sunt
1521 2691 1621 2728 quae
1653 2692 1698 2716 ex
1731 2692 1775 2716 eo
1807 2679 1908 2716 libro

467 2828 497 2873 *)
518 2828 712 2863 Pedestria
736 2839 780 2863 ex
804 2829 928 2863 mente
954 2828 1115 2863 auctoris
1142 2827 1195 2862 sic
1218 2827 1426 2862 ordinanda
1446 2837 1525 2861 esse
1544 2837 1603 2860 me
1623 2825 1907 2880 docuitvPaulus

348 2875 650 2959 ggdyggffielzfeld,
671 2877 714 2911 ut
732 2875 922 2910 clausulae
940 2875 1102 2911 usitatae
1121 2876 1297 2920 quantam
1314 2872 1522 2911 eblumnam
1539 2895 1586 2898 —
1604 2874 1720 2920 qestds
1739 2874 1910 2918 loquatur
