2020 3334
804 214 852 250 M.
874 214 1043 250 CICERO
1657 218 1703 252 LI

140 326 338 365 divinitus,
389 325 455 363 Ea
490 325 526 363 si
563 326 707 363 exarsit
743 328 890 372 aerius,
925 329 1040 375 furor
1076 328 1310 376 appellatur,
1354 342 1439 368 eum
1476 343 1501 369 a
1543 342 1698 379 corpore

140 387 296 424 animus
348 385 564 422 abstractus
610 384 742 422 divino
789 387 974 424 instinctu
1022 389 1243 426 concitatur.
1300 385 1390 427 ‘Sed
1437 390 1531 437 quid
1579 391 1698 428 oculis

139 455 276 492 rapere
305 445 392 481 visa
423 445 478 481 est
507 443 704 490 derepente
735 444 969 490 ardentibus,
1001 449 1068 483 aut
1095 447 1162 484 ubi
1193 447 1264 484 illa
1282 448 1405 494 paulo
1431 451 1518 487 ante
1541 451 1697 496 sapiens

139 502 326 552 viryinali
361 502 547 540 modestia
555 497 589 539 ,θ’
628 498 776 540 ‘Mater
813 506 986 550 optuma,
1026 507 1068 542 tu
1097 506 1214 542 multo
1245 506 1384 544 mulier
1413 508 1547 545 melior
1582 509 1696 546 muli-

141 574 266 607 erum,
308 563 430 600 missa
468 573 556 598 sum
592 562 867 608 superstitiosis
904 563 1224 601 hariolationibus
1258 560 1496 616 [58—62].’
1545 566 1575 604 O
1604 578 1695 614 poe-

143 633 209 660 ma
239 624 411 659 tenerum
442 623 476 658 et
505 622 698 658 moratum
730 623 842 668 atque
871 622 993 659 molle.
1024 621 1100 659 Sed
1129 622 1196 659 hoc
1226 624 1356 660 minus
1387 624 1439 661 ad
1467 637 1567 662 rem:
1599 626 1698 663 illud

140 680 241 728 quod
271 680 447 718 volumus
479 690 699 727 expressum
730 682 794 724 est,
825 682 868 717 ut
896 681 1105 718 vaticinari
1134 682 1247 728 furor
1277 693 1369 720 vera
1393 683 1520 720 soleat.
1553 680 1698 728 ‘Adest5

141 739 248 778 adest
286 740 357 787 fax
399 739 576 776 obvoluta
618 739 809 786 sanquine
852 741 963 786 atque
1005 740 1192 777 incendio.
1235 741 1373 778 multos
1410 753 1532 779 annos
1569 743 1700 780 tatuit:

140 800 250 843 eives,
281 799 376 846 ferte
406 809 513 845 opem
545 799 579 835 et
607 794 856 846 restinquite?
888 798 997 836 Deus
1027 799 1200 836 inclusus
1231 810 1386 846 corpore
1416 801 1583 838 humano
1607 803 1699 846 iam,

141 869 220 895 non
254 856 482 895 Cassandra
518 857 698 904 loquitur.
737 852 916 904 ‘Iamque
952 859 1056 895 mari
1085 869 1225 905 mayno
1257 854 1497 910 [65—68].'
1539 860 1700 908 Trayoe-

141 917 228 954 dias
265 917 370 963 loqui
406 916 537 953 videor
575 918 608 953 et
643 916 812 964 fabulas.
857 914 1006 960 Quibus
1046 916 1223 954 addenda
1260 919 1351 955 sunt
1386 918 1456 954 illa
1494 913 1604 971 (ibid.
1632 919 1698 967 50,

148 970 250 1028 114)
283 975 521 1013 Furibunda
551 986 658 1013 mens
688 975 790 1013 videt
821 978 908 1013 ante
938 976 1068 1020 multo,
1100 988 1197 1023 quae
1226 977 1306 1014 sint
1334 978 1480 1024 futura.
1543 977 1623 1025 Quo
1655 978 1700 1016 de

138 1045 275 1083 yenere
305 1034 376 1072 illa
406 1037 509 1078 sunt,
541 1030 649 1072 ‘eheu
679 1034 812 1079 videte,
848 1035 1037 1072 iudicavit
1068 1035 1243 1073 inolitum
1268 1035 1456 1073 iudicium
1486 1037 1585 1074 inter
1609 1037 1700 1074 deas

141 1095 212 1132 tris
256 1094 417 1141 aliquis,
460 1104 533 1140 quo
570 1093 715 1131 iudicio
753 1094 1066 1132 Lacedaemonia
1101 1095 1242 1132 mulier
1277 1095 1475 1142 furiarum
1512 1107 1594 1133 una
1633 1096 1700 1133 ad-

141 1153 265 1191 veniet
295 1148 537 1203 [69-71].'
577 1152 725 1190 Eodem
762 1154 863 1191 enim
894 1154 1005 1190 modo
1038 1153 1161 1190 multa
1199 1165 1223 1191 a
1253 1154 1553 1192 vaticinantibus
1589 1165 1701 1201 saepe

135 1212 340 1259 praedicta
376 1214 484 1256 sunt,
520 1223 640 1259 neque
676 1212 800 1249 solum
836 1213 962 1250 verbis
1002 1212 1068 1250 sed
1108 1214 1222 1250 etiam
1259 1208 1447 1250 ‘versibus
1483 1224 1575 1260 quos
1613 1213 1703 1250 olim

141 1271 277 1309 Fauni
313 1273 490 1318 vatesque
521 1267 734 1308 canebant'
766 1270 946 1320 Denique
972 1284 1000 1308 II
1027 1271 1100 1320 55,
1129 1273 1210 1309 112
1244 1270 1298 1309 At
1327 1272 1438 1309 multi
1468 1283 1581 1320 saepe
1610 1284 1701 1310 vera

141 1331 355 1374 vaticinati,
385 1333 429 1367 ut
456 1329 683 1368 Cassandra
715 1326 884 1378 ‘iamque
913 1331 1017 1368 mari
1041 1326 1209 1379 mayno’,
1241 1331 1443 1378 eademque
1466 1331 1590 1378 paulo
1614 1334 1703 1378 post

142 1385 249 1427 ‘eheu
286 1385 435 1427 videte?
479 1389 587 1427 Num
623 1390 744 1437 iqitur
779 1401 838 1427 me
875 1391 976 1438 eoyis
1014 1391 1128 1428 etiam
1171 1390 1316 1438 fabulis
1353 1390 1528 1428 eredere?
1570 1390 1702 1439 Atque

143 1448 238 1486 haee
286 1447 443 1497 quidem
487 1460 590 1486 nuno
632 1450 671 1486 in
715 1449 924 1487 refutando
967 1449 1105 1498 primis
1149 1449 1277 1487 verbis
1316 1448 1558 1497 indicantur,
1602 1461 1701 1498 quae

146 1519 266 1557 supra
297 1507 424 1556 plenis
458 1507 582 1545 allata
613 1509 726 1545 erant
756 1507 943 1546 versibus.
1005 1508 1064 1546 Ea
1096 1521 1187 1546 vero
1219 1508 1351 1545 omnia
1383 1508 1431 1545 ad
1462 1521 1581 1545 unum
1613 1521 1701 1546 oan-

141 1566 265 1604 ticum
295 1566 471 1615 redeunt,
510 1566 615 1615 quod
647 1567 824 1605 videmus
857 1569 1007 1616 quanta
1038 1567 1230 1605 varietate
1262 1579 1511 1604 numerorum
1542 1569 1581 1605 et
1619 1579 1700 1604 sen-

140 1627 356 1663 tentiarum
394 1626 696 1675 exsplendesoat.
737 1625 840 1670 Quos
879 1639 1014 1665 versus
1045 1625 1178 1664 Cicero
1216 1638 1322 1664 more
1361 1638 1405 1664 eo
1437 1638 1553 1674 quem
1584 1638 1703 1675 supra

141 1698 179 1734 p.
206 1697 332 1723 XLVIII
358 1685 475 1735 tetigi
499 1686 541 1722 in
568 1697 656 1723 suos
682 1697 774 1723 usus
802 1686 1025 1736 argumenti
1050 1686 1135 1724 loeo
1162 1685 1372 1723 convertit:
1397 1687 1536 1734 poetae
1562 1697 1702 1723 nomen

142 1756 220 1781 non
258 1744 388 1792 affert,
426 1756 497 1782 neo
534 1744 780 1794 tragoediae,
818 1745 896 1782 nisi
927 1745 1032 1794 quod
1064 1745 1182 1783 semel
1219 1743 1437 1782 Cassandra
1468 1745 1701 1794 appellatur.

142 1803 249 1841 Haeo
280 1804 444 1840 tertium
469 1804 639 1852 excipiat
665 1804 885 1853 exemplum
910 1804 1015 1853 quod
1042 1804 1089 1841 ab
1115 1804 1391 1841 Andromacha
1416 1805 1561 1852 repeto,
1593 1803 1701 1840 ouius

141 1875 229 1900 cum
255 1874 369 1911 saepe
395 1862 490 1900 alibi
515 1863 832 1901 commemoratio
858 1864 964 1901 faeta
990 1865 1059 1911 est,
1085 1865 1170 1900 tum
1196 1863 1308 1900 Tuso.
1335 1862 1432 1911 disp.
1454 1857 1518 1915 (111
1541 1863 1606 1910 19,
1627 1856 1701 1914 44)

141 1923 182 1958 in
227 1935 315 1959 eum
357 1921 517 1959 modum
561 1922 739 1971 affertur,
780 1923 849 1972 qui
891 1924 1059 1960 maxime
1102 1922 1175 1960 hoo
1219 1921 1324 1970 quod
1368 1921 1458 1960 volo
1502 1922 1702 1958 illustrare

144 1981 284 2030 possit,
321 1980 455 2030 ibique
488 1982 581 2030 quia
619 1994 707 2019 cum
739 1981 1016 2019 Andromacha
1053 1982 1282 2019 coniunctus
1321 1982 1379 2018 est
1411 1980 1618 2029 Thyestes,
1656 1992 1703 2016 ne

143 2053 230 2077 oum
269 2040 426 2089 quidem
464 2041 704 2078 omittamus.
768 2040 870 2078 Sunt
906 2041 1025 2079 verba
1061 2040 1175 2078 haee:
1218 2039 1487 2088 Quaerendum
1524 2038 1703 2086 quemad—

141 2099 297 2137 modum
329 2100 570 2147 aeyritudine
593 2101 795 2146 privemus
826 2112 930 2144 eum,
965 2101 1031 2147 qui
1061 2101 1118 2137 ita
1149 2099 1271 2137 dieat:
1310 2094 1388 2145 ‘pol
1417 2098 1513 2135 mihi
1543 2098 1702 2145 fortuna

140 2161 266 2207 mayis
302 2170 407 2196 nune
444 2158 535 2204 defit
571 2170 688 2205 quam
722 2169 854 2205 yenus.
891 2170 1057 2205 namque
1093 2169 1254 2205 reynum
1291 2157 1513 2204 suppetebat
1551 2157 1623 2200 mi,
1660 2158 1703 2193 ut

142 2219 261 2262 scias,
293 2220 435 2265 quanto
467 2229 485 2254 e
516 2217 612 2261 loeo,
644 2218 799 2264 quantis
831 2217 978 2263 opibus,
1009 2217 1147 2264 quibus
1179 2216 1224 2254 de
1255 2216 1367 2253 rebus
1399 2216 1512 2262 lapsa
1542 2216 1702 2263 fortuna

143 2276 294 2314 accidat
338 2271 506 2328 (Thyest
532 2271 605 2328 x).'
652 2275 780 2323 Quid?
816 2276 905 2313 huie
942 2276 1044 2313 calix
1085 2275 1203 2312 mulsi
1239 2274 1510 2322 impinqendus
1548 2276 1618 2318 est,
1660 2276 1703 2311 ut

136 2336 297 2383 plorare
334 2335 501 2380 desinat,
542 2337 611 2373 aut
647 2334 797 2382 aliquid
837 2336 918 2372 eius
954 2334 1086 2372 modi?
1134 2334 1233 2372 Ecce
1264 2334 1333 2371 tibi
1364 2344 1408 2371 ex
1439 2333 1563 2371 altera
1587 2335 1703 2380 parte

144 2395 192 2432 ab
224 2395 351 2432 eodem
374 2397 510 2441 poeta:
548 2390 608 2432 ‘ex
639 2395 774 2442 opibus
804 2394 965 2431 summis
996 2395 1080 2440 opis
1112 2404 1233 2441 eyens,
1264 2392 1417 2436 Hector,
1448 2387 1562 2430 tuae?
1596 2391 1703 2429 Huic

143 2455 346 2492 subvenire
389 2454 566 2491 debemus
574 2467 588 2500 ,·
630 2454 781 2501 quaerit
818 2454 919 2490 enim
956 2453 1168 2490 ambitium:
1212 2448 1330 2500 ‘Quid
1362 2454 1495 2499 petam
1524 2450 1703 2498 praesidi

145 2516 213 2550 aut
248 2525 413 2561 exsequar
445 2507 740 2565 (Andromacha
773 2506 992 2563 86—91).’
1028 2511 1143 2550 Scitis
1179 2522 1277 2559 quae
1313 2513 1524 2558 sequantur
1564 2512 1597 2547 et
1632 2509 1702 2546 illa

143 2574 325 2619 inprimis
351 2568 387 2610 ‘o
406 2575 522 2619 pater
547 2583 567 2609 o
586 2573 723 2619 patria
743 2567 984 2622 [92—96].'
1015 2570 1046 2608 O
1064 2573 1219 2618 poetam
1242 2571 1444 2618 eyreyium,
1470 2579 1702 2616 quamquam

145 2632 193 2669 ab
229 2631 289 2669 his
326 2632 547 2670 cantoribus
584 2631 849 2678 Euphorionis
886 2631 1148 2668 contemnitur.
1185 2629 1307 2667 Sentit
1343 2629 1474 2666 omnia
1504 2628 1702 2674 repentina

144 2693 177 2728 et
206 2692 436 2738 necopinata
466 2702 544 2729 esse
577 2691 774 2738 yravwra.
812 2689 1070 2737 Exayyeratis
1106 2690 1226 2737 iyitur
1262 2688 1378 2737 reyiis
1416 2687 1568 2734 opibus,
1605 2695 1701 2731 quae

144 2749 375 2787 videbantur
410 2751 663 2797 sempiternae
703 2750 803 2796 fore,
843 2748 937 2796 quid
974 2748 1178 2796 adiunqit?
1216 2743 1323 2784 ‘haee
1360 2746 1489 2783 omnia
1525 2743 1606 2781 vidi
1642 2744 1701 2780 in-

145 2809 343 2854 flammari
375 2804 616 2859 [97-99].’
650 2808 904 2845 Praeclarum
934 2819 1100 2845 carmen.
1132 2807 1208 2843 Est
1237 2807 1338 2843 enim
1369 2807 1402 2842 et
1425 2803 1536 2841 rebus
1563 2804 1596 2839 et
1618 2812 1700 2838 ver-

146 2867 203 2905 bis
241 2870 274 2906 et
316 2868 440 2906 modis
483 2868 653 2916 lugubre.
704 2867 937 2913 Eripiamus
981 2867 1070 2904 huic
1111 2864 1399 2913 aeyritudinem.
1450 2860 1602 2898 Iudicat
1641 2858 1701 2896 Oi-

146 2937 245 2975 oero,
277 2939 352 2964 nou
385 2928 564 2964 nominat
588 2938 806 2975 personam,
838 2938 938 2974 quae
963 2926 1036 2962 hoc
1062 2937 1216 2963 carmen
1243 2922 1404 2972 lugubre
1431 2921 1557 2967 canat,
1584 2930 1701 2966 quam

1441 2984 1489 3018 d*

1735 3032 1740 3059 1
