2004 3278
457 194 673 230 SCENICA:
701 194 959 230 THYESTES.
999 194 1301 230 SATURARUM
1325 194 1455 229 LIBRI
1628 194 1735 230 CCXI

173 309 309 358 aperte
335 306 574 346 Sabinarum
606 307 863 346 acerbitatem
895 307 1030 357 prodit
1063 320 1141 357 qua
1172 309 1304 357 patres
1337 320 1427 347 suos
1460 320 1550 346 cum
1581 308 1735 346 maritis

173 369 396 418 pugnantes
414 367 632 416 increpant,
651 368 697 404 ut
717 368 992 417 argumentum
1011 366 1173 405 dubium
1193 380 1275 406 esse
1295 380 1373 406 non
1391 367 1527 417 possit.
1550 366 1735 417 Cupun-

174 427 280 465 cula
313 428 446 464 autem
478 420 579 478 (sive
611 425 870 474 Caupwncula
901 427 1035 475 malis,
1066 426 1133 465 sed
1161 426 1408 475 Cupiuncula
1434 426 1540 476 quod
1565 426 1738 464 traditur

174 486 270 524 ferri
289 498 402 535 posse
417 497 495 523 non
509 480 642 538 credo)
659 486 699 523 et
712 485 1074 524 Pancratiastes
1096 487 1178 524 sive
1197 486 1566 525 Pancratiastae
1587 498 1736 525 comoe-

176 545 263 584 diae
287 547 390 594 sunt,
417 558 584 594 quarum
604 544 651 583 de
670 544 742 582 illa
762 545 863 582 nihil
882 545 959 582 dici
978 546 1121 594 potest,
1140 545 1242 583 hanc
1261 546 1324 583 vel
1343 545 1572 594 paucissimi
1592 547 1660 595 qui
1678 558 1736 583 re-

175 606 284 644 stant
302 617 437 643 versus
458 604 670 642 ostendunt
689 617 810 654 genus
824 604 1056 642 Plautinum
1070 605 1429 654 Terentianumque
1448 618 1543 654 prae
1563 617 1602 642 se
1624 605 1737 643 ferre.

294 664 389 703 Post
409 665 562 702 scenica
582 663 628 701 de
649 665 814 701 satura
835 663 1044 701 dicendum
1064 666 1133 702 est.
1156 663 1389 702 Saturarum
1408 664 1528 703 libros
1550 666 1739 713 quattuor

176 724 376 774 scripsisse
405 723 580 761 Ennium
611 722 832 772 Porphyrio
865 722 1024 761 Horatii
1054 724 1247 772 interpres
1275 718 1330 776 (p.
1350 718 1520 775 LXXXVI)
1553 725 1739 771 testatur,

177 786 217 822 et
249 797 295 822 ex
327 784 517 832 quattuor
547 782 659 821 libris
692 794 827 820 versus
859 782 1047 832 perpauci
1078 782 1299 820 traduntur.
1333 781 1436 827 Quia
1466 795 1558 821 vero
1585 795 1605 820 e
1631 784 1738 821 sexto

177 844 392 882 satirarum
423 855 488 880 sex
520 854 656 880 versus
689 843 868 880 continui
899 842 1119 880 afferuntur
1145 836 1372 895 (14—19),
1403 854 1557 881 necesse
1584 843 1643 880 est
1669 842 1739 880 ali-

177 903 268 941 cubi
292 903 500 952 peccatum
526 902 587 940 sit.
621 901 673 939 Et
697 901 895 940 Usenerus
925 901 1084 949 (litteris
1117 901 1166 940 ad
1197 915 1259 940 me
1291 902 1387 940 olim
1418 897 1540 954 datis)
1572 901 1741 951 putabat

178 962 283 1012 apud
308 961 622 1011 Porphyrionem
649 974 778 999 errore
803 974 865 999 1111
890 962 1081 1010 scriptum
1107 973 1188 1000 esse
1213 974 1285 1011 pro
1311 973 1387 1010 11113
1412 961 1454 999 id
1479 961 1583 1010 quod
1607 962 1649 998 in
1668 961 1741 999 hac

178 1021 437 1060 similitudine
462 1021 697 1069 formarum,
731 1034 810 1070 qua
835 1022 919 1070 ipse
944 1021 985 1057 in
1012 1020 1251 1059 contrariam
1276 1022 1431 1070 partem
1462 1033 1550 1059 ann.
1577 1033 1619 1060 1v
1643 1020 1690 1058 fr.
1716 1033 1742 1059 v

178 1094 270 1120 usus
297 1094 395 1129 sum,
426 1093 505 1118 non
530 1080 791 1129 improbabile
817 1082 887 1128 est,
919 1080 996 1118 nisi
1029 1080 1135 1130 quod
1166 1080 1344 1119 codicum
1376 1079 1595 1129 scripturae
1626 1079 1742 1117 fidem

178 1154 257 1179 non
282 1141 447 1188 faciunt,
479 1140 550 1178 hos
576 1152 724 1188 versus,
758 1152 856 1189 quos
883 1140 1090 1178 Terentius
1116 1139 1298 1178 imitatus
1325 1141 1395 1189 est,
1422 1152 1442 1178 e
1467 1141 1575 1178 sexto
1602 1140 1741 1178 satira-

178 1213 266 1238 rum
293 1199 413 1237 Ennii
438 1199 576 1238 ductos
603 1212 696 1238 esse.
724 1198 853 1244 Quare
879 1199 951 1237 hoc
977 1200 1019 1237 in
1044 1198 1173 1237 medio
1199 1199 1502 1249 relinquendum
1528 1200 1597 1238 est.

298 1258 406 1304 Quae
432 1260 589 1297 exstant
615 1272 660 1297 ex
685 1258 746 1297 his
774 1260 965 1308 quattuor
984 1258 1107 1307 libris,
1132 1271 1330 1309 perpauca
1355 1258 1529 1308 produnt
1555 1258 1602 1296 de
1629 1270 1743 1308 argu-

179 1320 313 1357 mento
340 1319 380 1357 et
404 1319 532 1356 forma
557 1318 697 1356 harum
723 1321 964 1356 saturarum:
990 1319 1135 1356 morati
1159 1318 1348 1367 quiddam
1367 1319 1403 1355 h.
1426 1331 1456 1356 e.
1478 1317 1528 1356 ad
1547 1317 1742 1368 castigan-

180 1379 249 1417 dos
274 1390 402 1417 mores
429 1377 534 1427 quod
559 1379 759 1427 pertineat
785 1390 973 1428 agnoscas
993 1390 1007 1415 1
1027 1378 1073 1415 fr.
1093 1390 1108 1415 1
1132 1377 1234 1416 malo
1259 1378 1381 1417 hercle
1405 1388 1546 1426 mayno
1567 1388 1637 1415 suo
1658 1388 1743 1415 con-

180 1440 287 1476 vivat
310 1439 394 1476 sine
418 1437 548 1486 modo3
573 1450 619 1474 111
638 1438 684 1475 fr.
706 1450 736 1474 11
759 1450 854 1476 nam
878 1439 913 1476 is
938 1448 1016 1475 non
1042 1438 1132 1476 bene
1156 1437 1239 1475 vult
1263 1438 1332 1476 tibi
1357 1438 1423 1485 qui
1441 1438 1543 1485 falso
1563 1438 1746 1475 criminat

181 1498 289 1545 apud
314 1500 363 1544 τες
390 1509 420 1534 11
440 1497 486 1534 fr.
507 1509 537 1534 11
562 1498 740 1535 restitcmt
757 1499 964 1535 occurrunt
982 1497 1133 1535 obstant
1152 1509 1231 1546 eqs,
1258 1497 1326 1546 qui
1344 1497 1408 1535 vel
1427 1495 1582 1534 Lucilio
1603 1495 1745 1546 dignus

181 1568 316 1595 versus
343 1557 446 1605 erat;
470 1557 512 1594 in
537 1556 668 1604 tertio,
696 1569 773 1605 quo
801 1557 925 1595 semet
949 1555 1032 1605 ipse
1058 1557 1175 1605 poeta
1201 1556 1397 1605 appellari
1421 1555 1547 1606 fingit,
1572 1568 1643 1605 per
1668 1568 1745 1594 ser-

182 1629 345 1654 monum
376 1616 480 1654 vices
512 1628 596 1653 rem
627 1615 728 1666 geri3
760 1618 976 1653 metrorum
1008 1618 1140 1654 autem
1171 1615 1467 1653 memorabilem
1498 1615 1745 1662 varietatem,

181 1676 394 1723 trimetros,
425 1676 690 1724 tetrametros,
721 1675 979 1724 hexametros,
1010 1676 1055 1712 ut
1079 1676 1122 1713 in
1146 1675 1221 1714 hac
1248 1675 1451 1724 paucitate
1482 1687 1667 1713 versuum
1698 1687 1745 1712 ne

182 1736 299 1773 unius
327 1734 488 1784 quidem
513 1734 606 1772 libri
631 1734 736 1772 idem
762 1747 886 1784 genus
913 1734 965 1773 sit
990 1747 1183 1774 versuum.

301 1793 425 1832 Paulo
451 1794 567 1843 plura
593 1794 880 1845 dignoscuntur
905 1806 951 1831 ex
976 1794 1024 1832 iis
1052 1806 1154 1843 quae
1180 1807 1226 1831 ex
1251 1796 1386 1832 satura
1412 1794 1476 1832 vel
1501 1794 1645 1832 saturis
1680 1792 1747 1831 sed

183 1867 262 1892 non
287 1866 333 1892 ex
359 1855 464 1892 certo
485 1855 710 1892 saturarum
728 1853 830 1892 libro
851 1854 1084 1902 afferuntur,
1108 1854 1221 1892 velut
1239 1854 1348 1892 lusus
1369 1853 1578 1891 verborum
1596 1854 1748 1901 frustra

185 1915 224 1951 et
248 1913 472 1962 frustrandi
496 1913 780 1951 vocabulorum
800 1913 1062 1964 ambiguitate
1084 1913 1285 1962 quaesitus
1311 1915 1350 1951 et
1369 1912 1546 1951 versibus
1568 1911 1747 1950 Sotadeis

184 1972 385 2022 expositus
394 1967 489 2025 (111),
504 1973 637 2022 qualia
646 1985 725 2011 non
733 1973 836 2011 male
845 1972 979 2010 decere
988 1974 1165 2011 saturam
1172 1972 1397 2020 videantur3
1415 1973 1484 2009 aut
1493 1971 1597 2020 quod
1604 1970 1749 2018 Aesopi

184 2032 388 2081 apoloyum
407 2032 566 2070 Ennius
591 2033 635 2070 in
658 2033 791 2070 satiris
816 2033 907 2070 scite
932 2032 1142 2070 admodum
1161 2034 1195 2070 et
1212 2034 1366 2070 venuste
1384 2031 1558 2069 versibus
1577 2030 1748 2078 quadra-

184 2093 244 2136 tis,
270 2093 316 2129 ut
342 2092 400 2130 ait
425 2090 590 2139 Gellius,
616 2092 836 2139 composuit.
871 2091 925 2127 Et
950 2092 984 2129 si
1010 2091 1096 2139 quis
1124 2090 1335 2128 contulerit
1360 2088 1510 2127 Graeca
1534 2090 1576 2126 in
1601 2088 1750 2138 Aesopi

185 2151 329 2189 sabulis
351 2144 455 2202 (379
471 2149 534 2187 Fr.
550 2150 596 2188 de
611 2145 722 2202 Fur.)
744 2148 968 2200 Χαραδριὸς
989 2147 1054 2187 καὶ
1072 2148 1193 2188 αὐτοῦ
1213 2148 1360 2195 παῖδες.
1382 2146 1645 2201 Χαραδριὸς
1627 2163 1677 2198 ην
1691 2162 1748 2194 τις

184 2208 227 2247 ἐν
252 2208 344 2264 χλόῃ
370 2208 582 2247 νεοττεύων
607 2211 659 2262 τῷ
685 2208 889 2262 κορυδαλῷ
915 2207 1012 2259 πρὸς
1040 2207 1105 2247 τὸν
1132 2205 1281 2281 ὄρθρον
1306 2204 1486 2246 ἀνταδων
1511 2205 1577 2245 καὶ
1603 2206 1750 2253 παῖδας

186 2268 299 2319 ληίου
326 2267 465 2319 κόμαις
491 2265 648 2319 θρέψας
673 2270 877 2317 λοφῶντας
906 2264 983 2318 ἤδη
1015 2282 1081 2305 και
1112 2267 1285 2319 πτερίσιν
1317 2265 1519 2318 ἀκμαίους.
1554 2263 1574 2305 ὅ
1608 2263 1649 2304 δὲ
1682 2281 1750 2316 της

186 2325 359 2380 ἀρούρης
385 2326 575 2378 δεσπότης
601 2325 826 2365 ἐποπτεύων
853 2325 1033 2379 ἀνθηρὸν
1059 2323 1106 2364 ὃν
1126 2324 1167 2364 τὸ
1188 2324 1306 2378 θέρος
1333 2321 1431 2365 εἶπε·
1452 2331 1528 2364 νῦν
1547 2324 1629 2377 ὥρη
1649 2324 1748 2363 πάν-

186 2402 254 2434 τας
279 2389 410 2425 καλεῖν
436 2401 482 2438 με
508 2386 599 2433 τοὺς
620 2386 793 2437 φίλους
781 2380 828 2424 ίν’
851 2383 1004 2436 ἀμήσω·
1025 2385 1093 2424 καί
1110 2400 1166 2432 τις
1185 2385 1398 2438 χαραδριοῦ
1417 2390 1494 2424 τῶν
1511 2383 1750 2436 λοφοφόρων

187 2445 341 2485 παίδων
365 2443 536 2497 ἤκουσεν
562 2444 683 2484 αὐτοῦ
708 2448 760 2500 τῷ
787 2459 824 2483 τε
851 2443 966 2497 πατρὶ
992 2444 1132 2495 μηνύει
1157 2448 1318 2483 σκοπεῖν
1343 2444 1511 2483 κελεύων
1531 2449 1609 2482 ποῦ
1629 2441 1751 2494 σφέας

189 2504 424 2556 μεταστήσει.
451 2502 494 2544 Ὁ
520 2502 561 2544 δὲ
587 2500 709 2543 εἶπεν
738 2502 849 2543 οὔπω
873 2502 1008 2555 καιρός
1034 2502 1112 2542 ἐστι
1136 2509 1204 2543 τοῦ
1230 2504 1407 2556 φεύγειν·
1435 2500 1479 2551 ὃς
1508 2506 1589 2550 τοῖς
1620 2503 1751 2553 φίλοις

187 2562 379 2603 πέποιθεν
405 2563 478 2603 οὐκ
502 2562 601 2616 ἄγαν
628 2563 795 2603 σπεύδει.
822 2560 892 2610 Ὡς
918 2558 954 2601 δ’
981 2556 1101 2609 αὖθις
1126 2561 1257 2602 ἐλθὼν
1282 2561 1395 2614 ἡλίου
1421 2558 1461 2601 θ’
1490 2558 1554 2601 ὑπ’
1582 2561 1750 2601 ἀκτίνων

188 2621 266 2675 ήδη
292 2621 429 2677 ῥέοντα
454 2622 522 2662 τὸν
547 2623 689 2675 στάχυν
720 2621 926 2675 θεωρήσας
959 2621 1104 2672 μισθὸν
1137 2619 1206 2673 μὲν
1238 2620 1452 2674 ἀμήτορσιν
1483 2620 1621 2673 αύριον
1652 2619 1747 2670 πέμ-

189 2696 291 2734 πειν,
317 2682 464 2734 μισθὸν
489 2680 531 2721 δὲ
557 2688 651 2721 πᾶσι
672 2680 1010 2734 δραγματοφόροις
1030 2680 1169 2720 δωσειν
1188 2679 1300 2734 ἔλεγε,
1327 2677 1408 2720 εἷπε
1427 2678 1635 2732 χαραδριὸς
1654 2684 1750 2717 πᾶσι

189 2741 347 2792 νηπίοις
367 2741 507 2789 οὕτως·
529 2747 605 2781 νῦν
625 2741 727 2780 ἐστιν
751 2740 847 2793 ώρη,
872 2740 1022 2787 παῖδες,
1049 2739 1216 2792 ἀλλαχοῦ
1235 2741 1409 2793 φεύγειν,
1436 2734 1486 2779 ὅτ’
1508 2737 1626 2784 αὐτὸς
1645 2737 1750 2790 αὐτῷ

189 2799 263 2839 κού
289 2801 420 2851 φίλοις
444 2801 626 2840 πιστεύει.
646 2796 687 2839 O
714 2803 844 2851 μῦθος
870 2799 1043 2838 διδάσκει
1068 2797 1170 2851 ἡμᾶς
1197 2798 1461 2850 ἐπιμελεῖσθαι
1485 2803 1563 2835 τῶν
1596 2795 1750 2835 οἰκείων

192 2858 264 2910 ὅση
291 2860 459 2911 δύναμις
483 2859 547 2899 καὶ
575 2859 628 2911 μὴ
654 2861 916 2911 καταφρονεῖν
942 2862 1190 2912 θαρροῦντας
1216 2861 1299 2905 ταῖς
1324 2863 1401 2896 τῶν
1431 2856 1556 2906 φίλων
1583 2855 1749 2907 συνδρο-

192 2921 294 2970 μαῖς,
320 2921 390 2958 aut
409 2919 609 2958 Babriana
630 2913 726 2972 (88)
747 2931 835 2957 cum
854 2919 934 2957 illis
954 2931 1077 2968 prope
1097 2918 1147 2956 ad
1167 2918 1330 2956 verbum
1350 2915 1629 2966 conspirantia,
1652 2914 1751 2953 fate-

1494 2980 1539 3015 0*
1779 2972 1783 2999 ἱ
