2020 3334
837 230 886 266 M.
906 230 1072 266 VARRO
1598 231 1733 267 XXXV

174 342 260 383 visa
285 344 389 382 sunt.
421 342 553 381 Pauca
583 344 736 380 restant
767 356 868 392 quae
899 356 977 381 non
1002 346 1142 393 poetae
1168 357 1310 383 nomen
1335 344 1402 383 sed
1429 344 1555 383 solum
1579 346 1734 395 tragoe-

176 404 264 441 diae
289 403 451 441 titulum
478 401 678 440 exhibent:
709 414 767 440 vn
795 403 817 439 6
845 404 889 440 in
920 404 1022 441 caelo
1055 404 1236 451 templum
1261 405 1414 448 dicitur,
1440 406 1483 441 ut
1505 405 1548 441 in
1574 405 1736 442 Hecuba

175 459 287 514 [111].
317 492 323 499 .
352 492 359 498 .
390 462 462 500 sub
494 464 615 505 terra,
652 464 695 498 ut
731 463 774 498 in
810 461 1088 500 Andromacha
1121 459 1226 514 [ΧΗ]
1287 463 1396 501 Haec
1434 463 1617 500 Enniana
1654 475 1736 501 esse

174 534 244 559 nec
275 521 402 559 Varro
440 521 538 559 dicit
568 532 639 557 nec
670 519 772 557 alius
803 521 934 568 testis,
971 522 1105 558 tamen
1139 534 1217 559 non
1249 521 1495 560 dubitabitur
1527 523 1609 560 eius
1642 534 1736 567 esse,

175 581 284 618 cuius
315 580 386 617 has
417 578 642 630 tragoedias
673 578 794 617 fuisse
827 581 992 629 constat,
1026 592 1192 628 quarum
1224 581 1391 618 alteram
1421 581 1548 618 Varro
1581 582 1735 630 saepius

175 639 368 676 adhibuit.
400 639 483 677 Nec
514 638 721 689 tragoedia
752 650 822 675 nec
853 640 972 687 poeta
1003 638 1148 676 dicitur
1178 651 1236 678 vn
1257 640 1309 677 73
1340 637 1458 687 ‘Quid
1488 642 1608 678 noctis
1632 641 1735 678 vide-

174 699 264 736 tur?
300 700 344 736 in
381 699 544 736 altisono
575 698 672 736 caeli
703 693 837 745 clipeo'
870 709 948 746 eqs.
988 695 1165 741 Quorum
1195 710 1287 747 pars
1313 711 1338 737 v
1367 700 1418 736 19
1446 699 1735 748 Agamemnoni

173 757 376 806 tribuitur,
408 770 456 795 ne
489 757 666 807 ambigas
699 770 745 795 ex
775 756 984 806 Iphigenia
1016 769 1098 795 esse
1133 753 1194 808 [1].

295 815 482 866 Superest
518 816 552 853 is
589 816 729 853 modus
770 815 937 864 citandi,
982 828 1058 864 quo
1096 829 1175 854 non
1211 816 1438 866 tragoediae
1475 829 1633 866 nomen,
1671 817 1737 855 sed

173 887 362 925 personae
394 888 494 925 quae
525 875 703 924 loquitur
732 876 775 912 in
806 875 1013 925 tragoedia
1044 876 1205 924 ponitur
1235 876 1316 914 sive
1342 875 1477 914 addito
1502 878 1641 925 poetae
1668 889 1736 914 no-

172 935 276 972 mine
315 934 397 973 sive
434 947 523 973 non.
572 933 684 978 Quod
721 946 843 984 genus
881 934 1018 972 scribit
1055 934 1181 972 Varro
1207 948 1233 973 v
1262 936 1313 973 19
1352 937 1481 982 itaque
1525 936 1618 974 dicit
1653 934 1735 973 An-

172 994 357 1032 dromeda
386 994 501 1032 Nocti
534 990 648 1042 ‘quae
688 1006 785 1032 cava
822 991 932 1032 caeli'
967 1006 1034 1043 eqs
1067 989 1130 1045 [1].
1168 994 1419 1032 Andromeda
1458 994 1562 1032 enirn
1596 995 1637 1031 in
1675 1007 1736 1032 co-

173 1053 356 1103 gnomine
387 1053 593 1103 tragoedia
630 1053 797 1091 Noctem
830 1054 885 1091 sic
920 1053 1114 1102 appellat3
1147 1056 1182 1091 et
1210 1052 1450 1102 Agamemno
1485 1050 1544 1091 ‘in
1575 1054 1737 1092 altisono

174 1113 270 1151 caeli
301 1108 447 1160 clipeo',
487 1125 586 1162 quae
624 1124 743 1162 supra
782 1113 921 1162 scripsi
959 1113 1141 1162 exiguam
1171 1114 1326 1162 partem
1358 1124 1439 1150 esse
1471 1125 1606 1151 eorum
1637 1125 1737 1161 quae

172 1171 445 1222 Agamemnon
476 1173 518 1209 in
548 1172 744 1220 principio
770 1171 999 1222 Iphigeniae
1029 1167 1079 1222 [1]
1111 1184 1244 1210 secum
1275 1172 1462 1221 loquitur,
1495 1171 1600 1221 quod
1630 1172 1737 1221 prin-

174 1231 321 1280 cipium
346 1231 474 1268 Varro
500 1243 558 1269 vn
580 1232 632 1268 73
665 1231 863 1268 lemmatis
895 1231 980 1269 loco
1014 1231 1129 1269 affert
1154 1243 1223 1269 nec
1248 1231 1476 1281 tragoediae
1502 1243 1572 1269 nec
1598 1233 1736 1279 poetae

172 1291 329 1327 nomine
344 1289 508 1328 adiecto.
529 1289 666 1340 Pergit
679 1303 704 1328 v
718 1292 738 1327 1
747 1291 769 1328 9
784 1293 817 1328 et
830 1291 989 1328 Ennius
1001 1291 1090 1329 item
1104 1291 1156 1328 ad
1170 1292 1426 1329 cavationem:
1442 1287 1552 1329 ‘caeli
1565 1292 1734 1338 inqentes

171 1346 352 1397 fornices’
384 1343 503 1402 (scen.
532 1344 648 1402 381),
681 1349 786 1399 quod
813 1351 872 1387 est
897 1349 1085 1387 indicium
1112 1350 1232 1388 etiam
1258 1350 1460 1398 superiora
1487 1349 1536 1387 ad
1562 1350 1734 1387 Ennium

172 1408 316 1457 redire,
355 1421 598 1457 quamquam
634 1410 723 1446 item
764 1408 814 1446 ad
854 1410 1109 1454 cavationem,
1146 1421 1225 1447 non
1262 1409 1312 1446 ad
1343 1409 1522 1447 Ennium
1552 1408 1734 1457 pertinet.

173 1467 365 1505 Similiter
396 1467 443 1505 de
468 1468 605 1506 Medea
631 1480 673 1506 v1
699 1468 751 1505 81
787 1468 835 1506 ab
862 1469 989 1506 eodem
1015 1462 1163 1515 (cernd)
1190 1469 1244 1506 est
1268 1468 1369 1515 quod
1394 1469 1451 1506 ait
1474 1468 1637 1506 Medea:
1664 1464 1734 1505 ‘ter

172 1527 243 1564 sub
282 1528 405 1564 armis
438 1524 588 1564 malim’
623 1539 690 1575 eqs
724 1523 798 1577 [vl.
836 1526 976 1576 Itaque
1014 1539 1092 1565 non
1130 1526 1310 1564 dubitavi
1347 1527 1389 1564 in
1425 1527 1475 1565 iis
1514 1538 1613 1575 quae
1643 1539 1685 1565 VI
1711 1527 1734 1564 6

173 1586 361 1635 leguntur
391 1589 434 1623 ut
464 1589 552 1624 ante
581 1587 697 1624 solem
729 1588 855 1623 ortum
880 1587 980 1634 quod
1006 1587 1137 1624 eadem
1161 1586 1271 1625 stella
1295 1588 1454 1624 vocatur
1474 1586 1605 1630 iubar,
1637 1586 1738 1633 quod

172 1646 324 1689 iubata,
354 1645 552 1683 Pacuvius
590 1645 682 1684 dicit
713 1647 853 1693 pastor
889 1641 1031 1683 ‘exorto
1068 1646 1204 1683 iubare
1234 1647 1354 1683 noctis
1386 1645 1544 1683 decurso
1574 1641 1736 1683 itinere’.

173 1704 331 1742 Ennius
367 1703 476 1742 Aiax
518 1705 647 1743 lumen
689 1705 854 1742 iubarne
895 1706 939 1742 in
979 1705 1082 1743 caelo
1126 1715 1248 1743 cerno.
1298 1704 1408 1742 Inter
1449 1705 1737 1752 vesperuginem

173 1765 207 1801 et
235 1764 353 1801 iubar
383 1764 486 1801 dicta
515 1775 592 1802 noa:
621 1765 857 1811 intempesta,
888 1766 932 1801 ut
960 1766 1003 1802 in
1029 1764 1155 1801 Bruto
1183 1763 1311 1802 Cassii
1340 1764 1440 1811 quod
1471 1764 1564 1801 dicit
1592 1763 1737 1801 Lucre-

173 1824 248 1860 tia:
279 1818 398 1860 ‘noete
428 1824 654 1871 intempesta
684 1825 857 1861 nostram
883 1824 1033 1861 devenit
1056 1819 1240 1867 domum'‚
1271 1824 1317 1860 ut
1340 1823 1465 1861 Pacui
1490 1822 1583 1861 dicit
1599 1824 1738 1870 pastor

174 1882 269 1920 olim
301 1882 568 1930 correxerunt,
600 1883 658 1920 ita
690 1883 801 1920 Enni
831 1881 939 1920 Az‘aa:
968 1882 1255 1921 restituendum
1288 1894 1386 1920 esse:
1419 1894 1512 1919 nam
1544 1881 1647 1931 quod
1679 1881 1736 1918 fa-

174 1940 286 1979 cilius
318 1940 445 1978 videri
474 1943 631 1990 poterat
660 1942 874 1979 Ennianus
898 1940 1018 1986 Aiaoe,
1049 1943 1095 1979 ut
1126 1954 1244 1991 supra
1268 1942 1519 1980 Pacuvianus
1544 1941 1580 1978 d.
1599 1943 1738 1988 pastor

174 2000 270 2037 olim
306 1995 599 2053 maluerunt*),
638 2001 686 2038 ab
724 2013 798 2039 usu
835 2001 1026 2038 Varronis
1065 2001 1238 2039 alienum
1277 2013 1358 2039 esse
1395 2001 1640 2038 intellectum
1678 2001 1738 2037 est

173 2060 385 2109 postquam
416 2060 575 2098 unicum
608 2059 714 2109 quod
746 2061 831 2098 erat
862 2061 1083 2109 exemplum
1114 2073 1157 2098 v1
1183 2060 1235 2097 73
1268 2061 1312 2098 in
1342 2058 1517 2097 Astraba
1547 2059 1736 2097 Plautina

174 2130 332 2157 excusso
367 2119 508 2157 -codice
552 2119 706 2157 nullum
744 2131 827 2157 esse
866 2114 1134 2171 apparuit.²³‘²³‘)
1184 2118 1346 2156 Videtur
1383 2119 1533 2165 autem,
1576 2120 1621 2155 ut
1663 2118 1737 2155 hoc

176 2178 330 2227 addam,
362 2179 403 2215 in
430 2179 628 2226 scriptura
659 2177 803 2216 codicis
829 2178 1050 2216 Florentini
1074 2178 1234 2225 plautin
1266 2189 1311 2215 ea
1341 2178 1438 2226 ipsis
1470 2177 1614 2214 litteris
1639 2177 1736 2214 haec

174 2236 392 2275 dubitantis
424 2237 684 2287 interrogatio
710 2236 903 2275 contineri
927 2239 971 2274 in
995 2236 1169 2274 Astraba
1194 2235 1442 2285 [Plautin(a)
1475 2234 1582 2284 ea?],
1613 2238 1658 2273 ut
1689 2235 1735 2273 de

174 2297 325 2346 origine
364 2296 511 2346 ambigi
549 2308 661 2345 posse
699 2295 895 2333 indicetur
931 2296 1040 2333 velut
1077 2308 1119 2334 VI
1145 2296 1198 2333 89
1239 2296 1401 2333 Boeotia
1443 2296 1576 2344 inquit
1619 2307 1736 2342 quam

174 2355 407 2393 comoediam
439 2355 510 2393 abu·
540 2353 659 2403 [alii]
690 2367 768 2393 esse
799 2355 943 2399 dicunt,
975 2356 1015 2392 et
1044 2355 1117 2392 hoc
1149 2355 1471 2405 interrogationis
1504 2366 1626 2404 genus
1658 2354 1736 2391 nisi

174 2414 292 2453 fallor
327 2414 432 2451 idem
473 2416 531 2452 est
562 2427 603 2453 v1
631 2416 682 2452 21
722 2416 757 2452 is
795 2427 881 2452 cum
918 2416 978 2452 eat
1013 2414 1244 2462 suffibulum
1280 2416 1324 2451 ut
1359 2414 1496 2452 habeat
1537 2415 1735 2461 scriptum.

293 2574 324 2621 *)
351 2574 470 2617 Quam
495 2575 607 2610 facile
632 2575 724 2610 haec
749 2574 847 2609 inter
873 2586 911 2609 se
939 2573 1075 2609 mutari
1095 2573 1297 2619 potuerint,
1325 2572 1534 2618 exemplum
1554 2572 1735 2607 Macrobii

176 2623 284 2659 docet
315 2623 378 2667 qui
411 2635 494 2657 cum
527 2623 602 2657 Sat.
629 2636 666 2658 v1
693 2627 730 2666 3,
752 2627 771 2656 9
807 2621 997 2667 scripserit
1027 2623 1087 2657 ille
1119 2623 1213 2657 enim
1250 2622 1357 2657 stilus
1389 2621 1563 2655 Enniani
1600 2621 1736 2656 saeculi

176 2671 330 2706 auribus
354 2670 452 2705 solus
474 2670 651 2714 placebat,
677 2669 716 2703 in
736 2669 904 2704 Parisino
931 2669 1058 2704 codice
1084 2670 1278 2703 exaratum
1304 2670 1361 2703 est
1386 2668 1525 2711 Ennii,
1551 2669 1589 2701 et
1614 2669 1655 2701 ut
1674 2667 1735 2701 hic

176 2729 275 2752 error
299 2719 409 2752 natus
436 2720 492 2752 est
518 2728 561 2752 ex
588 2717 717 2751 ordine
742 2716 938 2751 verborum
964 2718 1024 2752 ille
1049 2718 1144 2751 enim
1165 2717 1271 2752 stilus
1290 2716 1423 2758 Ennii,
1450 2715 1502 2749 sic
1522 2714 1623 2759 apud
1642 2713 1734 2747 Var-

175 2776 302 2799 ronem
323 2765 510 2800 Pacuvius
535 2766 635 2807 dicit,
661 2764 750 2808 quia
775 2764 867 2798 haec
887 2763 993 2809 iungi
1013 2764 1246 2808 videbantur,
1274 2763 1409 2807 quibus
1430 2761 1564 2796 deinde
1583 2771 1733 2805 respon-

176 2812 289 2847 debat
315 2812 476 2847 Ennius.

276 2859 326 2905 *ἢ
353 2859 458 2894 Unde
485 2858 704 2904 corrigenda
730 2859 786 2893 est
812 2858 1006 2893 adnotatio
1033 2858 1071 2892 in
1100 2857 1223 2892 Aiacis
1244 2871 1296 2892 111.
1325 2857 1410 2891 Sero
1441 2855 1539 2890 enim
1564 2854 1733 2890 intellexi

176 2907 397 2952 scripturam
422 2907 575 2951 plautin
600 2918 652 2949 ea,
686 2917 798 2950 qua-m
823 2917 897 2940 non
923 2905 1002 2940 sine
1028 2905 1264 2940 dubitatione
1290 2903 1469 2939 attulerat
1495 2902 1670 2937 Grothius
1697 2903 1735 2936 et

176 2954 217 2988 A.
239 2953 469 3000 Spengdius,
495 2953 615 2998 ipsam
641 2964 769 2988 verum
795 2953 993 2988 continere.

1478 3009 1521 3044 C*

1725 3072 1730 3097 l
