2054 3282
709 169 970 204 ANNALIUM
995 168 1082 203 LIB.
1102 168 1152 202 IX
1652 166 1707 208 57

884 287 969 322 XIII

148 356 233 398 319
265 355 443 398 Rastros
475 354 742 397 dentefabres
775 355 912 410 capsit
943 369 1070 397 causa
1093 353 1283 410 poliendi

267 425 375 483 Agri

884 493 970 528 XIV

147 563 229 604 321
266 561 464 618 Cyclopis
496 564 644 604 venter
673 561 792 604 velut
824 561 927 603 olim
959 563 1144 603 turserat
1175 560 1257 603 alte

267 632 474 676 Carnibus
506 633 704 675 humanis
737 632 947 675 distentus

897 742 965 777 XV

147 811 232 854 323
264 811 491 855 Florebant
518 812 702 865 flammis
732 811 987 866 lychnorum
1018 809 1181 852 lumina
1212 809 1278 851 bis
1311 823 1385 851 sex

884 915 968 950 XVI

146 977 232 1019 324
263 977 390 1021 Debil
420 978 549 1021 homo

881 1056 982 1092 XVII

145 1125 230 1168 325
859 1125 1050 1168 tunicata
1080 1124 1279 1167 iuventus

263 1266 347 1301 XIII
367 1268 463 1313 (319)
501 1266 644 1301 Nonius
664 1279 700 1312 p.
720 1270 775 1311 66,
791 1269 834 1300 27
858 1265 1079 1311 ‘politiones
1099 1276 1274 1311 agrorum
1293 1265 1415 1301 cultus
1437 1265 1648 1311 diligentes,
1668 1265 1712 1299 ut

144 1319 263 1364 polita
289 1320 415 1355 omnia
440 1320 598 1355 dicimus
625 1320 772 1355 exculta
799 1321 836 1354 et
862 1319 910 1353 ad
936 1319 1094 1354 nitorem
1124 1319 1296 1355 deducta.
1329 1319 1470 1353 Ennius
1501 1319 1710 1363 satyrarum

144 1373 208 1408 lib.
223 1387 264 1407 111
286 1373 368 1420 [111].
387 1373 488 1408 idem
507 1373 635 1408 annali
654 1373 810 1409 lib.v1111
831 1374 992 1409 «rastros
1012 1373 1181 1418 (ratros
1202 1373 1296 1407 Flor.
1311 1385 1358 1406 m.
1375 1384 1429 1417 pr.
1445 1371 1562 1417 Leid.)
1583 1371 1710 1406 dente-

144 1426 288 1461 fabres.
307 1456 312 1461 .
330 1455 335 1461 .
353 1427 484 1473 agri».'
581 1426 633 1462 Cf.
649 1426 787 1461 Paulus
806 1425 908 1460 Festi
926 1438 962 1471 p.
978 1429 1034 1470 40,
1051 1429 1094 1460 18
1112 1425 1177 1460 Th.
1196 1426 1206 1443 ‘
1218 1426 1339 1471 capsit
1358 1425 1589 1470 prenderit’3
1609 1425 1711 1460 idem

143 1492 179 1524 p.
201 1483 257 1524 50,
273 1483 316 1513 34
337 1479 403 1514 Th.
427 1479 655 1524 ‘depolitum
680 1479 887 1525 perfectum
912 1479 1001 1524 quia
1027 1490 1152 1514 omnes
1178 1478 1425 1524 perfectiones
1452 1478 1598 1523 antiqui
1617 1478 1711 1523 poli-

143 1532 264 1568 tiones
285 1532 556 1578 appellabant.'

263 1585 347 1620 XIV
367 1588 463 1632 (321)
506 1586 718 1621 Priscianus
738 1600 774 1620 1x
794 1599 828 1631 p.
844 1589 925 1630 486,
942 1590 983 1621 15
999 1586 1042 1621 H.
1061 1586 1121 1621 ‘in
1141 1596 1210 1632 geo
1231 1586 1441 1621 desinentia
1459 1585 1473 1620 1
1493 1585 1550 1621 vel
1569 1597 1587 1619 r
1607 1587 1711 1620 ante-

145 1639 362 1675 cedentibus
389 1650 458 1685 geo
484 1639 524 1674 in
550 1640 580 1674 si
602 1651 775 1675 conversa
795 1639 939 1674 faciunt
958 1639 1202 1685 praeteritum
1221 1639 1440 1685 perfectum,
1459 1641 1543 1674 ut..
1559 1667 1564 1673 .
1579 1640 1711 1684 turgeo

142 1693 247 1738 tursi,
267 1694 394 1739 tergeo
414 1693 504 1728 tersi
521 1721 645 1729 ......
661 1693 802 1728 Ennius
822 1693 862 1728 in
874 1707 926 1728 vn
940 1693 1132 1728 annalium
1153 1694 1259 1740 [v111].
1281 1693 1381 1728 idem
1400 1693 1440 1727 in
1459 1706 1538 1728 vnn
1559 1692 1712 1738 «Cyclo-

142 1746 200 1791 pis
223 1775 229 1780 .
246 1775 252 1781 .
270 1775 275 1780 .
297 1748 461 1782 turserat
480 1748 664 1793 (terserat)
685 1748 753 1782 alti
773 1758 801 1782 c.
817 1747 852 1781 h.
869 1746 1104 1782 distentus»)

260 1799 328 1834 XV
354 1802 450 1846 (323)
500 1800 711 1835 Macrobius
739 1801 813 1835 Sat.
835 1814 872 1835 VI
897 1804 989 1844 4,17
1010 1800 1225 1846 (Vergilius)
1250 1800 1430 1835 ‘inseruit
1456 1799 1559 1845 operi
1586 1810 1651 1834 suo
1675 1801 1712 1835 et

144 1852 285 1888 Graeca
299 1853 423 1898 verba,
438 1853 503 1888 sed
523 1865 597 1889 non
616 1853 757 1899 primus
778 1854 848 1889 hoc
862 1865 991 1898 ausus3
1013 1856 1206 1889 auctorum
1221 1853 1320 1888 enim
1334 1855 1500 1889 veterum
1514 1853 1712 1888 audaciam

144 1908 290 1941 secutus
306 1908 371 1942 est.
392 1906 422 1927 ¹8
437 1907 650 1952 dependent
663 1907 790 1952 lychni
810 1907 1050 1952 laquearibus
1069 1907 1190 1942 aureis
1205 1907 1308 1953 (Aen.
1325 1921 1338 1942 1
1354 1908 1445 1953 726),
1461 1907 1557 1942 sicut
1569 1906 1711 1942 Ennius

142 1959 182 1994 in
194 1973 275 1994 vnn
289 1960 521 1996 «lichnorum
539 1961 563 1994 1.
576 1960 633 1995 bis
655 1961 767 1996 sex».'
862 1961 1007 1996 Servius
1026 1961 1067 1995 in
1080 1960 1170 1996 Aen.
1186 1974 1238 1996 vn
1254 1964 1324 1995 804
1341 1960 1502 1995 ‘Ennius
1523 1961 1560 1995 et
1578 1960 1711 1995 Luere-

142 2013 217 2047 tius
243 2012 372 2048 fiorere
398 2013 528 2048 dicunt
554 2024 661 2048 omne
688 2014 788 2058 quod
813 2014 975 2049 nitidum
1001 2015 1084 2049 est.'
1107 2014 1271 2049 Lucretii
1297 2024 1442 2048 versum
1469 2013 1561 2048 dicit
1585 2026 1622 2048 1v
1641 2017 1711 2047 450

145 2066 255 2101 ‘bina
273 2066 509 2101 lucernarum
527 2067 698 2102 florentia
717 2067 859 2102 lumina
878 2067 1057 2101 flammis'
1081 2067 1180 2112 quod
1201 2067 1248 2101 ad
1270 2066 1482 2112 exemplum
1502 2066 1614 2101 Ennii
1633 2077 1711 2101 ver-

144 2131 224 2153 sum
244 2119 414 2164 supplevi
433 2119 473 2154 in
492 2120 596 2154 relat.
614 2120 717 2154 acad.
732 2131 764 2154 a.
782 2124 872 2155 1896
893 2132 927 2165 p.
942 2123 1021 2154 720.

261 2172 346 2206 XVI
360 2173 456 2217 (324)
482 2172 625 2207 Nonius
639 2185 674 2218 p.
688 2176 744 2216 95,
759 2176 803 2207 32
821 2173 831 2190 ‘
841 2174 957 2208 debilo
972 2173 1116 2207 debilis.
1138 2173 1280 2207 Ennius
1295 2172 1358 2207 lib.
1371 2186 1452 2208 v1111
1467 2173 1606 2209 «debito
1620 2173 1708 2209 h.».’

261 2225 365 2259 XVII
384 2227 481 2271 (325)
520 2225 661 2260 Gellius
675 2239 712 2261 v1
728 2229 783 2270 12,
800 2229 818 2260 7
842 2226 852 2243 ⁹
864 2225 903 2268 Q.
920 2237 1067 2270 quoque
1083 2226 1224 2261 Ennius
1241 2225 1609 2272 Carthaginiensium
1629 2227 1710 2263 «tu-

142 2278 308 2313 nicatam
332 2279 586 2315 iuventutem»
612 2289 686 2313 non
713 2279 859 2314 videtur
884 2279 963 2314 sine
988 2279 1123 2324 probro
1150 2279 1314 2314 dixisse.’
1342 2279 1486 2314 Nonius
1512 2291 1547 2324 p.
1570 2283 1649 2323 536,
1665 2283 1708 2314 31

146 2331 293 2366 ‘tunica
313 2333 369 2366 est
388 2331 646 2366 vestimentum
669 2331 748 2366 sine
768 2332 924 2367 manicis
947 2361 952 2366 .
971 2361 977 2366 .
995 2361 1000 2366 .
1023 2332 1163 2367 Ennius
1189 2332 1324 2377 probro
1346 2332 1710 2378 Carthaginiensium

144 2384 374 2421 «tunicatam
399 2385 651 2421 iuventutem»
677 2385 795 2420 voluit
821 2385 969 2420 dicere.'
999 2386 1099 2430 quod
1119 2387 1247 2421 contra
1266 2386 1357 2420 Aen.
1378 2400 1390 2420 1
1411 2389 1479 2420 282
1503 2386 1710 2421 ‘Romanos

143 2448 265 2473 rerum
285 2437 453 2473 dominos
472 2439 919 2485 gentemque-togatam'3
940 2439 984 2473 cf.
1006 2438 1216 2474 Macrobius
1238 2438 1312 2474 Sat.
1333 2452 1370 2475 w
1391 2442 1422 2484 5,
1440 2442 1494 2474 15.

263 2610 346 2647 319
368 2609 580 2648 dentiferos
599 2610 758 2658 Hamus
777 2610 1015 2649 dentifabres
1035 2611 1234 2659 Roeperus
1259 2611 1502 2651 dentifabros
1528 2611 1673 2650 Om'om

263 2669 345 2706 321
369 2669 447 2706 alte
460 2670 588 2708 lamus
602 2670 756 2708 Dousa:
778 2670 851 2707 alti
943 2671 1025 2708 323
1047 2670 1260 2709 Florebant
1273 2671 1440 2710 flammis
1456 2672 1591 2710 addidi
1606 2671 1627 2709 l.
1639 2683 1668 2708 s.
1678 2682 1706 2708 c.

263 2728 346 2765 324
368 2727 472 2766 debil
484 2729 665 2776 Lipsius:
686 2728 814 2766 debile
902 2729 1030 2767 Possit
1039 2729 1198 2778 Seryius
1214 2731 1291 2768 dici
1315 2732 1457 2768 neutra
1475 2742 1595 2768 manu
1615 2743 1708 2767 neu-

144 2787 205 2823 tro
231 2786 328 2836 pede
354 2788 449 2826 satis
475 2788 596 2837 utilis,
622 2788 802 2837 plurimis
829 2788 1034 2838 stipendiis
1061 2789 1234 2828 debilis
1259 2790 1412 2837 miles,
1437 2789 1496 2827 bis
1524 2788 1572 2826 ab
1598 2788 1708 2826 Han-

144 2845 273 2883 nibale
293 2847 431 2895 captus
450 2877 456 2883 .
473 2877 479 2883 .
494 2861 506 2884 .·
526 2849 592 2895 qui
610 2849 652 2885 in
671 2849 858 2897 praetura
878 2849 998 2886 sacris
1019 2848 1225 2887 arcebatur
1244 2861 1268 2887 a
1288 2849 1446 2899 collegis
1467 2849 1511 2885 ut
1531 2847 1707 2886 debilis

144 2904 244 2941 Plin.
265 2907 343 2942 nat.
364 2905 447 2943 hist.
470 2919 527 2945 vn
555 2916 644 2954 104.
667 2915 744 2953 105
