2020 3334
356 223 488 258 LXXX
911 223 937 258 I.
963 222 1192 258 HISTORIA
1210 222 1348 258 ENNH

355 348 455 380 nem,
488 335 654 383 Veryilio
673 334 864 379 Ennium,
888 334 1074 373 Sallustio
1096 328 1268 373 Coelium
1284 330 1696 385 praetuliteademque
1713 338 1919 376 iactatione

355 395 402 433 de
426 395 596 432 Homero
627 405 673 432 ac
696 394 857 432 Platone
881 394 1080 432 iudicavit.
1113 394 1324 432 Suetonius
1350 396 1483 433 autem
1508 408 1609 445 quae
1633 396 1675 435 in
1703 395 1837 434 libello
1869 396 1917 434 de

356 452 625 504 grammaticis
651 452 698 490 de
718 452 847 491 Ennio
872 454 990 502 poeta
1015 453 1227 491 memoriae
1246 453 1433 503 prodidit,
1453 456 1493 492 et
1512 467 1614 504 quae
1631 455 1674 493 in
1691 455 1777 493 vita
1796 455 1917 493 Ennii

355 513 398 550 in
423 512 598 550 virorum
623 511 840 549 illustrium
864 511 988 550 libros
1012 513 1171 561 recepta
1197 513 1390 562 exposuit,
1421 512 1533 552 nobis
1559 514 1718 563 quidem
1742 514 1819 552 nisi
1847 526 1918 563 per

354 571 589 620 Hieronymi
614 572 728 609 notas
754 570 803 609 ad
830 570 991 609 Eusebii
1017 583 1184 610 canones
1211 571 1385 610 adiectas
1410 584 1489 610 non
1514 574 1683 622 servata,
1713 586 1759 611 ea
1784 574 1917 611 omnia

356 642 474 680 supra
505 631 547 668 in
578 630 799 668 enarranda
831 630 952 668 Ennii
982 631 1067 668 vita
1099 630 1149 668 ad
1180 642 1295 668 usum
1319 630 1469 669 vocavi.
1502 630 1611 676 Quae
1635 644 1729 670 vero
1754 632 1915 670 Reiffer-

355 689 548 728 scheidius
574 689 754 727 Suetonii
784 689 963 738 reliquiis
995 689 1171 728 collectis
1197 702 1242 728 ex
1275 689 1363 728 aliis
1392 691 1662 741 grammaticis
1688 691 1798 729 velut
1822 690 1917 729 Dio-

354 748 466 787 mede
492 749 542 786 ad
566 748 888 797 locupletandum
914 742 1147 787 Suetonium
1173 750 1325 797 ascivit,
1351 762 1397 787 ea
1422 751 1502 788 suis
1528 749 1751 788 nominibus
1777 750 1916 788 afferre

355 808 489 846 malui.
516 807 563 845 In
583 806 795 845 Caesarum
815 810 949 846 autem
967 808 1074 856 vitis,
1092 810 1372 857 praeterquam
1392 808 1497 858 quod
1517 808 1726 847 Suetonius
1746 809 1918 860 Augusti

356 867 567 916 epistolam
592 866 643 904 ad
668 866 881 915 Tiberium,
909 879 1009 916 quae
1030 867 1202 905 Enniani
1226 879 1362 905 versus
1381 868 1612 906 memoriam
1637 868 1767 916 habet,
1793 868 1834 906 in
1859 869 1916 906 vi-

354 928 439 964 tam
464 925 613 963 Tiberii
645 920 694 978 (c.
718 920 792 978 21)
821 926 970 975 recepit
996 921 1062 979 (cf.
1083 937 1204 975 supra
1223 939 1260 975 p.
1281 921 1380 979 LVI),
1412 928 1531 965 semel
1556 939 1690 966 versus
1717 927 1838 965 Ennii
1867 926 1915 964 de

356 984 563 1023 annalibus
588 985 736 1022 mentio
762 985 869 1023 facta
903 988 961 1022 est
990 986 1032 1022 in
1059 983 1269 1023 Octaviani
1300 985 1385 1023 vita
1415 998 1446 1024 c.
1470 987 1492 1023 7
1519 985 1689 1034 Auqusti
1714 997 1917 1035 cognomen

355 1045 566 1091 assumpsit
585 1073 592 1081 .
614 1073 622 1081 .
644 1074 652 1081 .
672 1055 770 1088 cwm,
795 1044 1027 1091 quibusdam
1052 1045 1287 1082 censentibus
1306 1044 1518 1082 Romulum
1537 1046 1729 1093 appellari
1747 1048 1917 1093 oportere

354 1104 468 1151 quasi
492 1106 526 1141 et
548 1104 678 1150 ipswm
703 1103 933 1141 conditorem
956 1104 1078 1147 urbis,
1096 1104 1392 1150 praevaluisset,
1417 1106 1461 1141 ut
1477 1103 1679 1152 Auyustus
1697 1105 1830 1151 potius
1853 1115 1917 1142 vo-

355 1165 507 1200 caretur
530 1173 610 1200 non
634 1164 784 1199 tantum
807 1173 905 1200 novo
923 1163 990 1200 sed
1009 1163 1123 1201 etiam
1143 1163 1331 1210 ampliore
1349 1164 1580 1211 coynomine,
1605 1163 1707 1210 quod
1725 1163 1808 1201 loca
1826 1174 1917 1211 quo-

354 1233 426 1269 que
449 1221 630 1269 reliq-iosa
655 1223 690 1259 et
711 1222 754 1259 in
779 1222 917 1269 quibus
943 1224 1134 1270 auyurato
1159 1222 1253 1269 quid
1277 1225 1520 1260 consecratur
1545 1225 1711 1270 auqusta
1736 1222 1918 1260 dicantur

355 1280 404 1318 ab
430 1283 546 1318 auctu
569 1280 629 1318 vel
653 1280 701 1318 ab
721 1282 855 1318 avium
870 1283 978 1328 yestu
994 1283 1166 1329 qastuve,
1190 1283 1290 1318 sieut
1308 1282 1424 1319 etiam
1442 1281 1601 1319 Ennius
1620 1281 1725 1319 docet
1747 1281 1917 1319 scriberes

355 1334 464 1391 (ann.
487 1334 589 1391 502)
618 1335 795 1387 ‘augusto
815 1341 981 1387 augurio
993 1342 1202 1387 postquam
1220 1340 1364 1388 inclyta
1383 1340 1538 1378 condita
1556 1340 1683 1378 Roma
1702 1337 1781 1378 est.'
1808 1339 1916 1378 Haec

354 1400 553 1447 postrema
584 1395 626 1448 (a
656 1393 776 1450 quod)
809 1398 843 1435 si
874 1400 977 1445 sunt,
1008 1400 1054 1436 ut
1085 1398 1308 1447 creduntur,
1340 1411 1364 1437 a
1396 1399 1584 1437 Suetonio
1616 1399 1757 1447 aliena,
1789 1411 1838 1436 ne
1869 1399 1916 1436 de

355 1456 506 1508 origine
533 1456 794 1494 additamenti
820 1456 986 1505 dubites,
1013 1457 1201 1506 quoniam
1224 1457 1371 1496 Paulus
1397 1458 1505 1496 Festi
1530 1457 1580 1496 ab
1604 1458 1678 1496 hac
1703 1458 1835 1508 glossa
1858 1458 1916 1495 in-

355 1516 453 1565 cipit
483 1518 671 1564 auyustus
702 1516 807 1554 locus
836 1519 995 1554 sanctus
1025 1517 1074 1554 ab
1106 1518 1240 1555 aviwm
1266 1519 1387 1565 qesta,
1418 1517 1461 1555 id
1491 1519 1546 1555 est
1575 1519 1669 1565 quia
1700 1518 1748 1555 ab
1780 1517 1917 1555 avibus

353 1576 596 1623 siyrzificatus
621 1578 675 1613 est
696 1576 753 1613 sic
777 1575 913 1619 dictus,
942 1577 1023 1614 sive
1048 1576 1096 1613 ab
1122 1577 1255 1614 aviwm
1282 1578 1441 1625 qustatu
1471 1577 1565 1624 quia
1594 1588 1685 1615 aves
1707 1579 1849 1624 pastae
1875 1576 1918 1614 id

353 1637 483 1672 ratum
507 1635 690 1681 fecerumt,
722 1633 908 1672 credibile
938 1633 996 1683 fit,
1026 1634 1195 1672 Paulum
1226 1647 1315 1673 eum
1345 1635 1442 1674 haec
1474 1647 1519 1673 ex
1544 1634 1660 1674 Festo
1692 1637 1916 1684 excerperet

356 1704 379 1730 a
403 1693 520 1731 Festo
552 1693 719 1731 citatum
744 1705 900 1731 versum
925 1692 1062 1741 Ennii,
1092 1692 1135 1730 id
1167 1694 1271 1742 quod
1302 1706 1418 1743 saepe
1449 1693 1563 1742 facit,
1594 1693 1915 1743 praetermisisse.

473 1751 668 1789 Hadriani
693 1753 824 1790 aetate
848 1752 925 1789 fuit
956 1752 1077 1790 etiam
1103 1751 1243 1790 Sextus
1268 1752 1521 1802 Pomponius,
1553 1753 1621 1802 qui
1650 1753 1755 1802 quod
1785 1753 1827 1790 in
1858 1752 1916 1790 di-

355 1810 476 1860 gestis
502 1823 517 1847 1
538 1811 575 1858 2,
597 1812 634 1858 2,
656 1811 709 1848 38
735 1809 892 1849 Sextmn
915 1809 1075 1850 Aelium
1106 1811 1243 1849 scribit
1274 1813 1390 1850 etiam
1414 1812 1574 1850 Ennius
1605 1812 1783 1850 laudavit
1807 1807 1915 1863 (ann.

357 1863 462 1922 331)
488 1882 533 1907 ex
561 1869 757 1917 Cicerone,
782 1870 951 1908 maxime
975 1870 1024 1908 iis
1050 1883 1151 1920 quae
1177 1870 1224 1908 de
1253 1872 1410 1909 oratore
1435 1883 1450 1908 1
1470 1871 1538 1919 45,
1561 1871 1642 1910 198
1670 1870 1819 1919 scribit,
1850 1883 1915 1920 pe-

354 1930 439 1966 tere
463 1928 606 1978 potuit.
1325 1965 1330 1967 .

474 1987 767 2026 Antoninorum
786 1987 1028 2037 temporibus
1051 1985 1103 2037 (a.
1121 1988 1351 2026 138—180
1371 2002 1408 2037 p.
1430 1983 1539 2041 Chr.)
1561 1980 1650 2026 cum
1669 1989 1795 2026 omnis
1815 1987 1917 2026 anti-

357 2047 521 2095 quitatis
546 2047 660 2085 savor
685 2059 730 2085 ac
756 2047 930 2085 studium
957 2046 1147 2085 suscitata
1171 2048 1342 2085 multum
1366 2047 1407 2085 in
1438 2048 1583 2086 litteris
1614 2047 1804 2095 valerent,
1835 2047 1915 2085 fac-

355 2108 441 2143 tum
467 2108 527 2144 est
551 2108 596 2143 ut
615 2106 735 2143 Ennii
761 2119 917 2155 quoque
942 2107 1134 2144 memoria
1159 2107 1413 2144 revivisceret
1438 2106 1487 2145 ab
1512 2107 1640 2155 iisque
1659 2105 1916 2155 scriptoribus

357 2166 425 2214 qui
455 2164 525 2203 illo
552 2178 649 2203 aevo
674 2165 904 2213 floruerunt,
929 2165 1111 2214 Apuleio,
1136 2165 1346 2213 Frontone,
1372 2164 1512 2213 Gellio,
1543 2165 1670 2203 multa
1702 2166 1741 2203 et
1773 2165 1917 2203 eximia

357 2236 402 2261 ex
427 2223 547 2262 Ennii
572 2224 728 2273 scriptis
755 2224 912 2262 sublata
936 2226 1262 2275 propagarentur.
1290 2223 1464 2269 Quorum
1490 2237 1590 2274 quae
1616 2225 1696 2263 sint
1721 2223 1768 2262 de
1788 2224 1916 2262 Ennio

355 2284 497 2321 merita
522 2283 753 2332 priusquam
773 2296 976 2333 exponam,
1001 2296 1080 2322 non
1100 2283 1240 2322 omitto
1260 2284 1342 2336 clivi
1360 2284 1494 2322 Marci
1513 2284 1717 2332 epistulam
1736 2283 1788 2321 ad
1798 2295 1917 2331 prae-

354 2343 495 2389 fectum
518 2354 636 2395 suum
660 2343 798 2380 afferre
823 2355 847 2380 a
859 2342 1049 2381 Vulcacio
1070 2341 1274 2381 Gallicano
1294 2343 1335 2380 in
1361 2343 1486 2380 vitam
1504 2342 1642 2380 Avidii
1661 2341 1786 2381 Cassii
1799 2337 1858 2395 (5,
1872 2337 1916 2394 7)

356 2403 572 2451 receptam,
604 2402 645 2439 in
678 2414 756 2451 qua
788 2414 876 2440 cum
907 2402 987 2439 alia
1011 2403 1097 2439 tum
1125 2402 1222 2440 haec
1252 2401 1389 2439 scribit
1419 2401 1635 2451 imperator
1663 2412 1784 2449 neque
1815 2402 1916 2439 enim

355 2460 494 2499 milites
523 2462 606 2509 reyi
628 2464 796 2509 possunt
824 2462 904 2499 uisi
933 2463 1054 2499 vetere
1084 2461 1303 2509 disciplina.
1340 2461 1416 2498 scis
1447 2461 1549 2498 enim
1578 2471 1732 2498 versum
1763 2471 1789 2498 a
1819 2459 1915 2497 bono

349 2522 466 2566 poeta
491 2519 634 2558 dictum
659 2522 693 2558 et
717 2520 893 2558 ommibus
917 2520 1201 2568 frequentatum
1233 2516 1419 2557 ‘moribus
1447 2520 1617 2567 antiquis
1648 2529 1709 2556 res
1739 2520 1815 2556 stat
1838 2517 1916 2555 Ro-

356 2590 476 2616 mana
506 2576 689 2627 virisque’
718 2573 826 2631 (ann.
849 2574 953 2631 500)
986 2580 1290 2617 commemorato
1321 2590 1436 2616 versu
1469 2577 1599 2625 Ennii,
1632 2589 1751 2626 quem
1775 2576 1915 2626 proba-

356 2636 435 2675 bile
467 2639 526 2676 est
555 2650 634 2676 non
665 2650 711 2675 ex
736 2637 856 2675 Ennii
887 2637 1094 2675 annalibus
1120 2638 1187 2676 sed
1212 2651 1257 2675 ex
1284 2636 1480 2675 Ciceronis
1506 2636 1553 2674 de
1578 2649 1619 2674 re
1644 2636 1804 2685 publica
1829 2648 1915 2685 per-

357 2697 564 2747 vulgatum
588 2697 718 2734 fuisse.
744 2696 830 2734 Iam
855 2695 906 2734 ad
924 2696 1149 2746 Apuleium,
1175 2697 1238 2735 cui
1264 2697 1456 2745 quantum
1474 2695 1624 2733 Ennius
1645 2695 1786 2733 debeat
1805 2707 1851 2732 ex
1870 2706 1915 2732 eo

357 2755 596 2806 intelligitur
628 2755 733 2804 quod
764 2755 846 2794 eius
878 2755 993 2794 unius
1024 2754 1251 2794 testimonio
1285 2755 1491 2793 didicimus
1521 2754 1693 2791 Ennium
1724 2754 1916 2802 hedypha-

354 2816 477 2862 yetica
502 2815 548 2851 ut
573 2815 630 2852 ait
654 2815 828 2853 versibus
851 2815 1064 2862 scripsisse.
1097 2813 1174 2859 Qui
1199 2827 1244 2852 ex
1276 2826 1321 2852 eo
1354 2812 1537 2861 carmine,
1570 2813 1679 2850 cuius
1710 2814 1916 2861 praeterea

358 2885 471 2910 nemo
501 2873 741 2911 mentionem
766 2873 874 2921 facit,
905 2886 994 2911 cum
1018 2886 1152 2912 versus
1186 2873 1376 2923 quosdam
1407 2885 1503 2921 quos
1534 2872 1724 2909 memoria
1756 2870 1917 2908 tenebat

359 2932 473 2969 affert
499 2927 600 2985 (var.
623 2927 828 2984 34—44)‚
845 2934 933 2970 tum
958 2934 1233 2982 argumentum
1259 2932 1444 2970 carminis
1469 2930 1655 2970 describit
1678 2931 1749 2978 ita,
1773 2931 1819 2967 ut
1838 2929 1914 2967 En-
