2020 3334
712 214 967 251 CAECILIUS.
1006 214 1244 251 PAOUVIUS
1657 216 1775 250 XXIII

211 328 279 377 qui
315 327 412 366 mihi
449 328 522 366 hoc
558 327 729 367 voluisse
766 327 922 366 videtur
959 321 1070 380 (sunt
1107 327 1176 377 qui
1216 327 1335 366 aliter
1370 328 1624 378 interpretati
1662 326 1776 384 sint),

210 386 427 425 Pacuvium
453 387 546 436 quia
571 388 611 425 et
635 388 753 437 poeta
778 388 818 425 et
842 386 971 437 pictor
994 387 1083 435 fuit,
1108 387 1211 425 hanc
1236 388 1363 426 artem
1390 387 1538 426 Romae
1568 388 1773 428 clariorem

209 446 424 485 reddidisse
461 445 569 484 fama
607 459 725 495 quam
762 446 906 484 fabulis
951 447 992 484 in
1037 458 1152 485 scena
1196 445 1295 485 actis
1341 448 1572 485 consecutus
1612 449 1680 487 est.
1720 449 1775 487 Ut

209 506 414 544 mittamus
445 505 654 555 picturam,
686 505 910 556 tragoedias
943 518 1020 554 quo
1052 507 1228 555 tempore
1260 505 1437 544 docuerit
1464 505 1598 545 Cicero
1623 507 1775 547 indicat

209 577 297 602 cum
335 563 472 604 scribit
508 564 550 602 in
587 565 712 603 Bruto
751 559 845 616 (64,
874 559 978 616 229)
1017 565 1194 602 omnibus
1231 576 1307 602 usu
1344 567 1473 603 venire
1512 578 1661 605 neeesse
1697 569 1775 615 fuit

208 625 346 672 quibus
370 625 494 672 paulo
526 625 676 673 lonyior
705 625 787 662 vita
818 625 989 672 contigit,
1027 626 1071 661 ut
1101 626 1135 662 et
1164 635 1251 661 cum
1281 624 1400 661 multo
1431 626 1646 664 maioribus
1676 631 1774 666 natu

207 695 325 731 quam
368 686 490 722 essent
531 685 609 731 ipsi
652 685 686 721 et
727 695 816 721 eum
859 683 1059 730 aliquanto
1102 683 1318 721 minoribus
1359 688 1688 730 compararentur,
1731 690 1775 725 ut

207 741 350 781 Accius
387 743 510 780 isdem
546 742 736 780 aedilibus
768 743 825 780 ait
853 754 893 780 se
928 745 961 780 et
990 743 1207 780 Pacuvium
1244 741 1417 780 docuisse
1453 743 1648 789 fabulam,
1686 758 1773 784 oum

206 802 270 840 ille
301 803 506 850 oetoyinta,
543 803 624 848 ipse
656 802 816 850 triqinta
847 813 971 839 annos
1001 804 1118 839 natus
1156 803 1259 839 esset.
1298 800 1406 845 Quae
1438 801 1600 839 Accium
1629 806 1773 853 putant

204 860 247 898 in
285 859 531 899 didascalicis
573 860 760 909 posuisse.
809 860 922 904 Quod
960 861 993 898 si
1030 862 1106 908 est,
1150 872 1221 897 nec
1258 860 1461 909 probabile
1500 862 1559 899 est
1596 862 1771 912 Accium,

206 921 251 957 ut
289 919 402 968 alibi,
444 919 504 957 ita
541 920 588 957 de
626 932 665 958 se
703 932 869 967 errasse,
910 920 1022 957 nullo
1059 919 1218 969 negotio
1257 919 1462 957 conficitur
1499 920 1595 960 duos
1634 925 1771 971 poetas

204 979 344 1017 iisdem
375 979 478 1017 ludis
503 979 750 1030 tragoediam
778 978 953 1017 docuisse
980 991 1013 1016 a.
1042 979 1126 1016 614
1147 992 1183 1015 u.
1205 991 1254 1015 c.:
1287 991 1330 1016 eo
1358 978 1461 1017 enim
1487 991 1590 1019 anno
1616 981 1771 1032 Accius,

205 1051 319 1087 quem
359 1038 576 1077 certissimo
614 1038 839 1077 testimonio
875 1039 1029 1076 constat
1060 1037 1243 1075 Mancino
1276 1039 1315 1075 et
1347 1037 1514 1077 Serrano
1546 1041 1770 1081 consulibus

205 1092 248 1150 (i.
283 1110 313 1135 e.
347 1110 380 1134 a.
413 1111 449 1135 u.
477 1110 507 1135 c.
537 1092 641 1150 584)
673 1099 811 1135 natum
844 1110 937 1146 esse,
968 1097 1137 1148 triginta
1169 1109 1292 1135 annos
1326 1097 1478 1145 habuit,
1510 1099 1550 1135 et
1574 1099 1769 1139 Pacuvius

205 1156 237 1194 si
269 1156 404 1195 eodem
442 1169 545 1195 anno
578 1157 781 1208 octoginta
813 1156 1002 1204 habebat,
1041 1156 1293 1205 consequitur
1327 1169 1360 1194 a.
1391 1157 1473 1195 534
1506 1158 1644 1195 natum
1676 1171 1767 1198 esse.

204 1215 312 1260 Quae
351 1215 383 1253 si
421 1228 490 1255 suo
528 1229 635 1254 more
675 1215 885 1254 Suetonius
927 1215 1110 1254 Cicerone
1153 1217 1312 1254 auctore
1351 1216 1393 1253 in
1436 1217 1561 1254 vitam
1605 1217 1769 1256 Pacuvii

203 1276 421 1324 receperat,
454 1275 549 1324 quid
580 1275 669 1313 miri
704 1276 809 1325 quod
839 1275 1103 1324 Hieronymus
1136 1287 1170 1312 a.
1203 1288 1238 1312 u.
1274 1275 1359 1313 600
1393 1269 1447 1327 (h.
1481 1275 1585 1313 enim
1616 1279 1702 1315 erat
1733 1291 1766 1316 a.

202 1333 295 1371 Abr.
327 1330 458 1388 1863)
485 1334 703 1373 Pacuvium
735 1335 1025 1383 trayoediarum
1054 1336 1279 1381 scriptorem
1310 1334 1461 1372 clarum
1489 1335 1663 1373 habitum
1689 1349 1767 1375 esse

202 1394 372 1431 testatus
405 1396 473 1432 est.
505 1394 671 1432 Accedit
697 1395 875 1431 alterum.
915 1392 1064 1432 Gellius
1091 1388 1146 1446 (n.
1173 1393 1220 1430 A.
1248 1405 1321 1430 xm
1348 1394 1386 1441 2,
1410 1388 1453 1445 1)
1480 1393 1617 1432 scribit
1642 1395 1766 1433 Pacu-

201 1453 313 1490 vium
344 1453 485 1502 grandi
523 1454 652 1491 aetate
688 1453 813 1491 Roma
846 1453 1060 1490 Tarentum
1098 1453 1333 1490 concessisse
1371 1454 1410 1490 et
1442 1452 1605 1490 Accium
1640 1455 1765 1493 multo

202 1511 396 1550 iuniorem
426 1511 737 1561 proficiscentem
762 1514 803 1550 in
829 1512 968 1550 Asiam
994 1512 1157 1550 Tarenti
1186 1510 1290 1560 apud
1316 1511 1533 1549 Pacuvium
1560 1513 1765 1552 divertisse

202 1572 315 1619 eique
354 1571 600 1621 tragoediam
630 1571 797 1610 Atreum
834 1572 1019 1610 recitasse
1057 1573 1097 1609 et
1135 1582 1234 1620 quae
1267 1570 1314 1608 de
1346 1583 1392 1608 ea
1424 1570 1560 1609 fabula
1590 1572 1694 1610 inter
1726 1586 1765 1611 se

201 1630 479 1679 disputassent.
523 1631 703 1680 Apparet
742 1631 846 1669 hunc
883 1642 1132 1681 congressum
1170 1629 1337 1667 duorum
1374 1632 1581 1679 poetarum
1620 1631 1764 1669 Taren-

200 1690 329 1727 tinum
354 1691 611 1738 posteriorem
638 1702 719 1728 esse
746 1702 848 1728 anno
871 1691 954 1728 614
982 1703 1059 1739 quo
1079 1690 1227 1728 Romae
1247 1689 1362 1726 ambo
1383 1689 1628 1740 tragoediam
1649 1690 1764 1729 docu-

201 1750 326 1797 erunt,
359 1749 426 1787 sed
451 1762 530 1787 non
555 1750 681 1788 multo
707 1751 975 1798 posteriorem,
1008 1750 1195 1798 quoniam
1220 1748 1416 1786 Pacuvius
1441 1750 1523 1786 iam
1548 1750 1633 1786 tum
1659 1752 1762 1789 octo-

200 1809 395 1859 gesimum
427 1821 574 1846 annum
606 1808 749 1859 agebat
780 1810 819 1847 et
845 1809 1008 1847 Tarenti
1031 1820 1153 1858 prope
1184 1809 1474 1858 nonagenarius
1500 1810 1600 1846 teste
1625 1808 1762 1847 Hiero-

200 1879 319 1917 nymo
351 1867 459 1905 obiit.
500 1867 607 1912 Quae
639 1868 742 1906 unde
774 1868 931 1906 duxerit
963 1867 1112 1906 Gellius
1150 1868 1453 1916 incompertum:
1492 1868 1669 1917 loquitur
1705 1870 1763 1906 ita

199 1928 338 1975 quibus
368 1929 488 1965 otium
519 1931 552 1966 et
581 1928 754 1965 studium
784 1929 863 1975 fuit
891 1929 991 1966 vitas
1023 1930 1135 1975 atque
1166 1929 1307 1965 aetates
1339 1926 1534 1964 doctorum
1565 1927 1763 1965 hominum

199 1998 381 2034 quaerere
401 1999 446 2024 ae
464 1989 670 2025 memoriae
689 1987 851 2031 tradere,
871 1987 917 2025 de
935 1988 993 2024 M.
1006 1987 1176 2025 Pacuvio
1190 1988 1223 2024 et
1236 1986 1284 2023 L.
1296 1984 1414 2023 Accio
1427 1986 1629 2024 historiam
1642 1988 1762 2034 scrip-

196 2049 330 2083 serunt
360 2046 591 2084 huiusmodi.
632 2045 708 2084 Sed
739 2046 835 2084 haec
867 2046 1025 2083 aliunde
1056 2046 1184 2094 petita
1217 2044 1427 2082 Suetonius
1453 2044 1560 2083 Viris
1592 2044 1759 2083 Illustri-

198 2105 269 2143 bus
301 2104 483 2143 adhibuit
514 2107 556 2143 in
589 2107 671 2143 vita
702 2105 867 2143 Pacuvii
898 2105 961 2143 vel
986 2104 1098 2143 Accii
1126 2104 1188 2142 vel
1213 2105 1255 2143 in
1282 2103 1481 2141 ambabus.
1515 2103 1642 2147 Quare
1667 2104 1760 2141 Hie-

198 2176 385 2213 ronymus
405 2165 447 2202 in
466 2164 577 2203 Accii
596 2165 787 2202 memoria
804 2165 901 2202 haec
922 2164 1035 2202 affert
1052 2165 1136 2202 seni
1153 2164 1235 2201 iam
1247 2163 1417 2201 Pacuvio
1441 2163 1599 2200 Tarenti
1615 2165 1761 2210 ,εον-ΨΜ

196 2235 271 2262 sua
296 2225 481 2268 recitavit,
514 2223 560 2262 de
587 2223 759 2261 Pacuvio
784 2223 880 2261 haec
906 2223 1046 2261 saltem
1071 2222 1226 2260 tandem
1254 2222 1464 2259 Tarentum
1495 2224 1759 2270 transqressus

190 2294 314 2330 prope
332 2284 622 2331 nonayenarius
642 2283 742 2321 diem
761 2283 864 2320 obiit.
889 2281 996 2320 Haec
1017 2282 1085 2331 qui
1105 2281 1421 2328 consideraverit,
1442 2282 1481 2318 et
1500 2280 1548 2319 ob
1569 2293 1655 2319 eam
1669 2294 1758 2320 cau-

198 2354 282 2380 sam
302 2342 531 2391 exponenda
550 2341 654 2390 duxi,
679 2342 877 2392 intelliget
901 2354 1043 2390 parum
1063 2340 1247 2379 credibile
1274 2352 1367 2388 esse,
1393 2339 1622 2388 Pacuvium,
1647 2342 1757 2379 cuius

197 2401 399 2451 ingenium
422 2402 583 2438 minime
603 2401 712 2439 ferax
732 2402 817 2438 erat
836 2400 1140 2451 tragoediarum,
1165 2400 1256 2438 vivo
1278 2399 1405 2437 Ennio
1425 2399 1585 2437 initium
1604 2401 1757 2450 tragoe-

197 2460 352 2497 diarum
379 2460 642 2499 docendarum
667 2461 823 2508 fecisse3
850 2460 919 2509 qui
943 2460 1042 2496 mihi
1060 2459 1218 2497 videtur
1242 2459 1387 2496 multos
1414 2470 1536 2496 annos
1561 2459 1757 2508 picturam

197 2520 413 2558 exercuisse
445 2522 485 2557 et
515 2531 701 2568 pei-senex
734 2531 774 2557 se
806 2519 856 2557 ad
886 2518 1110 2569 tragoedias
1142 2517 1428 2568 componendas
1460 2517 1619 2556 dedisse.

314 2578 563 2627 Discipulum
596 2580 730 2616 autem
761 2578 898 2626 Ennii,
936 2579 981 2615 ut
1011 2579 1092 2615 iam
1125 2577 1175 2616 ad
1207 2577 1372 2615 alteram
1402 2577 1557 2626 partem
1588 2577 1754 2625 veniam,

197 2637 295 2675 dicit
325 2638 542 2676 Pacuvium
574 2639 818 2688 epigramma
849 2650 873 2674 a
903 2637 1032 2675 Nonio
1064 2637 1251 2675 Marcello
1282 2650 1319 2685 p.
1348 2636 1414 2683 88,
1436 2636 1461 2673 4
1495 2649 1539 2673 ex
1565 2635 1754 2673 Varronis

197 2698 332 2735 satura
354 2693 471 2743 ’Όνος
502 2696 621 2748 λύρας
652 2697 844 2734 traditum
878 2692 980 2747 (356
991 2691 1056 2749 B.)

478 2757 599 2794 Pacvi
630 2756 844 2803 discipulus
875 2756 992 2799 dicor,
1017 2766 1139 2803 porro
1169 2756 1204 2792 is
1234 2755 1312 2802 fuit
1341 2754 1463 2797 Enni,

538 2815 696 2853 Ennius
727 2815 953 2859 Musarum,
983 2815 1199 2862 Pompilius
1230 2814 1367 2852 elueor.

195 2872 271 2911 Hic
302 2874 520 2922 Pompilius
557 2874 711 2912 idemne
749 2874 869 2911 fuerit
906 2886 994 2911 cum
1032 2886 1076 2911 eo
1115 2874 1184 2922 qui
1222 2885 1245 2910 a
1269 2872 1446 2909 Varrone
1483 2865 1549 2921 (de
1575 2869 1600 2906 l.
1626 2868 1668 2906 L.
1695 2881 1752 2907 vn

198 2926 271 2984 93)
303 2932 448 2970 dicitur
478 2932 600 2981 Apud
630 2933 885 2980 Pompilium:
920 2933 994 2971 heu
1030 2945 1107 2981 qua
1144 2943 1203 2970 me
1239 2942 1376 2975 eausa,
1407 2931 1582 2977 fortuna,
1617 2929 1751 2976 infeste

1709 3075 1713 3102 1
