2004 3278
552 170 888 207 EKKEHARTUS.
927 171 1058 207 EDEN
1059 172 1110 208 DI
1134 172 1286 208 INITIA
1554 173 1700 209 CXXXI

138 296 211 333 pro
235 283 383 321 indicio
403 282 525 321 Ennii
551 283 674 321 etiam
698 285 784 321 tum
809 285 960 335 cogniti
984 284 1122 324 haberi
1146 297 1225 324 non
1249 286 1397 335 potest3
1424 285 1492 324 sed
1510 298 1635 336 nuper
1658 286 1702 323 in

139 343 366 393 pavimento
380 342 570 380 Africano
592 336 708 394 (mus.
722 342 839 381 Bard.
854 356 890 382 n.
908 337 1012 397 166)
1027 357 1116 382 011111
1129 344 1219 383 aliis
1229 344 1406 383 versibus
1420 346 1595 383 veterum
1609 357 1701 395 poe-

138 403 271 440 tarum
289 400 339 439 ad
351 402 514 439 navium
527 401 704 451 picturas
716 402 1007 450 pertinentibus
1020 416 1120 442 unus
1135 404 1239 442 certe
1251 404 1455 443 Ennianus
1470 399 1578 457 (ann.
1595 398 1699 457 478)

140 461 361 511 comparuit
379 473 458 499 non
482 461 643 511 ignotus
669 460 735 498 sed
762 460 859 498 alibi
884 461 1067 510 traditus,
1093 462 1140 500 de
1167 475 1243 512 quo
1267 462 1358 500 vide
1385 475 1485 512 quae
1514 463 1702 501 adnotavi

139 514 206 572 (cf.
226 520 328 559 arch.
348 518 448 559 Anz.
472 520 583 557 1898
604 533 642 569 p.
665 514 780 572 118).
807 519 987 569 Denique
1013 533 1061 558 ne
1086 521 1160 558 hoc
1186 521 1344 570 quidem
1369 521 1418 559 ab
1444 522 1516 559 hac
1534 522 1701 560 historia

139 579 260 617 Ennii
286 578 420 618 abesse
445 579 555 617 volui
581 578 686 628 quod
710 591 790 616 non
814 579 874 616 ita
892 579 1045 628 pridem
1064 580 1106 617 in
1127 592 1242 629 opere
1261 581 1414 618 musivo
1436 581 1616 619 Treveris
1636 581 1700 619 de-

138 639 243 677 tecto
268 639 374 676 inter
404 639 582 677 veterum
614 638 850 687 scriptorum
882 639 1057 687 picturas
1082 638 1204 676 Ennii
1234 639 1366 689 imago
1395 640 1594 688 patefacta
1625 642 1701 678 est:

138 697 230 736 vide
264 698 542 737 Westdeutsche
567 696 748 735 Zeilsehr.
769 709 795 734 x
816 691 970 750 (1891)
991 710 1028 747 p.
1051 698 1133 735 248
1146 710 1229 747 sqq.
1262 697 1320 736 De
1351 710 1428 747 qua
1461 711 1560 747 quae
1590 712 1700 748 prae-

141 759 249 795 terea
275 757 454 807 exposita
477 756 562 795 vidi
587 757 740 794 omitto.

256 875 440 914 Vidimus
465 888 544 925 qua
562 875 629 914 via
648 874 742 914 libri
762 875 936 914 Enniani
955 875 1152 925 paulatim
1170 876 1216 913 ut
1237 875 1335 914 folia
1353 875 1493 914 florum
1514 876 1702 927 discerpti

139 935 220 973 sint
245 936 285 973 et
311 948 479 984 quorum
504 935 742 984 scriptorum
766 934 955 973 beneficio
983 934 1177 984 quidquid
1203 947 1337 973 eorum
1361 937 1538 985 superest
1561 936 1611 974 ad
1629 948 1701 974 nos

138 996 404 1045 propagatum
429 995 492 1033 sit.
518 994 634 1032 Nunc
660 1007 684 1032 a
708 1006 810 1032 novo
835 995 1033 1044 principio
1059 993 1290 1032 ordiendum
1317 996 1376 1032 est
1400 996 1445 1031 ut
1473 995 1702 1033 ostendatur

139 1066 307 1103 quorum
339 1053 479 1092 studiis
510 1054 660 1092 factum
692 1055 744 1092 sit
774 1055 820 1091 ut
853 1066 953 1103 quae
985 1053 1183 1102 discerpta
1215 1055 1328 1091 erant
1354 1054 1397 1090 in
1422 1067 1544 1091 unum
1567 1067 1701 1093 rursus

139 1113 304 1151 collecta
329 1113 379 1151 ad
404 1113 658 1152 simulacrum
685 1113 883 1162 quoddam
907 1113 1152 1163 integritatis
1177 1113 1466 1150 revocarentur.
1501 1111 1619 1151 Cuius
1644 1114 1703 1151 rei

138 1172 338 1210 laudabile
360 1173 521 1210 initium
540 1172 678 1211 fecisse
698 1173 854 1211 constat
874 1171 1107 1222 Stephanos,
1127 1172 1344 1210 Robertum
1362 1173 1517 1221 patrem
1538 1174 1577 1209 et
1595 1171 1701 1210 Hen-

138 1232 263 1269 rieum
282 1231 420 1281 filium,
445 1233 514 1281 qui
534 1232 691 1281 quidem
711 1245 823 1271 suam
843 1244 1003 1282 operam
1029 1244 1109 1269 non
1128 1231 1301 1269 Ennium
1326 1232 1483 1269 tantum
1503 1232 1702 1270 continere

139 1290 206 1329 sed
226 1291 442 1329 multorum
458 1293 666 1340 poetarum
684 1293 861 1330 veterum
875 1291 1112 1329 Latinorum
1130 1291 1320 1340 reliquias
1341 1291 1550 1340 complecti
1568 1291 1701 1329 volue-

139 1351 243 1388 runt.
264 1350 406 1400 Itaque
420 1363 453 1388 a.
471 1351 584 1388 1564
604 1350 751 1388 librum
770 1350 978 1389 ediderunt
997 1351 1061 1388 cui
1079 1350 1183 1388 hunc
1201 1350 1371 1388 indicem
1384 1350 1561 1388 fecerunt
1573 1350 1701 1399 Γναθ-

137 1412 266 1448 menta
283 1413 491 1458 poetarum
514 1412 683 1448 veterum
708 1410 945 1448 Latinorum
969 1421 1133 1458 quorwm
1158 1421 1276 1458 opera
1299 1420 1379 1447 non
1404 1411 1551 1447 extant:
1575 1409 1702 1448 Ennii

137 1469 302 1507 Pacuvii
325 1468 438 1508 Accii
462 1468 629 1518 Afranii
653 1469 804 1508 Lucilii
821 1469 966 1508 Naevii
984 1469 1148 1507 Laberii
1170 1468 1328 1508 Caecilii
1347 1469 1586 1516 aliorumque
1603 1469 1702 1506 mul-

138 1530 274 1566 torum.
309 1529 486 1577 Undique
511 1541 536 1567 a
555 1529 651 1566 Rob.
670 1527 863 1577 Stephano
882 1541 1037 1567 summa
1056 1529 1257 1577 diliyentia
1277 1528 1368 1566 olim
1387 1530 1573 1576 conyesta,
1597 1539 1702 1566 nunc

138 1590 266 1625 antem
291 1588 339 1626 ab
359 1588 530 1626 Henrioo
549 1587 741 1636 Stephano
767 1589 849 1627 eius
873 1588 955 1635 silio
981 1588 1128 1637 diyesta
1154 1590 1188 1627 et
1199 1589 1426 1636 priscarum
1445 1599 1542 1635 qaae
1560 1588 1603 1625 in
1622 1587 1701 1625 illis

136 1649 228 1685 siml
250 1658 386 1685 vocam
411 1648 641 1695 expositione
665 1648 874 1692 illustrata,
900 1647 1045 1686 additis
1071 1649 1186 1686 etiam
1212 1647 1356 1685 alicubi
1379 1646 1553 1685 versibus
1580 1645 1702 1685 Grae-

140 1706 195 1743 cis
225 1717 318 1754 quos
349 1707 663 1756 interpretantur.
702 1706 856 1745 Horum
886 1707 1012 1758 igitur
1044 1719 1142 1756 quos
1173 1706 1353 1744 indicant
1384 1707 1423 1743 et
1455 1705 1702 1755 quorundam

139 1765 309 1803 aliorum
340 1767 548 1815 poetarum
579 1779 659 1804 non
690 1766 843 1804 ratione
874 1767 1098 1816 temporum
1129 1766 1197 1804 sed
1222 1766 1446 1803 litterarum
1473 1766 1572 1803 serie
1598 1765 1701 1803 ordi-

138 1826 323 1863 natorum
354 1837 489 1864 versus
522 1827 753 1875 superstites
785 1825 998 1864 secundum
1030 1826 1250 1863 carminum
1282 1836 1426 1875 genera
1458 1825 1498 1861 et
1522 1823 1590 1862 ubi
1615 1823 1701 1862 fieri

137 1885 268 1934 potest
287 1884 409 1923 libros
430 1886 648 1922 carminum
666 1886 881 1934 recensent,
907 1885 1138 1934 plerumque
1157 1884 1319 1923 testium
1338 1883 1469 1922 verbis
1490 1884 1559 1932 qui
1577 1883 1700 1921 tradi-

137 1942 279 1981 derunt
311 1943 485 1993 adiectis,
517 1945 562 1981 ut
588 1946 689 1983 esset
715 1945 819 1994 quod
845 1944 1080 1982 declarando
1107 1945 1238 1982 sensui
1265 1944 1334 1981 aut
1362 1943 1534 1981 orationi
1565 1943 1699 1991 poeta-

136 2003 268 2041 tarum
292 2003 511 2042 inserviret.
537 2003 660 2042 Initia
685 2003 781 2042 haec
807 2005 920 2042 erant
944 2004 1082 2053 paucis
1102 2004 1300 2050 contenta,
1326 2003 1366 2040 et
1383 2003 1528 2049 tamen,
1555 2001 1601 2038 de
1621 2000 1700 2038 En-

137 2061 203 2100 nio
229 2063 274 2100 ut
299 2062 440 2108 dicam,
465 2063 529 2101 vel
555 2076 600 2100 ex
625 2063 686 2102 his
706 2063 835 2101 obiter
853 2062 1028 2100 collectis
1049 2063 1088 2099 et
1107 2062 1318 2100 illustratis
1338 2060 1512 2110 intelligi
1530 2061 1700 2109 poterat,

138 2122 288 2170 quanta
319 2134 411 2171 pars
444 2123 692 2172 egregiorum
722 2134 919 2169 versuum,
952 2121 1238 2170 dactylicorum
1264 2122 1303 2157 et
1331 2120 1584 2167 scenicorum,
1617 2120 1699 2157 sive

137 2180 402 2231 singularium
427 2182 509 2219 sive
540 2180 802 2230 complurium
828 2181 1116 2227 continuorum,
1143 2178 1284 2228 quibus
1310 2178 1426 2216 huius
1452 2179 1592 2227 poetae
1620 2179 1699 2216 vir-

136 2241 200 2277 tus
228 2241 267 2277 et
293 2239 513 2289 amplitudo
538 2240 669 2278 taxari
687 2241 831 2289 posset,
857 2251 903 2276 ex
923 2251 1068 2289 magna
1087 2239 1203 2276 ruina
1222 2238 1459 2287 suppeteret,
1484 2237 1587 2275 unde
1611 2249 1698 2286 spes

138 2298 377 2337 excitaretur
400 2299 484 2337 fore
509 2300 555 2336 ut
581 2311 682 2348 quae
707 2300 768 2336 tot
793 2299 920 2348 poetis
956 2297 1074 2335 simul
1105 2298 1310 2347 impertita
1341 2297 1443 2335 esset
1468 2308 1587 2345 opera
1618 2297 1699 2334 iam

136 2357 178 2395 in
203 2358 379 2408 singulos
404 2359 553 2396 maiore
580 2371 670 2395 cum
698 2358 945 2396 contentione
970 2356 1275 2406 impenderetur.
1300 2355 1359 2394 Ac
1384 2355 1431 2393 de
1457 2355 1585 2393 Ennio
1612 2356 1697 2405 qui-

137 2416 226 2455 dem
255 2418 408 2467 primus
440 2419 531 2467 post
557 2416 778 2467 Stephanos
809 2416 1008 2466 praeclare
1040 2416 1186 2454 meruit
1210 2415 1474 2464 Hieronymus
1508 2413 1699 2452 Columna

137 2475 242 2514 edito
274 2476 375 2515 libro
409 2477 472 2514 cui
502 2477 704 2526 inscripsit
731 2476 772 2525 Q.
793 2476 919 2514 Ennii
937 2478 1074 2524 poetae
1097 2476 1345 2513 vetustissimi
1370 2485 1468 2522 qnae
1492 2476 1700 2521 supersunt

134 2535 355 2584 fraymenta
379 2537 428 2574 ab
447 2536 686 2585 Hieronymo
709 2534 899 2574 Columna
923 2535 1138 2583 conquisita
1163 2534 1350 2582 disposita
1376 2536 1409 2571 et
1433 2533 1622 2581 explicata
1647 2532 1699 2571 ad

134 2593 325 2633 Ioannem
354 2595 493 2643 filium.
519 2595 687 2644 Neapoli
715 2595 839 2633 1590.
873 2593 958 2639 Quo
984 2593 1097 2643 libro,
1130 2606 1247 2643 quem
1272 2594 1363 2643 post
1386 2593 1513 2642 patris
1544 2591 1698 2630 obitum

136 2652 241 2692 filius
267 2654 331 2692 cui
356 2653 509 2693 dicatus
536 2656 622 2692 erat
647 2654 841 2692 edendum
867 2654 1031 2701 curavit,
1056 2654 1098 2691 in
1124 2654 1314 2702 quattuor
1338 2654 1465 2689 tomos
1490 2650 1696 2699 dispertito

136 2713 352 2762 praemissa
382 2714 467 2752 vita
497 2713 618 2751 Ennii
651 2713 870 2761 annalium,
904 2712 1104 2750 variorum
1143 2713 1389 2762 poematum,
1426 2711 1470 2747 ut
1503 2708 1696 2758 Scipionis

135 2771 364 2821 Epicharmi
396 2772 576 2822 aliorum,
608 2772 917 2822 tragoediarum,
949 2771 1117 2820 denique
1143 2770 1354 2808 Euhemeri
1386 2770 1424 2806 et
1455 2769 1695 2805 incertorum

136 2829 327 2869 librorum
358 2831 546 2881 reliquias
579 2832 791 2881 diligenter
822 2831 1006 2869 collectas
1039 2832 1078 2867 et
1108 2828 1305 2879 probabili
1336 2828 1490 2866 ratione
1522 2826 1695 2876 digestas

136 2890 267 2940 amplo
293 2891 332 2928 et
358 2891 512 2929 erudito
539 2891 839 2940 commentario,
865 2890 911 2927 ut
936 2891 1021 2928 erat
1045 2889 1162 2928 homo
1189 2886 1348 2926 Graecis
1372 2885 1603 2934 Latinisque
1629 2884 1694 2921 lit-

1448 2950 1485 2985 i*

1760 2981 1764 3004 l
