2004 3278
708 153 967 189 ANNALIUM
991 153 1078 189 LIB.
1098 153 1150 189 IX
1607 153 1714 189 CXCI

155 266 267 304 1886
290 280 326 316 p.
350 266 415 304 15.
442 264 550 311 Quae
570 268 775 316 praeterea
793 266 856 305 illi
875 267 1094 305 sententiae
1114 266 1315 305 adversari
1328 267 1582 317 putaverunt,
1601 266 1718 305 nihili

152 327 244 363 sunt
269 338 339 364 nec
365 326 462 364 satis
488 325 609 376 digna
635 339 735 375 quae
760 326 994 364 refutentur.
1023 326 1151 371 Quare
1178 339 1249 376 ego
1278 327 1392 365 teneo
1417 327 1491 364 1100
1523 339 1611 365 011111
1636 326 1716 365 Me-

150 385 239 423 rula
263 384 359 422 belli
384 384 639 423 Hannibalici
663 385 780 423 finem
805 386 847 422 in
872 386 945 423 hoc
970 385 1071 423 libro
1097 386 1229 424 fuisse.

245 444 366 482 Initio
380 444 472 482 libri
486 444 688 494 collocavi,
700 446 763 483 cui
770 443 997 483 testimonio
1006 444 1242 492 vindicatur,
1250 457 1407 483 versum
1414 446 1593 483 Fortuna
1601 446 1717 483 varia

150 503 293 542 validis
318 515 405 541 eam
423 505 573 542 viribus
592 504 740 543 lactant
759 498 824 557 (1),
845 505 915 552 qui
935 505 989 541 sic
1009 503 1239 541 emendatus
1259 505 1304 541 ut
1324 504 1609 542 emendandum
1630 516 1714 542 cen-

150 563 222 611 sui,
249 562 579 612 quemadmodum
605 563 652 601 de
677 565 762 601 toto
787 563 892 600 bello
914 562 1178 600 Hannibalico
1199 558 1264 616 (cf.
1285 562 1422 601 Livius
1443 576 1513 601 XXI
1536 566 1570 612 1,
1589 558 1632 616 2)
1660 565 1716 602 sic

150 621 197 659 de
223 635 268 660 ea
294 624 407 672 parte
435 636 534 671 quae
562 623 716 671 reliqua
743 624 802 660 est
826 623 931 660 recte
958 623 997 659 et
1023 624 1115 671 apte
1141 622 1270 660 efferri
1289 623 1462 671 poterat:
1490 624 1632 661 certius
1654 635 1714 661 oc-

151 682 347 720 casionem
373 681 533 719 definire
559 682 659 720 velle
684 682 863 731 ineptum
889 683 958 719 est.
990 680 1053 718 Fr.
1073 694 1104 718 11
1128 693 1206 719 non
1231 681 1545 731 improbabiliter
1563 682 1717 720 Merula

148 741 222 778 11οο
246 741 332 778 1000
359 742 503 790 posuit,
531 742 720 789 quoniam
745 740 905 779 Livium
932 739 1194 778 Salinatorem
1223 753 1255 778 a.
1276 754 1312 778 u.
1335 753 1365 778 c.
1389 741 1469 778 547
1499 741 1545 778 de
1572 740 1715 779 Poenis

150 802 268 848 atque
294 799 541 838 Hasdrubale
566 800 814 849 triumphum
834 800 959 850 egisse
979 799 1167 837 Patavini
1187 799 1294 837 Livii
1312 801 1538 838 testimonio
1560 802 1715 839 constat

149 871 279 897 xxvn1
301 860 338 907 9,
360 861 395 897 9.
421 861 486 907 10,
514 861 553 897 et
579 861 649 908 qui
675 859 771 897 haec
798 858 847 896 ad
873 871 934 897 res
956 859 1183 908 Illyriorum
1202 859 1341 897 referri
1360 859 1480 908 iubet,
1508 873 1553 897 ex
1574 859 1715 908 quibus

148 918 285 957 Livius
311 918 557 967 triumphum
578 919 703 969 egerit
726 931 759 956 a.
782 918 879 967 535,
905 930 983 956 non
1003 931 1081 955 uno
1101 919 1258 956 nomine
1278 918 1400 956 falsus
1421 918 1595 966 videtur,
1623 931 1715 956 nam

150 977 254 1026 quod
279 978 354 1016 iste
379 990 514 1016 versus
533 977 693 1016 Livium
719 978 908 1027 appellat,
934 990 1012 1015 non
1033 978 1287 1026 consequitur
1309 976 1347 1015 O.
1370 976 1579 1015 Claudium
1599 979 1715 1016 omis-

148 1049 235 1074 sum
260 1037 391 1086 fuisse,
418 1039 458 1075 et
481 1039 614 1075 tamen
640 1037 861 1087 triumphos
889 1036 1093 1074 amborum
1120 1037 1324 1075 consulum
1349 1049 1427 1074 non
1454 1038 1572 1087 plane
1599 1049 1714 1086 pares

148 1096 214 1134 sed
238 1095 346 1135 Livii
370 1098 565 1146 potiorem
590 1097 711 1135 fuisse
737 1096 875 1134 Livius
906 1098 942 1144 9,
965 1097 1054 1145 9sq.
1081 1096 1222 1146 tradit,
1252 1096 1299 1134 de
1325 1096 1553 1145 Illyriorum
1580 1098 1715 1134 autem

146 1154 261 1194 rebus
283 1155 455 1194 Zonaras
483 1156 641 1205 quidem
666 1168 741 1195 v111
763 1157 817 1194 20
838 1170 874 1206 p.
899 1157 982 1193 174
1009 1157 1179 1193 testatur
1204 1155 1381 1193 consules
1409 1169 1441 1194 a.
1471 1156 1553 1193 535
1581 1155 1713 1194 Aemi-

147 1214 245 1251 lium
270 1214 440 1252 Paulum
466 1216 505 1253 et
529 1215 580 1252 M.
601 1214 760 1253 Livium
786 1215 921 1253 ambos
948 1227 1012 1253 eas
1038 1215 1208 1253 feliciter
1233 1216 1411 1266 gessisse,
1440 1215 1487 1253 de
1512 1215 1713 1265 triumpho

145 1273 257 1323 nihil,
283 1273 472 1324 Polybius
500 1287 593 1313 vero
619 1275 678 1312 ita
698 1274 835 1313 scribit
854 1287 901 1312 111
924 1276 990 1323 19,
1014 1276 1065 1311 12
1090 1271 1108 1311 ὁ
1131 1271 1171 1312 δὲ
1192 1272 1403 1326 στρατηγὸς
1424 1279 1500 1312 τῶν
1515 1270 1714 1325 Ῥωμαίων

145 1332 373 1384 Αἰμίλιος
403 1332 476 1384 τὴν
508 1331 579 1384 μὲν
615 1333 750 1386 Φάρον
782 1331 932 1380 εὐθέως
963 1332 1003 1380 ἐξ
1034 1331 1183 1383 ἐφόδου
1217 1331 1456 1384 παραλαβὼν
1481 1331 1712 1384 κατέσκαψε,

146 1397 214 1443 τῆς
241 1389 282 1430 δὲ
307 1395 445 1444 λοιπῆς
466 1390 678 1445 Ἰλλυρίδος
703 1391 888 1445 ἐγκρατὴς
915 1391 1124 1445 γενόμενος
1149 1391 1213 1430 καὶ
1244 1392 1372 1430 πάντα
1404 1392 1585 1439 διατάξας
1617 1391 1714 1430 κατὰ

146 1449 218 1501 τὴν
245 1450 366 1490 αὑτοῦ
392 1452 631 1504 προαίρεσιν,
664 1450 756 1503 μετὰ
787 1458 908 1491 ταῦτα
940 1452 1136 1504 ληγούσης
1161 1449 1245 1502 [ἤδη
1278 1457 1344 1502 τῆς
1375 1451 1532 1503 θερείας
1562 1451 1617 1498 εἰς
1642 1450 1713 1502 τὴν

141 1507 292 1562 Ῥώμην
317 1509 543 1562 ἐπανῆλθεν
568 1510 633 1550 καὶ
658 1510 730 1562 τὴν
756 1510 910 1550 εἴσοδον
942 1510 1149 1561 ἐποιήσατο
1185 1509 1277 1562 μετὰ
1313 1510 1515 1563 θριάμβου
1549 1509 1614 1549 καὶ
1646 1516 1714 1562 τῆς

146 1567 301 1620 ἁπάσης
327 1569 506 1617 εὐδοξίας
530 1574 608 1610 κτλ.
639 1571 931 1609 Freinshemius
957 1570 1059 1608 unde
1085 1571 1246 1620 petierit
1276 1570 1380 1619 quod
1406 1570 1544 1608 scribit
1570 1565 1614 1622 (X
1637 1566 1711 1623 63)

146 1632 180 1667 et
203 1630 263 1667 M.
283 1630 446 1668 Liviam
472 1642 516 1669 ea:
542 1642 581 1668 eo
608 1631 701 1669 bello
727 1631 986 1678 triumphasse
1011 1631 1180 1678 reperio:
1197 1630 1335 1678 plures
1360 1632 1488 1668 tamen
1510 1631 1714 1677 scriptores

144 1690 246 1727 himo
263 1691 514 1737 praetereant
537 1691 680 1728 nescio.
707 1689 846 1739 Itaque
871 1690 944 1727 hoc
970 1690 1236 1739 fragmentum
1262 1702 1305 1727 eo
1333 1689 1417 1727 loco
1444 1689 1635 1737 relinquo,
1669 1690 1711 1726 in

147 1761 224 1797 quo
251 1748 346 1786 olim
372 1749 618 1797 collocaram,
650 1751 770 1798 atque
795 1750 854 1787 ita
883 1749 1021 1798 sentio,
1053 1749 1144 1787 inde
1178 1749 1226 1786 ab
1252 1748 1514 1786 Hasdrubalis
1547 1749 1714 1786 interitu

147 1809 339 1846 extremas
367 1820 427 1846 res
459 1808 555 1846 belli
582 1808 918 1859 Carthaginiensis
952 1807 1113 1846 secundi
1143 1808 1216 1845 hoc
1248 1808 1349 1845 libro
1383 1809 1586 1845 enarratas
1619 1820 1712 1845 esse.

147 1865 222 1904 Sed
249 1867 296 1904 de
323 1868 460 1905 ceteris
485 1868 665 1918 reliquiis
690 1868 764 1906 hoc
789 1880 922 1906 rursus
949 1867 1266 1918 perincommode
1293 1867 1447 1916 accidit,
1482 1867 1586 1916 quod
1611 1867 1712 1904 mul-

146 1928 210 1965 tae
237 1939 372 1964 earum
399 1940 499 1976 quae
524 1927 642 1972 huius
669 1927 762 1965 libri
787 1928 923 1965 notam
948 1940 1042 1976 prae
1069 1939 1109 1965 se
1135 1927 1268 1964 ferunt
1294 1926 1344 1964 ad
1368 1938 1430 1964 res
1457 1928 1583 1964 certas
1603 1938 1712 1964 revo-

146 1986 228 2023 cari
253 1998 330 2023 non
357 1988 530 2036 possunt.
559 1986 635 2025 Sed
661 1987 895 2025 verisimilia
921 1988 1122 2035 sequimur
1147 1987 1186 2023 et
1212 1998 1312 2034 quae
1332 1985 1418 2023 fieri
1437 1986 1612 2034 potuisse
1632 1997 1711 2022 non

145 2045 373 2083 incredibile
397 2048 466 2084 est.
493 2046 633 2095 Itaque
653 2058 699 2083 111
719 2046 925 2094 Europam
950 2046 1193 2094 Libyamque
1211 2057 1340 2092 rapam
1358 2045 1425 2082 abi
1444 2045 1585 2082 dividit
1602 2044 1711 2082 unda

146 2098 213 2156 (cf.
233 2104 328 2142 Hor.
349 2117 379 2142 0.
400 2117 446 2142 111
467 2106 504 2153 3,
526 2106 579 2142 46
607 2117 684 2152 qua
708 2105 858 2143 medias
878 2105 1005 2152 liquor
1028 2106 1190 2143 secernit
1208 2104 1395 2151 Europen
1421 2104 1469 2141 ab
1489 2097 1610 2155 Afro)
1633 2103 1710 2140 En-

145 2163 307 2200 nianum
332 2163 475 2202 habere
501 2166 541 2201 et
566 2164 612 2201 de
637 2164 738 2201 freto
764 2162 959 2201 Gaditano
986 2164 1240 2212 interpretari
1270 2174 1432 2213 pergam
1465 2175 1552 2200 cum
1577 2161 1711 2212 Hugio

146 2221 272 2260 Laelii
298 2235 473 2272 pugnam
499 2223 681 2261 navalem
707 2235 740 2260 a.
761 2236 796 2260 u.
819 2235 849 2260 c.
873 2223 955 2260 548
982 2223 1024 2259 in
1044 2223 1130 2272 ipso
1150 2222 1290 2272 rapido
1311 2222 1411 2259 freto
1432 2223 1477 2259 ut
1497 2222 1555 2259 ait
1573 2221 1710 2259 Livius

146 2276 294 2334 (xxvm
315 2283 382 2331 30,
404 2279 446 2332 6)
474 2283 722 2320 commissam
742 2282 820 2320 dici
840 2283 1072 2331 suspicatus,
1099 2282 1278 2330 quamvis
1299 2294 1359 2318 me
1379 2293 1455 2318 non
1477 2281 1608 2331 fugiat
1627 2281 1710 2318 eius

145 2341 239 2379 freti
265 2342 386 2380 etiam
413 2341 509 2379 alibi
534 2342 774 2379 mentionem
799 2341 885 2379 fieri
910 2341 1095 2391 potuisse.
1122 2341 1204 2379 Neo
1229 2341 1308 2378 tria
1329 2353 1430 2390 quae
1449 2341 1711 2388 insequuntur

145 2401 287 2438 incerti
311 2400 404 2438 libri
429 2400 652 2451 fragmenta
679 2414 714 2440 v.
735 2413 787 2439 VI.
808 2413 864 2439 vn
890 2412 961 2438 suo
981 2400 1066 2438 loco
1086 2412 1235 2449 moveo,
1263 2399 1404 2449 quibus
1427 2400 1623 2449 Scipionis
1644 2399 1711 2436 ad-

145 2461 307 2497 ventum
331 2461 374 2498 in
398 2460 577 2498 Africam
604 2460 819 2510 significari
844 2459 1045 2509 putabam.
1071 2459 1175 2496 Nam
1201 2462 1246 2497 ut
1270 2471 1414 2510 negare
1439 2471 1517 2496 non
1538 2471 1710 2508 possum,

146 2519 297 2556 nullum
326 2532 459 2557 eorum
485 2532 670 2558 versuum
694 2532 772 2557 non
802 2519 978 2569 potuisse
1010 2520 1131 2556 etiam
1162 2519 1212 2556 ad
1237 2518 1381 2569 Reguli
1406 2519 1618 2556 transitum
1650 2531 1709 2555 re-

146 2578 252 2626 ferri,
283 2580 416 2617 tamen
450 2578 664 2629 trepidatio
697 2591 742 2616 ac
773 2591 898 2627 pavor
929 2591 1044 2626 quem
1076 2579 1195 2627 poeta
1227 2577 1424 2628 significat
1448 2577 1637 2615 Afrorum
1672 2578 1711 2614 et

146 2637 204 2675 vis
230 2650 374 2687 magna
401 2650 503 2687 quae
528 2638 727 2676 traiicitur
753 2638 956 2687 copiarum
981 2637 1100 2686 paulo
1126 2638 1253 2687 magis
1279 2637 1371 2675 huic
1397 2649 1516 2685 quam
1536 2635 1710 2673 indicavi

146 2697 343 2734 occasioni
367 2699 574 2736 convenire
600 2697 847 2736 videbantur.
875 2695 931 2734 Cf.
957 2695 1094 2735 Livius
1121 2709 1217 2734 xxix
1240 2697 1305 2734 26.
1329 2696 1394 2733 28.
1421 2695 1552 2744 Atque
1579 2707 1623 2732 ex
1649 2694 1707 2730 in-

146 2756 262 2793 certis
287 2755 393 2793 haud
419 2758 498 2794 scio
526 2769 576 2794 an
608 2757 742 2794 eodem
774 2756 1001 2805 pertineant
1031 2756 1073 2793 hi·
1103 2768 1238 2794 versus
1270 2755 1492 2801 ratibusque
1524 2753 1711 2801 fremebat

143 2815 265 2852 imber
294 2815 468 2863 Neptwni
498 2811 642 2868 (xxxv)
677 2817 716 2853 et
747 2815 922 2853 tonsillas
952 2817 1132 2863 rapiwnt,
1163 2816 1360 2862 eonftyunt
1389 2813 1499 2856 litae,
1531 2811 1706 2849 aduncas

147 2868 322 2926 (xxxvl).
359 2873 534 2918 Quorum
568 2875 636 2912 ille
672 2888 691 2912 e
726 2874 988 2924 descriptione
1022 2875 1191 2912 travecti
1224 2874 1266 2910 in
1302 2872 1479 2910 Africam
1512 2870 1706 2919 Scipionis
