2054 3282
690 135 949 171 ANNALIUM
974 135 1061 170 LIB.
1081 134 1184 170 XVII
1659 133 1712 175 81

894 253 979 289 VIII

152 316 242 360 450
809 330 968 369 «neque
1000 329 1179 370 corpora
1209 315 1332 356 firma

272 387 540 443 Longisount
571 386 799 441 quiequam

909 490 959 524 IX

153 552 239 595 452
273 551 403 594 «Cum
437 553 544 594 soles
575 551 720 593 eadem
753 550 911 592 facient
941 550 1177 606 longiscere
1208 551 1335 606 longe

923 655 955 689 X

273 718 331 752 An
350 728 434 752 vero
455 716 502 750 M.
524 716 589 751 ille
608 715 781 760 Lepidus,
803 714 868 759 qui
887 714 945 749 bis
959 714 1087 749 consul
1101 716 1138 749 et
1151 714 1320 759 pontifex
1339 714 1521 750 maximus
1542 714 1623 757 fuit,
1644 726 1719 749 non

156 777 275 812 solum
299 776 499 811 memoriae
525 774 739 810 testimonio
765 773 830 808 sed
856 773 970 808 etiam
996 772 1188 808 annalium
1213 773 1350 808 litteris
1376 776 1413 808 et
1433 774 1566 808 summi
1585 775 1719 818 poetae

154 847 242 871 voce
267 835 444 870 laudatus
470 836 526 869 est
551 833 651 878 quod
677 845 760 868 cum
786 832 833 866 M.
855 832 984 867 Fulvio
1011 832 1165 878 collega,
1187 844 1260 877 quo
1281 833 1342 868 die
1363 844 1492 868 censor
1511 834 1567 868 est
1587 833 1719 876 faetus,

155 895 304 931 homine
324 893 594 938 inimicissimo,
614 893 653 928 in
673 903 804 937 campo
825 892 953 926 statim
973 892 1085 927 rediit
1104 892 1143 927 in
1162 892 1334 937 gratiam.

628 1083 944 1127 ANNALIUM
974 1084 1081 1126 LIB.
1100 1083 1247 1126 XVIII

933 1202 949 1235 I

156 1263 244 1306 453
277 1264 538 1320 Degrumare
569 1263 708 1305 forum

158 1393 299 1427 Ennius
318 1393 358 1428 in
377 1406 457 1427 xnn
478 1393 586 1439 [v111].
603 1402 687 1427 ecee
707 1391 768 1426 hic
789 1390 977 1435 corripuit.
999 1391 1099 1426 idem
1118 1391 1158 1425 in
1178 1404 1239 1427 xv1
1259 1392 1323 1438 [v].
1344 1391 1445 1427 idem
1464 1392 1504 1426 in
1524 1391 1722 1427 annalibus

159 1447 223 1492 (in
244 1457 339 1481 ann.
361 1457 430 1481 om.
447 1445 572 1491 Sang.)
594 1445 785 1489 «viresque
808 1473 813 1478 .
832 1473 837 1478 .
855 1472 861 1478 .
882 1444 1027 1489 hiemps
1048 1444 1227 1491 (hiems)».
1249 1444 1310 1480 hic
1335 1445 1512 1490 produxit
1536 1445 1722 1491 paenulti-

160 1512 195 1533 m
223 1500 286 1533 m.'

200 1510 221 1534 a
278 1552 371 1587 VIII.
386 1552 436 1586 IX
450 1554 542 1598 (450.
558 1553 640 1597 452)
677 1551 820 1586 Nonius
840 1563 875 1596 p.
893 1555 972 1595 134,
988 1555 1030 1585 19
1047 1551 1273 1596 ‘longiscere
1293 1551 1447 1597 longum
1460 1552 1540 1587 fieri
1554 1552 1611 1587 vel
1624 1552 1724 1586 fran-

159 1617 256 1651 gere.
269 1605 409 1639 Ennius
424 1605 487 1639 lib.
500 1615 730 1649 xv11«neque
744 1633 750 1639 .
765 1633 770 1638 .
786 1633 791 1638 .
807 1604 1041 1649 quicquam».
1054 1604 1154 1639 idem
1166 1616 1272 1641 «cum
1285 1605 1363 1640 sola
1376 1609 1427 1640 est
1440 1605 1571 1640 eadem
1584 1605 1726 1640 facient

161 1671 227 1717 (sic
247 1670 348 1705 Leid.
370 1670 485 1705 Paris.
506 1666 687 1705 facifint
706 1670 818 1705 Wolf.
834 1669 935 1703 Harl.
957 1669 1138 1705 faciunt
1156 1670 1252 1704 Flor.
1267 1669 1408 1716 Escur.)
1428 1670 1451 1704 1.
1466 1670 1628 1716 longe».’

278 1724 311 1758 X
343 1724 468 1759 Cicero
483 1724 529 1759 de
543 1735 643 1769 prov.
660 1735 756 1758 cons.
773 1727 805 1767 9,
821 1726 876 1758 20.
899 1722 951 1758 Cf.
967 1723 1092 1758 Livius
1112 1736 1157 1757 XL
1177 1726 1233 1766 45,
1250 1727 1270 1758 6
1284 1735 1363 1768 sqq.
1379 1723 1496 1758 Varro
1518 1724 1618 1769 apud
1639 1724 1726 1759 Fes-

160 1779 240 1812 tum
259 1789 294 1822 p.
312 1780 391 1821 398,
414 1781 431 1811 1
447 1777 513 1811 Th.

279 1854 365 1888 LIB.
387 1853 505 1888 XVIII
553 1854 570 1887 I
590 1855 685 1899 (453)
716 1853 859 1888 Nonius
879 1865 914 1898 p.
931 1857 985 1896 63,
1001 1858 1021 1888 8
1045 1854 1218 1899 ‘grumae
1239 1855 1325 1889 sunt
1344 1854 1427 1889 loca
1440 1855 1565 1889 media
1577 1854 1617 1889 in
1631 1865 1726 1899 quae

162 1908 326 1942 directae
346 1909 524 1952 quattuor
545 1909 818 1952 congregantur
838 1909 876 1941 et
896 1907 1120 1942 conveniunt
1138 1907 1231 1943 viae.
1253 1909 1310 1942 est
1330 1909 1455 1942 autem
1475 1919 1606 1953 gruma
1625 1919 1726 1942 men-

162 1971 248 1995 sura
268 1961 453 2004 quaedam
474 1971 548 2005 qua
568 1960 641 1995 fixa
660 1961 742 1994 viae
762 1961 810 1995 ad
829 1960 968 1995 lineam
994 1961 1217 2006 diriguntur,
1237 1962 1281 1994 ut
1300 1962 1357 1995 est
1377 1959 1670 2006 agrimensdrum
1690 1963 1728 1996 et

161 2014 306 2048 talium.
334 2013 474 2047 Ennius
500 2013 564 2047 lib.
588 2026 679 2048 xv111
703 2024 836 2058 gruma
862 2013 1030 2059 derigere
1057 2013 1153 2047 dixit
1179 2014 1413 2059 «deyrumari
1439 2014 1726 2059 (degrumare

162 2066 244 2101 Par.
258 2078 305 2100 m.
321 2068 389 2111 pr.)
404 2067 576 2110 ferrum».
592 2066 758 2100 Lucilius
771 2066 835 2100 lib.
851 2079 892 2100 111
907 2067 965 2112 (86
979 2067 1032 2112 L.)
1048 2067 1243 2111 «viamque
1257 2067 1507 2112 degrumabis,
1522 2067 1579 2101 uti
1594 2067 1726 2102 castris

162 2130 309 2154 mensor
333 2118 427 2154 facit
453 2119 541 2154 olim
550 2120 597 2155 ».'
714 2119 869 2162 Nonius,
896 2129 942 2153 ne
968 2119 1059 2163 quid
1082 2119 1117 2154 ei
1139 2119 1278 2154 iniuria
1303 2119 1501 2162 adimatur,
1526 2120 1581 2154 ita
1606 2120 1727 2165 loqui-

164 2175 241 2207 tur:
259 2171 400 2206 Ennius
418 2172 428 2188 ‘
438 2183 570 2217 gruma
584 2171 752 2218 derigere
763 2172 773 2188 ²
792 2172 802 2188 ‘
813 2172 1033 2217 degi-amare
1044 2172 1054 2188 '
1070 2171 1166 2206 dixit
1180 2172 1263 2217 (hoc
1276 2172 1428 2207 verbum
1441 2173 1508 2207 illa
1521 2173 1556 2207 vi
1570 2174 1727 2219 posuit);

165 2226 203 2259 et
222 2225 282 2260 hie
303 2225 455 2269 quidem
477 2225 718 2270 ‘degrumare
738 2225 891 2267 forum',
912 2226 955 2259 ut
974 2224 1139 2259 Lucilius
1161 2225 1402 2270 ‘degrumare
1423 2226 1554 2270 viam',
1571 2228 1728 2271 uterque

285 2397 382 2435 451.
405 2398 489 2435 452
516 2397 778 2447 languescunt
797 2399 831 2435 et
854 2396 1104 2446 languescere
1126 2391 1242 2450 (illud
1259 2398 1426 2445 fortasse
1444 2400 1482 2437 vi
1502 2393 1646 2452 activa)
1666 2401 1728 2438 in-

166 2456 283 2505 telliyi
310 2459 390 2494 tam
419 2459 595 2505 apertum
625 2459 678 2494 est
705 2468 822 2504 quam
851 2449 1075 2506 langisount
1099 2456 1316 2508 langiseere
1345 2452 1464 2511 (quod
1485 2460 1729 2506 propositum

167 2518 222 2554 est
241 2518 275 2553 et
285 2510 512 2568 probatum)
526 2517 667 2554 rectius
685 2516 801 2553 scribi
821 2527 938 2563 quam
956 2515 1182 2565 longiseunt
1201 2517 1415 2567 longiseere
1432 2518 1615 2564 dubium,·
1633 2519 1729 2556 satis

167 2576 218 2612 sit
234 2586 465 2613 memorasse
488 2576 648 2614 vocivus
669 2577 703 2612 et
719 2586 866 2612 vacuus
887 2577 921 2612 et
937 2575 979 2612 id
1001 2586 1123 2623 yenus
1144 2577 1438 2622 vocabulorum;
1458 2577 1504 2624 cf.
1520 2577 1622 2615 arch.
1639 2578 1729 2615 lexi-

169 2645 267 2681 coyr.
282 2645 311 2670 11
324 2646 366 2681 p.
383 2643 465 2682 473
578 2635 662 2671 452
684 2634 785 2671 soles
807 2634 909 2671 edida·
928 2634 1018 2672 olim
1029 2646 1106 2682 pro
1125 2635 1210 2673 sola
1230 2636 1289 2674 est
1309 2630 1370 2688 (ut
1387 2637 1429 2674 in
1447 2635 1581 2673 Bemb.
1597 2637 1730 2684 empta

169 2694 229 2730 est
247 2694 432 2740 scriptum
453 2695 507 2731 est
518 2705 594 2741 pro
615 2694 767 2741 emptas
783 2693 867 2730 Ter.
881 2692 957 2745 Ῑιρο.
968 2700 1018 2740 57
1031 2703 1044 2739 ,·
1059 2693 1106 2741 cf.
1122 2692 1198 2733 C‘z'c.
1213 2695 1259 2732 de
1275 2695 1341 2742 leq.
1350 2707 1391 2742 p.
1408 2705 1422 2730 1
1438 2704 1451 2730 1
1468 2705 1499 2742 1,
1511 2689 1554 2747 5)
1564 2704 1578 2740 ,·
1593 2694 1729 2732 eadem

169 2753 307 2796 autem,
322 2753 401 2790 soil.
417 2765 581 2801 corpora
596 2762 621 2798 4
627 2761 692 2799 50,
706 2753 851 2790 mutari
875 2763 953 2789 own
978 2753 1107 2791 debuit
1225 2754 1310 2791 453
1337 2753 1580 2803 Degrumare
1600 2753 1729 2790 sorum

169 2812 330 2858 sco-ipsu
351 2811 396 2858 cf.
412 2811 595 2860 Hymnus
613 2812 659 2849 de
680 2812 785 2848 limis.
799 2823 841 2858 p.
861 2808 951 2860 180,
968 2821 992 2859 9
1013 2811 1172 2850 Lachm.
1193 2813 1234 2850 in
1255 2813 1393 2850 eastris
1413 2824 1551 2861 groma
1569 2813 1730 2861 ponitur

170 2870 211 2906 in
230 2871 454 2919 tetrantem,
474 2883 552 2919 qua
571 2871 681 2909 velut
700 2869 749 2907 ad
774 2871 926 2908 forum
951 2872 1207 2910 conveniatur

242 2947 392 2973 ENNIUS
415 2948 459 2973 ed.
475 2948 601 2973 Vahlen.
1426 2939 1446 2970 6

1755 716 1894 742 LEPIDI
1912 717 1964 742 ΕΤ

1738 758 1882 785 FULVH
1901 757 1994 784 GEN-

1810 799 1918 826 SURA

1746 849 1775 868 Α.
1786 849 1815 868 U.
1827 849 1852 868 c.
1863 848 1977 868 anxv
