2054 3282
342 200 423 241 138
1009 193 1208 230 scch

1066 312 1151 347 VIII

887 386 1057 412 massus
1075 385 1338 412 ANnRouEDAE

340 437 418 478 121
453 435 513 478 Ut
538 435 617 476 tibi
644 434 807 476 Titanis
834 432 978 474 Trivia
1004 432 1167 474 dederit
1192 431 1370 487 stirpem
1395 432 1578 475 liberum

1083 524 1134 559 IX

917 597 1154 624 mommsen
1171 597 1297 624 mnu

338 649 420 690 122
451 646 484 689 F
488 648 572 690 iliis
598 649 773 702 propter
796 650 838 688 te
866 646 1033 689 obiecta
1058 660 1152 688 sum
1180 646 1381 689 innocens
1407 645 1535 690 Nerei

973 803 1254 850 ATHAMAS

336 915 416 956 123
449 914 535 957 His
561 917 650 956 erat
675 914 719 955 in
746 927 816 955 ore
843 913 1054 966 Bromius,
1079 912 1146 954 his
1171 912 1365 956 Bacchus
1390 915 1524 969 pater,

449 984 539 1027 Illis
565 984 727 1039 Lyaeus
752 984 853 1026 vitis
880 983 1078 1026 inventor
1103 998 1262 1026 sacrae:

334 1056 416 1099 125
449 1056 557 1098 Tum
583 1056 741 1112 pariter
767 1056 906 1098 euhan
931 1054 1053 1098 euhoe
1076 1055 1198 1099 euhoe
1223 1054 1396 1099 euhium

331 1185 378 1221 ad
397 1186 493 1221 hanc
512 1195 588 1220 rem
607 1185 795 1231 pertineat
808 1183 963 1230 offerre.)
977 1184 1222 1230 Propertiana
1236 1184 1396 1232 Tarpeia
1412 1185 1423 1202 ²
1433 1186 1464 1221 si
1476 1196 1606 1231 posces
1618 1186 1813 1232 pariamne
1824 1186 1891 1222 tua

329 1238 459 1285 regina
472 1238 538 1274 sub
554 1238 651 1282 aula,
666 1238 732 1274 dos
745 1238 816 1273 tibi
832 1267 837 1272 .
856 1267 861 1272 .
880 1267 884 1272 .
902 1238 1068 1273 siminus
1084 1266 1089 1272 .
1108 1267 1112 1272 .
1128 1249 1188 1274 me
1200 1249 1291 1285 rape
1301 1239 1311 1256 '
1328 1249 1423 1283 quae
1434 1249 1561 1275 vereor
1572 1240 1615 1274 ut
1633 1237 1890 1274 Rothsteinius

329 1293 426 1328 recte
445 1292 668 1327 tractaverit.

446 1345 529 1380 VIII
550 1348 647 1391 (121)
679 1345 797 1381 Varro
818 1346 864 1381 de
883 1346 906 1380 l.
923 1346 960 1380 L.
976 1358 1028 1381 vn
1049 1350 1092 1381 16
1109 1346 1272 1381 ‘Ennius
1293 1347 1358 1383 «ut
1377 1346 1469 1381 tibi.
1487 1374 1493 1380 .
1511 1345 1724 1382 ,liberum».
1746 1345 1891 1381 Titanis

328 1399 452 1434 Trivia
470 1398 592 1434 Diana
612 1401 678 1443 est,
700 1399 747 1435 ab
768 1410 810 1435 eo
831 1399 934 1434 dicta
953 1399 1080 1434 Trivia
1099 1399 1199 1444 quod
1218 1400 1258 1434 in
1276 1399 1386 1434 trivio
1412 1399 1565 1445 ponitur
1585 1399 1664 1434 fere
1682 1399 1722 1433 in
1741 1399 1890 1444 oppidis

329 1452 477 1488 Graecis
497 1453 554 1488 vel
581 1453 682 1498 quod
701 1453 807 1488 Luna
833 1453 972 1488 dicitur
997 1463 1076 1488 esse
1103 1463 1200 1498 quae
1224 1453 1264 1488 in
1290 1452 1394 1488 caelo
1419 1453 1539 1488 tribus
1558 1453 1629 1488 viis
1653 1453 1831 1496 movetur,
1851 1453 1891 1487 in

329 1506 565 1541 altitudinem
585 1508 624 1542 et
641 1506 883 1542 latitudinem
902 1507 940 1542 et
958 1506 1243 1553 longitudinem.
1266 1506 1412 1542 Titanis
1433 1507 1536 1542 dicta
1555 1506 1675 1552 quod'
1692 1517 1767 1551 eqs.

328 1559 385 1594 Ad
404 1559 682 1596 Andromedam
700 1560 840 1603 rettuli,
860 1559 1017 1596 Medeae
1037 1560 1268 1606 adscriptum
1294 1560 1341 1596 ab
1362 1559 1402 1596 O.
1425 1560 1603 1596 Muellero
1627 1561 1665 1596 et
1682 1559 1890 1596 Ribbeckio

327 1624 457 1658 parum
476 1613 740 1659 probabiliter3
758 1624 846 1649 nam
866 1624 962 1659 quae
981 1613 1115 1649 Medea
1127 1613 1253 1660 Aegeo
1275 1614 1369 1649 dicit
1389 1617 1456 1650 714
1477 1612 1593 1656 οὕτως
1613 1613 1702 1659 ἔρως
1722 1624 1779 1649 σοι
1798 1613 1891 1658 πρὸς

326 1670 427 1702 θεῶν
452 1665 671 1712 τελεσφόρος
696 1666 840 1713 γένοιτο
866 1665 1025 1711 παίδων,
1052 1667 1229 1703 subiectis
1254 1667 1475 1712 praesertim
1494 1680 1547 1702 vv.
1565 1670 1633 1702 717
1653 1679 1705 1712 sq.
1728 1678 1751 1703 a
1769 1667 1890 1702 verbis

327 1720 616 1766 Ennianisputo
637 1720 854 1756 abhorrent:
875 1721 969 1756 haec
988 1722 1114 1755 autem
1134 1732 1207 1755 non
1227 1721 1400 1756 videntur
1419 1721 1492 1756 nisi
1504 1720 1652 1756 mulieri
1665 1722 1816 1766 partum
1829 1732 1890 1756 cu—

328 1774 447 1818 pienti
466 1776 566 1810 recte
586 1774 670 1809 dici.

443 1827 493 1862 IX
512 1829 610 1874 (122)
640 1827 853 1863 Priscianus
866 1841 918 1863 vu
931 1840 965 1874 p.
980 1831 1059 1871 293,
1073 1832 1116 1863 13
1130 1828 1174 1863 H.
1193 1829 1203 1845 ‘
1212 1827 1271 1863 his
1285 1827 1446 1863 natabus
1458 1827 1608 1863 filiabus
1622 1828 1764 1863 deabus
1778 1838 1890 1873 equa-

326 1881 394 1916 bus
411 1910 416 1915 .
434 1910 439 1915 .
458 1910 463 1916 .
479 1882 527 1918 M.
544 1881 634 1917 Cato
654 1881 694 1917 in
714 1881 921 1928 originibus
943 1882 1071 1918 «dotes
1091 1881 1240 1917 filiabus
1260 1881 1336 1916 suis
1355 1892 1430 1917 non
1450 1881 1575 1917 dant».
1599 1882 1638 1916 et
1654 1881 1742 1917 filiis
1764 1883 1891 1917 tamen

325 1935 365 1969 in
385 1934 515 1970 eodem
534 1945 670 1981 genere
690 1935 833 1971 dictum
852 1937 917 1970 est.
939 1935 1081 1971 Ennius
1106 1935 1146 1971 in
1165 1935 1406 1972 Andromeda
1425 1935 1535 1971 «filiis
1551 1964 1556 1969 .
1574 1963 1579 1969 .
1598 1935 1755 1971 .Ne1·ei»
1774 1935 1815 1970 id
1835 1936 1891 1970 est

326 1988 436 2024 Nerei
452 1988 613 2024 filiabus.
634 1988 790 2024 Plautus
809 1989 849 2024 in
870 1988 996 2025 Sticho
1011 1991 1107 2035 (567)
1123 1999 1216 2035 «ego
1236 1989 1298 2024 ibo
1317 1989 1416 2024 intro
1436 1990 1474 2023 et
1492 1988 1710 2035 gratulabor
1729 1990 1890 2024 vestrum

328 2042 526 2077 adventum
545 2042 656 2078 filiis»
676 2054 743 2088 pro
759 2042 918 2078 filiabus.
933 2043 1034 2078 idem
1047 2043 1131 2088 (inc.
1147 2056 1212 2078 nm
1230 2043 1356 2089 Leon.)
1370 2042 1459 2088 «qui
1472 2042 1560 2078 talis
1574 2043 1631 2078 est
1644 2042 1691 2077 de
1703 2042 1889 2088 gnatabus

327 2095 435 2130 suis».
457 2096 555 2131 natis
575 2097 701 2131 tamen
719 2107 787 2141 pro
806 2096 968 2132 natabus
982 2096 1136 2132 Ovidius
1155 2097 1283 2142 posuit
1300 2097 1339 2132 in
1352 2109 1419 2131 xm
1431 2096 1780 2141 metamorphoseon
1793 2097 1889 2141 (661)

327 2148 502 2184 «Euboea
515 2149 671 2193 duabus,
686 2150 724 2184 et
733 2149 891 2185 totidem
904 2150 1004 2185 natis
1017 2150 1164 2185 Andros
1178 2150 1344 2185 fraterna
1360 2150 1482 2195 petita
1501 2150 1606 2186 est».'
1624 2149 1749 2184 Verba
1766 2148 1889 2184 natis

326 2203 475 2236 tamen
499 2214 579 2247 pro
598 2203 796 2238 natabus
816 2215 882 2238 suo
902 2203 983 2239 loco
1003 2203 1153 2249 reposui
1167 2214 1264 2248 quae
1278 2214 1391 2249 supra
1402 2204 1489 2248 post
1506 2202 1552 2238 id
1573 2204 1642 2237 est
1659 2202 1801 2237 inserta
1812 2203 1889 2237 tur-

326 2255 393 2290 bas
413 2258 594 2291 crearunt.

444 2326 676 2363 ATHAMAS
692 2330 788 2374 (123)
815 2328 1004 2364 Charisius
1018 2342 1045 2364 11
1058 2341 1093 2375 p.
1111 2332 1190 2372 241,
1206 2333 1226 2364 6
1240 2328 1283 2363 Κ.
1301 2329 1312 2345 ‘
1322 2328 1440 2363 euhoe
1453 2328 1558 2363 Maro
1572 2341 1623 2363 vn
1637 2328 1733 2374 (389)
1748 2327 1890 2364 «euhoe

326 2379 471 2416 Bacche
490 2380 660 2424 fremens,
682 2381 800 2417 solum
819 2384 857 2417 te
871 2382 1015 2429 virgine
1030 2382 1186 2429 dignum
1198 2381 1439 2418 vociferans».
1454 2381 1596 2417 Ennius
1610 2381 1649 2416 in
1662 2381 1890 2416 Athamante

327 2434 383 2469 «is
402 2435 502 2469 erat.
521 2462 526 2466 .
545 2463 549 2467 .
566 2435 695 2480 Zisgus.
714 2464 719 2469 .
735 2436 876 2480 pariter
896 2437 1016 2472 euhan
1035 2437 1181 2471 euhium
1201 2436 1351 2483 ignotus
1374 2464 1378 2469 .
1397 2464 1402 2469 .
1421 2464 1426 2469 .
1447 2435 1604 2471 insultas
1622 2434 1783 2471 mod0».’

327 2486 430 2529 Quae
448 2487 587 2522 iniuria
606 2487 694 2522 olim
715 2488 762 2522 ab
782 2489 902 2524 Ennio
924 2489 1141 2525 abiudicata
1161 2490 1256 2524 sunt.

447 2635 529 2673 122
552 2636 654 2674 senis
675 2637 802 2674 addas
820 2638 879 2675 vel
897 2637 1025 2683 ferae,·
1043 2638 1211 2686 intelliyo
1231 2640 1359 2676 autem
1377 2636 1470 2675 filiis
1489 2636 1608 2675 Nerei
1628 2630 1680 2689 (h.
1697 2647 1724 2673 e.
1738 2637 1781 2673 in
1800 2648 1887 2686 gra-

324 2696 425 2734 tiam
443 2694 668 2739 Nereidum,
685 2695 720 2733 d.
734 2695 784 2733 N.
798 2707 848 2734 zu
866 2691 976 2750 liebe)
997 2698 1161 2746 propter
1178 2698 1218 2735 te
1238 2696 1392 2735 obiecta
1411 2707 1497 2734 sum
1515 2696 1632 2739 ferae,
1646 2695 1750 2733 velut
1760 2694 1886 2733 Senec.

329 2755 469 2793 Troacl.
483 2752 565 2802 248
580 2766 633 2803 sq.
647 2756 760 2793 tuam
773 2756 910 2793 natam
922 2768 1065 2806 parens
1078 2755 1252 2794 Helenae
1266 2755 1483 2794 immolasti
1495 2748 1889 2809 (de-Agamemowneffi·

328 2827 351 2852 a
370 2814 462 2852 filiis
482 2826 569 2852 cum
587 2814 820 2853 Buechelero
840 2815 1070 2853 Ribbeckius
1222 2815 1304 2854 123
1326 2814 1399 2853 His
1426 2815 1511 2853 erat
1530 2814 1740 2852 Fabricius

329 2874 413 2912 124
433 2873 588 2922 Lyaeus
609 2874 664 2912 ed.
678 2875 805 2922 princ.
960 2875 1042 2912 125
1072 2874 1194 2913 euhoe
1218 2875 1340 2913 euhoe
1359 2874 1511 2913 addidi&
1529 2873 1740 2911 Fabricius

327 2933 389 2970 De
407 2934 601 2980 scriptura
623 2933 750 2971 euhan
771 2933 929 2971 euhium
948 2933 1230 2972 Lachmannus
1250 2934 1303 2972 ad
1327 2933 1446 2971 Lucr.
1460 2944 1487 2970 v
1504 2940 1585 2980 743
1596 2945 1609 2977 ;
1631 2931 1773 2970 Graeca·
1792 2929 1888 2970 εὑὰν
