2054 3282
313 211 400 253 222
1008 200 1159 235 VARIA

1057 317 1107 351 VI

309 393 365 434 52
426 390 527 432 Istic
551 391 616 430 est
641 388 692 429 de
718 386 806 428 sole
831 387 1027 440 sumptus
1053 384 1166 440 ignis

308 532 364 573 53
1083 526 1204 579 isque
1228 527 1346 566 totus
1371 523 1528 566 mentis
1553 526 1619 566 est
1690 552 1693 553 ν

1052 647 1120 682 VH

308 720 364 761 54
424 717 527 760 Istic
552 719 616 759 est
641 717 677 758 is
703 714 868 771 Iupiter
893 729 1019 770 quem
1046 714 1153 770 dico,
1180 728 1305 770 quem
1333 712 1481 757 Graeci
1507 716 1662 756 vocant

422 787 591 842 Aerem,
617 787 691 841 qui
716 789 868 828 ventus
894 788 959 827 est
983 788 1026 827 et
1050 785 1197 840 nubes,
1223 785 1360 827 imber
1384 787 1546 841 postea,

425 858 567 914 Atque
592 873 643 900 ex
671 858 806 899 imbre
830 857 980 913 frigus,
1004 859 1156 899 ventas
1181 859 1282 912 post
1306 857 1368 912 fit,
1393 871 1465 899 aer
1489 856 1639 899 denuo.

304 931 358 972 57
422 929 539 971 Haec
564 931 740 983 propter
764 927 927 983 Iupiter
952 930 1053 970 sunt
1077 927 1161 969 ista
1185 942 1292 982 quae
1319 928 1413 970 dico
1439 927 1532 982 tibi,

421 999 514 1050 Qua
538 999 731 1041 mortalis
757 1002 885 1054 atque
910 999 1037 1040 urbes
1063 998 1295 1054 beluasque
1321 999 1460 1041 omnis
1487 999 1615 1041 iuvat.

1039 1121 1124 1157 VIII

303 1183 359 1225 59
531 1206 536 1210 ·
1211 1181 1470 1238 Proserpina

419 1347 470 1382 VI
490 1349 561 1393 (52)
587 1346 704 1382 Varro
725 1347 771 1382 de
791 1346 814 1381 1.
833 1347 871 1381 L.
890 1359 912 1382 v
933 1350 977 1381 59
994 1346 1210 1382 ‘humidum
1231 1349 1269 1382 et
1287 1346 1467 1393 frigidum
1487 1348 1597 1390 terra,
1618 1347 1716 1382 sive.
1733 1376 1740 1382 .
1757 1376 1764 1382 .
1779 1347 1866 1392 sive,

302 1403 344 1436 ut
363 1401 486 1436 Zenon
507 1401 656 1444 Citieus,
679 1400 897 1435 animalium
918 1411 1042 1435 semen
1062 1400 1161 1446 ignis
1180 1400 1286 1445 isque
1307 1400 1580 1446 (Lachmannus
1603 1401 1640 1435 is
1661 1401 1736 1446 qui
1756 1401 1867 1447 Flor.)

303 1454 428 1489 anima
442 1465 484 1489 ac
497 1465 611 1488 mens.
627 1454 691 1498 qui
706 1453 833 1488 caldor
847 1464 866 1488 e
881 1453 994 1496 caelo,
1010 1453 1109 1498 quod
1123 1453 1211 1488 huic
1225 1453 1498 1499 (Lachmannus
1515 1454 1620 1489 hinc
1635 1454 1745 1500 Flor.)
1759 1455 1867 1488 innu-

302 1507 498 1542 merabiles
512 1508 549 1542 ct
562 1507 791 1542 immortales
812 1507 935 1552 ignes3
955 1507 1083 1551 itaque
1103 1506 1349 1551 Epicharmus
1369 1507 1462 1542 dicit
1482 1508 1528 1542 de
1541 1509 1666 1542 mente
1685 1508 1868 1551 humana;

303 1561 357 1595 ait
370 1561 478 1597 «181310
493 1589 499 1595 .
517 1588 523 1594 .
540 1589 546 1594 .
561 1559 694 1606 ignis».
710 1560 809 1595 idem
824 1560 939 1595 solem
955 1561 1083 1605 «isque
1099 1589 1105 1594 .
1123 1589 1128 1594 .
1145 1561 1252 1596 est»)
1349 1560 1451 1595 Haec
1465 1560 1587 1603 verba,
1602 1572 1758 1605 quorum
1772 1560 1867 1595 nihil

303 1614 415 1648 abiici
434 1615 569 1659 potest,
589 1624 657 1648 nec
676 1615 833 1659 possunt
850 1625 918 1649 nec
938 1614 1077 1649 debent
1089 1614 1128 1648 in
1141 1626 1256 1648 unum
1271 1624 1415 1649 versum
1431 1614 1546 1658 coire3
1566 1614 1694 1659 itaque
1709 1614 1866 1648 duorum

301 1667 505 1711 particulas
525 1667 714 1712 descripsi.

419 1720 488 1755 VII
502 1722 575 1766 (54)
612 1720 730 1755 Varro
751 1721 797 1755 de
815 1720 839 1755 1.
856 1721 894 1756 L.
909 1734 931 1755 v
948 1724 991 1755 65
1009 1720 1129 1755 ‘idem
1148 1720 1188 1755 hi
1209 1720 1269 1755 dei
1290 1719 1443 1756 Caelum
1464 1722 1502 1756 et
1521 1720 1644 1763 Terra,
1665 1720 1807 1766 Iupiter
1831 1722 1869 1755 et

302 1773 403 1817 Iuno,
417 1774 528 1817 quod,
542 1775 585 1808 ut
598 1773 653 1808 ait
666 1773 820 1816 EnniUS,
835 1774 944 1810 «istic
959 1802 966 1808 .
983 1802 990 1808 .
1006 1802 1013 1808 .
1032 1773 1152 1819 frigus
1165 1774 1281 1809 ventis
1294 1775 1367 1819 (56)
1381 1802 1388 1808 .
1406 1802 1412 1808 .
1429 1802 1436 1808 .
1451 1775 1512 1809 hec
1526 1775 1599 1819 (57)
1614 1802 1621 1808 .
1638 1803 1645 1808 .
1662 1802 1668 1808 .
1684 1784 1759 1819 qua
1771 1785 1867 1808 mor-

302 1827 390 1861 talis
411 1829 483 1871 (58)
505 1855 512 1861 .
530 1855 559 1861 ..
581 1827 718 1862 iuvat».
743 1827 844 1871 quod
870 1827 957 1861 hinc
984 1827 1103 1861 omnis
1126 1829 1164 1862 et
1186 1827 1254 1861 sub
1276 1827 1357 1870 hoc,
1378 1827 1537 1862 eundem
1558 1827 1754 1872 appellans
1774 1827 1868 1862 dicit

303 1886 399 1926 (ann.
417 1882 499 1926 580)
514 1881 738 1925 «divumque
757 1880 1024 1925 hominumque
1043 1882 1153 1926 pater
1171 1881 1285 1916 rex».'

420 1933 503 1968 VIII
517 1935 589 1979 (59)
627 1933 744 1968 Varro
759 1934 805 1968 de
818 1933 841 1967 l.
858 1934 895 1967 L.
911 1947 933 1968 v
948 1937 991 1968 68
1009 1933 1116 1968 ‘hinc
1135 1933 1379 1978 Epicharmus
1400 1933 1476 1968 enii
1496 1933 1756 1979 Proserpinam
1777 1944 1867 1978 quo-

303 1997 373 2030 que
399 1986 584 2032 appellat,
610 1987 710 2031 quod
736 1986 831 2022 solet
856 1997 936 2021 esse
963 1987 1030 2021 sub
1056 1986 1183 2029 terrim
1210 1986 1313 2021 dicta
1337 1986 1560 2031 Proserpina
1582 1987 1682 2031 quod
1706 1986 1800 2022 haec
1825 1988 1869 2021 ut

300 2158 405 2196 iubet
513 2159 565 2196 55
587 2158 748 2197 Aerem:
768 2171 859 2198 arm.
876 2168 889 2195 1
900 2156 954 2206 48
969 2159 1087 2197 vento
1105 2171 1221 2208 quem
1237 2157 1444 2209 perhibent
1458 2157 1619 2196 Graium
1636 2170 1758 2208 genus
1775 2170 1867 2196 aera

302 2217 461 2267 lingua;
481 2218 548 2255 secl
566 2219 612 2265 cf.
632 2217 835 2256 Charisius
853 2231 867 2256 1
879 2229 920 2266 p.
939 2216 1005 2267 85,
1026 2228 1040 2254 1
1056 2228 1069 2254 1
1090 2219 1140 2256 K.
1161 2230 1229 2256 aer
1248 2218 1394 2267 aether,
1414 2218 1517 2255 hunc
1537 2230 1629 2256 aera
1647 2219 1687 2255 et
1706 2217 1867 2256 aethera

304 2308 311 2314 .
334 2307 341 2313 .
362 2276 545 2314 dicimus:
572 2275 721 2315 Graeca
749 2278 853 2315 enim
873 2279 975 2315 sunt.
997 2277 1065 2315 sed
1086 2279 1125 2315 et
1143 2277 1247 2315 buno
1266 2290 1395 2315 aerem
1414 2278 1564 2315 veteres
1583 2276 1729 2315 Latina
1747 2276 1866 2315 decli-

303 2336 463 2373 natione
483 2334 688 2382 dixerunt;
711 2337 803 2374 ibid.
817 2349 860 2384 p.
882 2346 973 2386 121,
994 2346 1040 2373 12
1168 2337 1221 2374 56
1249 2336 1562 2382 ventusLaetus;
1586 2336 1714 2374 ventis
1741 2337 1868 2373 tuetur

302 2394 583 2432 Lachmannus
601 2396 657 2433 ita
675 2397 791 2434 verba
810 2397 973 2444 iunyens
992 2409 1038 2434 ex
1057 2395 1180 2434 imbre
1199 2396 1326 2446 frigus
1346 2395 1474 2433 ventis
1493 2396 1583 2444 post
1598 2394 1645 2432 fit
1657 2407 1725 2432 aer
1738 2394 1866 2432 denuo

423 2454 477 2491 57
491 2453 642 2491 Haecce
656 2454 713 2492 vel
726 2454 856 2492 Haece
868 2455 917 2492 L.
928 2454 1166 2503 Spenyelius‚
1177 2454 1459 2493 Lachmannus
1471 2454 1580 2492 Haec
1595 2455 1806 2503 propterea
1815 2453 1864 2491 L.

301 2512 528 2561 Spenyelius
539 2515 675 2560 postea
795 2514 848 2551 58
870 2513 1065 2559 Quoniam
1086 2513 1128 2552 Ο.
1141 2514 1359 2552 Muellerus
1378 2512 1542 2558 Quando
1562 2513 1867 2558 Lachmannuae

303 2571 405 2617 Quia
417 2571 577 2615 Laetus,
598 2572 699 2619 quod
717 2574 848 2610 ceteris
859 2575 1081 2621 praestaret
1098 2573 1209 2611 modo
1227 2574 1357 2611 versui
1375 2573 1636 2619 satisfaceret,·
1656 2574 1752 2609 certe
1768 2574 1868 2609 recte

302 2633 443 2669 iuvant
460 2630 509 2668 L.
528 2630 773 2679 Spengeli-us:
796 2643 890 2670 nam
908 2634 984 2670 ista
1003 2643 1102 2679 quae
1127 2633 1220 2670 dicit
1243 2634 1334 2670 sumt
1356 2632 1387 2669 I
1390 2633 1544 2679 upiter
1569 2632 1662 2678 quia
1685 2631 1867 2669 mortales

301 2692 492 2728 iuvant:
517 2690 564 2738 cf.
587 2690 713 2728 Varro
732 2702 758 2729 v
779 2688 830 2737 67
855 2690 971 2739 dicta,
993 2690 1096 2740 quod
1116 2703 1196 2729 una
1215 2703 1303 2729 cum
1319 2690 1412 2729 Iove
1431 2692 1555 2739 iuvat,
1575 2690 1698 2736 Iuno;
1725 2688 1801 2727 Cic.
1820 2690 1867 2727 de

301 2752 380 2787 nat.
401 2750 502 2787 deor.
523 2761 555 2786 11
577 2758 597 2785 2
606 2757 643 2798 5,
659 2747 714 2796 64
733 2749 786 2787 ad
804 2760 896 2787 arm.
917 2750 979 2788 lib.
999 2751 1071 2788 inc.
1093 2761 1161 2789 cv1
1180 2750 1422 2797 adscriptus;
1443 2749 1593 2787 Gellius
1610 2760 1638 2787 v
1661 2757 1674 2783 1
1687 2757 1722 2796 2,
1738 2758 1763 2795 4

301 2807 369 2845 Ad
388 2810 503 2847 totam
522 2810 749 2847 sententiam
766 2807 969 2855 Haupte‘us
989 2809 1011 2846 l.
1029 2820 1058 2846 0.
1079 2809 1297 2847 Menandri
1317 2819 1452 2846 versus
1471 2819 1496 2845 a
1516 2807 1676 2845 Stobaeo
1694 2808 1779 2854 flor.
1796 2816 1864 2852 01,

307 2875 360 2914 29
379 2869 512 2905 eiiatos
535 2868 664 2906 attulit
683 2864 704 2905 ὅ
725 2864 796 2918 μὲν
810 2862 1048 2919 Ἐπίχαρμος
1074 2867 1166 2914 τοὺς
1185 2866 1307 2914 θεοὺς
1327 2862 1427 2906 εἶναι
1446 2864 1546 2918 λέγει
1566 2863 1737 2917 ἀνέμους
1757 2865 1864 2917 ὕδωρ

303 2931 379 2978 γῆν
398 2925 511 2977 ἥλιον
530 2932 608 2979 πῦρ
629 2924 790 2979 ἀστέρας
