2020 3334
823 222 979 257 LIVIUS
1563 227 1674 262 LXIII

126 330 230 380 quod
260 330 389 368 Ennio
422 331 627 379 acceptum
658 332 770 381 ferat,
802 334 906 371 inter
930 334 1036 383 ipsos
1069 335 1171 384 quod
1204 337 1428 375 conferatur
1458 340 1574 376 tenue
1600 342 1679 377 est:

123 391 202 429 nisi
237 389 340 439 quod
371 389 529 427 Proculi
552 389 660 427 Iulii
697 392 829 440 partes
866 392 986 431 fuisse
1025 394 1130 443 apud
1161 394 1333 433 Ennium
1371 409 1470 445 quae
1509 400 1599 436 sunt
1637 400 1677 435 111

123 450 237 488 fastis
274 451 314 487 et
345 448 450 499 apud
480 448 640 486 Livium
672 449 873 498 probabile
905 454 976 499 est,
1008 453 1041 490 si
1073 453 1230 501 quidem
1258 455 1514 503 probabiliter
1546 469 1678 495 versus

123 507 314 559 Romame
333 510 376 547 in
395 508 498 546 caelo
518 519 586 556 eqs
607 502 714 560 (ann.
736 520 750 545 1
769 508 815 546 fr.
836 504 936 561 an)
959 511 1041 548 eius
1061 513 1199 549 nuntio
1218 513 1419 562 tribuitur,
1440 528 1678 564 quamquam

124 568 292 605 similem
318 568 538 605 orationem
562 579 632 604 nec
653 566 816 605 Ovidius
842 567 961 605 habet
985 582 1111 618 neque
1135 569 1283 608 Livius.
1315 572 1360 608 In
1387 574 1551 623 singulis
1578 587 1677 623 quae

124 626 339 665 Ehwaldus
377 627 547 664 maxime
586 638 702 664 sensu
738 626 908 675 quodam
939 629 1137 666 numerosi
1168 629 1305 667 ductus
1338 643 1382 667 ex
1414 633 1542 680 capite
1574 633 1679 671 Livii

124 685 174 724 ad
206 686 380 724 Ennium
410 686 623 734 revocavit,
655 684 784 722 fateor
814 686 913 723 mihi
943 686 1057 724 valde
1090 687 1275 738 ambigua
1307 687 1484 742 videri.*)

241 745 288 782 In
313 744 482 783 Liviana
508 745 685 782 oratione
713 757 813 793 quae
838 746 1036 783 numerosi
1063 746 1157 794 quid
1181 746 1328 785 habent
1354 750 1423 785 aut
1443 749 1568 786 colore
1590 763 1678 799 poe-

124 805 203 842 tico
230 804 418 842 distincta
444 805 546 852 sunt,
573 803 701 840 Ennio
727 804 928 841 vindicare
955 805 1075 842 etiam
1101 805 1180 842 alia
1205 806 1271 843 via
1297 808 1428 844 conati
1453 810 1553 845 sunt.
1587 808 1678 846 Coe-

123 863 199 901 lius
238 864 343 900 enim
373 862 604 912 Antipater,
643 862 689 900 de
723 875 799 911 quo
832 875 950 912 supra
982 877 1018 912 p.
1040 876 1135 902 XXVI
1167 864 1349 913 disserui,
1388 879 1502 914 quem
1534 867 1678 905 Fronto

123 922 224 960 dixit
254 922 428 960 studiose
461 922 703 960 aemulatum
736 934 818 959 esse
850 922 1040 970 Ennium,
1078 923 1120 959 in
1151 935 1244 961 cura
1281 924 1430 962 scilicet
1468 926 1679 973 quaerendi

123 983 163 1018 et
200 981 373 1032 eligendi
412 981 549 1029 verba,
594 993 694 1019 unus
736 983 795 1018 est
836 994 970 1019 eorum
1014 983 1249 1031 scriptorum
1292 983 1386 1020 belli
1426 983 1679 1022 Hannibalici

124 1053 220 1089 quos
253 1040 390 1079 Livius
422 1041 464 1077 in
497 1053 542 1078 ea
574 1042 686 1089 parte
720 1041 923 1078 annalium
957 1040 1146 1078 adhibuit.
1185 1041 1324 1090 Itaque
1357 1044 1410 1079 sic
1447 1045 1678 1092 statuerunt,

124 1112 223 1148 quae
262 1112 470 1138 numerosa
506 1111 587 1137 esse
620 1101 690 1137 aut
721 1101 879 1148 poetam
911 1098 1044 1137 decere
1076 1101 1117 1137 in
1148 1099 1254 1138 Livii
1285 1100 1412 1139 verbis
1444 1101 1678 1151 viderentur,

123 1159 306 1197 Enniana
344 1158 503 1207 quidem
540 1171 622 1196 esse
661 1158 728 1197 sed
765 1171 843 1196 non
882 1172 926 1196 ex
958 1159 1088 1196 Ennio
1126 1172 1261 1197 verum
1301 1173 1345 1197 ex
1378 1161 1529 1198 aemulo
1561 1161 1680 1198 Ennii

121 1218 336 1268 Antipatro
369 1217 419 1255 ad
444 1217 603 1256 Livium
634 1219 867 1267 pervenisse.
901 1217 1008 1262 Quae
1040 1219 1099 1256 est
1129 1219 1262 1267 opinio
1295 1218 1338 1256 G.
1366 1219 1532 1269 Sieglini
1563 1233 1680 1268 quam

122 1278 302 1327 exposuit
332 1278 375 1314 in
406 1276 540 1314 libello
573 1290 605 1315 a.
637 1278 716 1314 187
724 1278 747 1314 9
776 1277 880 1315 edito
909 1290 984 1326 quo
1012 1275 1136 1314 Coelii
1161 1277 1366 1327 Antipatri
1391 1279 1576 1327 reliquias
1603 1279 1678 1316 col-

121 1337 229 1387 legit.
261 1336 300 1374 Is
326 1337 451 1387 igitur
476 1349 553 1374 non
579 1336 693 1374 modo
723 1349 857 1374 versus
882 1336 1008 1386 Hugii
1039 1338 1079 1374 et
1103 1336 1259 1386 Hageni
1291 1338 1450 1375 invento
1483 1350 1678 1386 procusos,

125 1408 221 1444 quos
254 1408 341 1433 cum
374 1396 469 1433 olim
500 1397 585 1433 tum
617 1408 751 1434 rursus
783 1408 885 1433 nunc
924 1398 1030 1433 certa
1065 1397 1218 1433 ratione
1255 1395 1515 1445 repudiandos
1554 1399 1592 1434 et
1630 1397 1678 1434 ab

122 1455 251 1493 Ennio
283 1455 419 1505 procul
450 1454 650 1493 habendos
682 1455 808 1504 docui,
841 1467 910 1504 pro
943 1455 1044 1493 veris
1076 1455 1250 1493 versibus
1282 1455 1402 1492 Ennii
1433 1455 1571 1492 habuit
1602 1468 1678 1493 non

122 1514 248 1552 solum
280 1514 348 1552 sed
380 1515 501 1552 etiam
533 1527 604 1552 sua
635 1516 748 1564 parte
781 1515 909 1562 auxit,
945 1527 1081 1552 verum
1114 1517 1153 1551 et
1183 1514 1252 1552 hos
1288 1516 1327 1552 et
1365 1527 1460 1562 quos
1497 1515 1679 1552 similiter

121 1576 257 1623 partos
290 1573 452 1623 adiecit,
484 1574 606 1611 etiam
637 1586 749 1612 veros
781 1574 903 1610 Ennii
935 1586 1086 1621 versus,
1125 1574 1193 1622 qui
1225 1573 1375 1622 aliquid
1408 1573 1678 1611 similitudinis

122 1645 210 1670 cum
241 1633 371 1671 verbis
403 1632 510 1671 Livii
540 1632 747 1681 haberent,
786 1645 917 1670 omnes
954 1632 1004 1670 ad
1036 1631 1213 1670 Coelium
1243 1632 1369 1669 redire
1401 1635 1440 1670 et
1471 1645 1515 1670 ex
1550 1631 1678 1670 Coelio

120 1694 300 1742 exceptos
327 1705 409 1730 esse
436 1705 459 1730 a
478 1692 593 1730 Livio
619 1692 695 1730 sibi
720 1693 926 1742 persuasit.
958 1692 1087 1729 Paene
1112 1692 1312 1741 putaveris
1334 1690 1510 1729 Coelium
1534 1691 1679 1728 bellum

120 1751 430 1790 Hannibalicum
456 1750 633 1790 versibus
660 1752 935 1801 composuisse,
968 1764 1083 1799 quem
1113 1750 1270 1799 quidem
1295 1752 1432 1788 notum
1458 1752 1517 1788 est
1542 1751 1678 1788 traiec-

120 1811 227 1848 tione
266 1806 545 1864 verborumssss)
578 1823 875 1860 nonnumquam
906 1810 1122 1860 pleniorem
1159 1822 1297 1847 sonum
1334 1810 1504 1847 sermoni
1538 1809 1679 1846 addere

120 1870 328 1918 studuisse,
360 1870 425 1908 sed
458 1870 565 1908 ultra
591 1883 841 1920 progressum
873 1871 942 1907 aut
973 1870 1122 1907 alienos
1154 1880 1287 1907 versus
1319 1881 1389 1906 sua
1415 1869 1591 1906 oratione
1623 1881 1680 1905 re-

120 1930 266 1978 cepisse
305 1930 413 1967 nullo
453 1930 557 1978 quod
595 1931 717 1967 sciam
754 1929 899 1966 indicio
935 1928 1142 1980 probatur,
1181 1929 1258 1966 nisi
1296 1929 1382 1977 quis
1421 1927 1538 1975 forte,
1577 1926 1679 1975 quod

121 1989 341 2027 aemulatus
368 1988 542 2033 Ennium
573 1989 730 2037 dicitur,
763 2001 883 2038 prave
915 1981 1199 2037 interpretatus
1230 1988 1293 2024 sit.
1327 1986 1403 2024 Sed
1428 1989 1472 2024 ut
1497 1986 1595 2023 nihil
1622 1986 1679 2022 di-

119 2059 205 2085 cam
236 2047 282 2084 de
317 2048 490 2087 versibus
522 2047 689 2095 ficticiis,
723 2047 863 2096 quibus
896 2047 994 2084 mihi
1018 2046 1175 2084 videtur
1200 2046 1306 2083 fama
1331 2046 1519 2094 principis
1546 2047 1677 2093 poeta-

120 2120 208 2144 rum
239 2106 456 2157 deturpari,
490 2119 676 2155 quaerere
692 2106 802 2154 libet,
834 2108 1023 2144 cunctane
1055 2104 1190 2143 Livius
1222 2105 1264 2141 in
1289 2104 1391 2141 bello
1416 2103 1678 2140 Hannibalico

119 2179 142 2203 a
169 2165 300 2204 Coelio
326 2166 541 2215 Antipatro
567 2165 782 2214 repetierit,
810 2176 925 2212 quem
950 2164 1179 2213 plerumque
1205 2164 1245 2200 in
1273 2163 1448 2200 dissensu
1475 2164 1677 2199 auctorum

118 2226 288 2262 testatur
320 2225 386 2262 sed
418 2225 477 2262 ita
508 2226 553 2260 ut
584 2225 621 2261 ei
651 2222 767 2260 fidem
799 2235 892 2272 prae
923 2223 1061 2260 ceteris
1087 2235 1164 2259 non
1189 2221 1344 2259 habeat.
1375 2221 1489 2269 Nam,
1505 2222 1582 2258 nisi
1606 2221 1678 2257 hoc

117 2285 176 2321 ita
207 2296 288 2321 esse
321 2285 485 2330 statuas,
519 2283 587 2331 qui
619 2283 733 2320 licuit
765 2294 1031 2330 quaecumque
1061 2282 1258 2319 numerosi
1284 2280 1379 2329 quid
1403 2279 1546 2318 habere
1572 2280 1678 2317 vide-

119 2344 256 2381 rentur
294 2343 335 2379 in
367 2342 428 2380 his
460 2342 572 2380 libris
603 2341 782 2379 Livianis
814 2342 959 2378 temere
995 2342 1034 2378 et
1070 2340 1179 2378 nulla
1217 2341 1401 2377 accurata
1438 2339 1677 2377 demonstra-

121 2402 228 2440 tione
261 2401 442 2439 adhibita
474 2401 524 2438 ad
557 2399 734 2438 Coelium
766 2394 1071 2452 revocare‘?***)

235 2461 420 2499 Nondum
454 2461 550 2498 satis
584 2459 734 2498 dictum
765 2461 825 2498 est
856 2459 902 2497 de
933 2458 1065 2507 Livio,
1104 2470 1344 2507 quamquam
1380 2469 1478 2506 quae
1516 2456 1679 2494 dicenda

234 2561 265 2607 ²¹⁵)
285 2561 457 2596 Enniana
483 2572 526 2596 ex
547 2560 671 2596 Ovidii
697 2560 862 2595 versibus
891 2559 921 2593 si
948 2560 1186 2603 quaeruntur,
1213 2558 1345 2602 quidni
1371 2557 1455 2592 fast.
1478 2570 1504 2591 11
1519 2560 1585 2591 504
1607 2557 1677 2592 Ro-

118 2610 239 2644 mulus
262 2610 303 2644 in
334 2610 454 2644 media
479 2609 578 2644 visus
609 2608 731 2643 adesse
761 2608 822 2642 via
854 2606 1078 2641 conferimus
1110 2617 1194 2640 cum
1225 2616 1308 2639 ann.
1331 2609 1350 2639 6
1376 2606 1475 2639 visus
1501 2605 1679 2639 Homerus

119 2657 240 2692 adesse
255 2661 380 2701 poeta:
400 2657 465 2690 sed
484 2657 583 2691 visus
602 2656 723 2691 adesse
743 2654 948 2689 communis
969 2653 1119 2688 dicendi
1138 2652 1234 2687 ratio
1255 2654 1321 2695 est,
1342 2663 1415 2696 qua
1429 2651 1580 2686 Ovidius
1600 2650 1678 2694 ipse

122 2703 179 2738 vel
198 2705 285 2738 met.
306 2717 354 2739 xv
368 2708 411 2738 32
433 2704 562 2747 utitur,
582 2702 648 2737 ubi
668 2713 741 2736 non
762 2703 818 2736 est
837 2701 938 2745 quod
958 2701 1003 2736 de
1023 2700 1143 2735 Ennio
1164 2700 1358 2745 cogitetur.

217 2751 265 2796 **)
285 2751 339 2785 De
359 2751 558 2796 Antipatro
579 2751 664 2795 post
683 2749 782 2783 Frid.
804 2748 938 2783 Marxii
958 2748 1062 2783 Stud.
1083 2747 1198 2783 Lucil.
1220 2747 1286 2781 Ed.
1301 2745 1495 2780 Nordenus
1516 2743 1593 2789 egit
1612 2755 1676 2777 an—

117 2797 186 2834 tike
205 2799 442 2843 Kunstprosa
461 2811 494 2843 p.
513 2801 579 2832 176
589 2809 641 2841 sq.

201 2845 266 2891 ***)
287 2845 430 2880 Diversi
450 2845 596 2890 generis
617 2846 703 2878 sunt
722 2854 816 2887 quae
837 2843 883 2878 de
903 2843 1022 2878 Ennio
1043 2844 1080 2877 et
1099 2842 1204 2876 Livio
1225 2841 1290 2875 Ed.
1306 2838 1506 2874 Zarnckius
1527 2839 1563 2872 et
1585 2848 1675 2881 quos

118 2891 196 2936 ipse
216 2892 347 2927 laudat
366 2893 405 2926 111
426 2892 627 2927 Comment.
649 2892 687 2925 in
707 2891 884 2925 honorem
898 2889 1150 2925 O.Ribbeckii
1166 2892 1256 2923 1888
1276 2900 1311 2932 p.
1327 2891 1393 2921 269
1403 2897 1454 2928 sq.
1476 2886 1534 2930 (cf.
1551 2886 1676 2928 283n.)

118 2938 308 2985 ingeniose
330 2940 516 2984 disseruit,
538 2940 602 2974 sed
623 2950 666 2973 ea
686 2949 707 2973 a
727 2949 808 2973 meo
829 2938 962 2973 itinere
982 2937 1127 2972 absunt.
