2054 3282
323 166 380 207 94
852 159 1125 204 ‚ANNALIUM
1150 159 1237 194 LIB.
1258 158 1349 193 INC.

1083 278 1111 311 L

325 341 411 383 514
441 340 498 381 Et
526 343 616 381 tum
643 340 753 381 sicut
778 353 910 393 equus
937 338 1010 392 qui
1037 337 1087 378 de
1112 337 1385 392 praesepibus
1411 337 1546 378 fartus

440 410 592 452 Vincla
618 409 704 451 suis
730 409 896 464 magnis
923 407 1076 449 animis
1103 407 1276 462 abrupit
1300 410 1343 449 et
1369 407 1466 448 inde

439 480 539 521 Fert
564 494 653 521 sese
679 479 818 533 campi
844 493 919 532 per
944 479 1112 519 caerula
1137 479 1332 532 laetaque
1357 481 1490 532 prata,

322 550 406 592 517
441 549 562 592 Celso
588 553 758 605 pectore
784 564 907 603 saepe
934 548 1078 589 iubam
1105 551 1278 603 quassat
1303 548 1431 589 simul
1456 549 1598 604 altam,

440 621 624 675 Spiritus
651 636 701 663 ex
727 620 869 662 anima
893 619 1029 661 calida
1054 634 1226 674 spumas
1252 619 1343 675 agit
1368 619 1485 661 albas

1076 711 1122 745 LI

321 773 407 816 519
441 773 630 827 Cumque
656 776 785 828 caput
810 773 987 826 caderet,
1014 786 1184 814 carmen
1210 771 1314 814 tuba
1339 773 1430 814 sola
1454 773 1620 828 peregit

439 844 498 886 Et
522 847 724 899 pereunte
751 844 842 885 viro
869 857 1044 884 raucum
1071 857 1199 884 sonus
1226 858 1319 884 aere
1345 845 1532 886 cucurrit

1065 947 1129 981 LII

320 1009 403 1052 521
439 1008 625 1064 Corpore
657 1009 862 1050 tartarino
895 1011 1106 1064 prognata
1136 1007 1298 1065 Paluda
1329 1009 1489 1065 virago,

329 1094 331 1096 ·
441 1080 518 1122 Oui
544 1095 620 1135 par
646 1080 782 1121 imber
808 1082 850 1120 et
875 1079 998 1134 ignis,
1025 1079 1200 1133 spiritus
1227 1082 1269 1121 et
1293 1081 1435 1136 gravis
1460 1083 1573 1122 terra

321 1232 522 1278 quadrigas
544 1232 609 1277 (sic
628 1231 723 1266 Flor.
744 1242 843 1266 nam
868 1231 1040 1266 Ennius
1066 1230 1272 1266 effundit
1294 1232 1464 1267 irarum
1490 1232 1740 1278 quadrigas
1761 1232 1881 1267 dixit

321 1286 498 1331 ceteri)».'

438 1339 466 1372 L
487 1340 582 1384 (514)
613 1338 824 1373 Macrobius
840 1338 914 1373 Sat.
930 1351 966 1373 v1
981 1342 1013 1382 3,
1026 1342 1044 1372 7
1062 1339 1280 1374 ‘Homerica
1300 1339 1500 1384 descriptio
1520 1341 1577 1374 est
1597 1339 1682 1383 equi
1701 1338 1880 1384 fugientis

321 1392 360 1426 in
379 1392 472 1426 haec
491 1391 603 1426 verba
624 1391 677 1436 (Il.
692 1404 728 1426 v1
743 1392 825 1436 506)
847 1391 896 1432 ὡς
915 1389 953 1426 δ’
977 1389 1036 1426 ὅτε
1055 1405 1110 1433 τις
1130 1393 1259 1434 στατὸς
1277 1392 1400 1436 ἵππος,
1422 1392 1629 1437 ἀκοστήσας
1655 1393 1716 1428 ἐπὶ
1743 1391 1880 1439 φάτνῃ,

322 1445 458 1490 δεσμὸν
485 1444 699 1489 ἀπορρήξας
716 1443 806 1491 θείῃ
825 1443 972 1480 πεδίοιο
993 1444 1192 1489 κροαίνων,
1212 1445 1357 1487 εἰωθὼς
1381 1446 1561 1481 λούεσθαι
1582 1446 1747 1491 ἐυρρεῖος
1764 1458 1880 1480 ποτα-

321 1504 415 1543 μοῖο,
432 1497 611 1533 κυδιόων·
627 1498 728 1543 ὑψοῦ
743 1498 783 1533 δὲ
798 1497 893 1543 κάρη
909 1498 994 1544 ἔχει,
1009 1498 1105 1543 ἀμφὶ
1120 1498 1160 1534 δὲ
1174 1505 1300 1546 χαῖται
1314 1499 1426 1545 ὤμοις
1439 1498 1648 1535 ἀίσσονται·
1665 1498 1684 1534 ὃ
1700 1496 1738 1534 δ’
1755 1496 1881 1543 ἀγλαί-

321 1565 391 1596 ηφι
411 1551 617 1595 πεποιθώς,
637 1548 756 1596 ῥ’ίμφα
778 1551 793 1586 ἑ
813 1557 932 1596 γοῦνα
952 1550 1058 1596 φέρει
1078 1551 1168 1597 μετά
1182 1550 1216 1586 τ’
1233 1551 1331 1595 ἤθεα
1358 1553 1422 1587 καὶ
1448 1552 1563 1597 νομὸν
1584 1551 1718 1587 ἵππων.
1739 1551 1880 1585 Ennius

321 1604 408 1639 hinc
427 1604 543 1639 traxit
563 1605 624 1640 «et
643 1605 744 1638 tum.
762 1632 768 1638 .
786 1632 791 1638 .
807 1604 913 1638 albas
934 1606 1064 1650 (518)»‚
1080 1604 1267 1650 Vergilius
1289 1605 1391 1651 (Aen.
1407 1619 1443 1639 XI
1464 1607 1546 1650 492)
1567 1605 1712 1650 «qualis
1732 1604 1797 1639 ubi
1817 1604 1881 1639 ab·

321 1657 440 1702 ruptis
460 1657 559 1702 fugit
577 1657 774 1702 praesepia
792 1656 946 1693 vinclis»
967 1659 1005 1691 et
1024 1659 1173 1692 cetera.'

442 1710 489 1744 LI
510 1711 605 1756 (519)
643 1710 861 1745 Lactantius
881 1710 920 1744 in
941 1709 1032 1745 Stat.
1048 1710 1162 1745 Theb.
1177 1724 1214 1745 XI
1235 1715 1279 1746 56
1300 1711 1440 1756 (stabat
1463 1711 1503 1745 in
1522 1710 1719 1756 Argolicae
1744 1710 1882 1749 ferrato

320 1763 488 1808 margine
516 1763 628 1798 turris
655 1763 827 1808 egregius
852 1763 946 1797 lituo
976 1764 1096 1798 dextri
1116 1763 1294 1798 Mavortis
1320 1763 1484 1808 Enipeus
1503 1764 1686 1799 hortator:
1709 1764 1773 1798 sed
1792 1765 1881 1798 tunc

321 1816 464 1851 miseris
485 1816 602 1851 dabat
619 1816 713 1851 utile
733 1817 880 1862 signum
897 1845 902 1850 .
920 1845 925 1850 .
942 1827 1025 1850 cum
1039 1817 1204 1851 subitum
1218 1817 1369 1861 obliquo
1384 1817 1577 1852 descendit
1591 1817 1637 1851 ab
1653 1828 1737 1852 aere
1750 1816 1882 1851 vulnus

324 1898 330 1904 .
347 1898 353 1904 .
375 1869 475 1915 fugit
494 1870 533 1904 in
553 1880 689 1905 vacuas
709 1870 784 1904 iam
805 1869 957 1914 spiritus
978 1880 1096 1912 auras,
1118 1870 1193 1904 iam
1213 1870 1340 1915 gelida
1360 1881 1424 1904 ora
1442 1871 1584 1905 tacent:
1613 1871 1773 1915 carmen)
1791 1869 1883 1905 tuba

322 1922 401 1957 sola
424 1923 589 1968 peregit:
610 1922 752 1957 Ennius
772 1934 952 1967 «cumque
975 1923 1166 1968 (eminus
1193 1924 1277 1958 add.
1293 1923 1392 1958 Parr.
1415 1934 1438 1958 a
1457 1925 1495 1958 et
1512 1924 1550 1968 b)
1571 1934 1600 1957 c.
1622 1924 1773 1958 caderet
1792 1924 1882 1968 (ca-

322 1976 345 2009 d
354 1987 399 2010 er
408 1987 427 2010 e
441 1976 599 2021 Monac.)
611 2005 616 2010 .
628 2004 634 2009 .
648 1976 727 2011 sola
739 1976 886 2021 peregit
896 1977 935 2021 (s.
948 1988 983 2021 p.
997 1987 1065 2011 om.
1079 1976 1159 2011 Par.
1173 1977 1211 2022 b)
1224 2005 1229 2011 .
1245 2005 1250 2010 .
1266 2005 1271 2011 .
1284 1987 1436 2011 raucum
1448 1976 1542 2022 (Par.
1559 1987 1590 2020 a,
1606 1987 1654 2011 ra
1673 1980 1725 2011 οὗ
1737 1976 1880 2011 Monac.

321 2039 484 2063 raucus
503 2029 585 2064 Par.
601 2029 638 2075 b)
655 2058 660 2063 .
679 2058 685 2063 .
701 2029 912 2065 cucurrit»)

439 2082 502 2116 LH
522 2083 618 2128 (521)
650 2082 790 2117 Probus
810 2083 850 2117 in
860 2082 969 2128 Verg.
985 2083 1050 2118 ecl.
1067 2087 1098 2126 6,
1115 2087 1156 2117 31
1178 2096 1213 2128 p.
1232 2087 1285 2126 18,
1305 2087 1346 2118 13
1362 2083 1454 2118 Keil.
1474 2083 1525 2118 ‘si
1546 2094 1633 2128 ergo
1654 2082 1798 2117 caelum
1816 2093 1883 2128 pro

321 2135 402 2182 igni
422 2136 682 2181 acceperimus,
704 2137 880 2180 superest,
901 2138 944 2170 ut
961 2137 1001 2171 in
1021 2147 1064 2171 eo
1078 2137 1178 2181 quod
1192 2137 1248 2171 ait
1261 2137 1436 2181 «spiritus
1450 2137 1550 2171 intus
1565 2136 1655 2172 alit»
1671 2147 1796 2171 aerem
1807 2136 1882 2170 dic-

321 2190 401 2223 tum
419 2199 707 2234 praesumamus.
729 2189 790 2223 hic
815 2190 872 2224 est
891 2189 1005 2224 etiam
1025 2189 1089 2235 qui
1115 2190 1222 2225 nobis
1242 2190 1390 2225 vivendi
1416 2190 1614 2235 spirituum
1638 2190 1884 2225 commeatum

322 2242 489 2288 largitur.
511 2242 581 2278 hoc
600 2242 695 2277 illud
721 2244 759 2277 et
784 2243 925 2278 Ennius
952 2242 1159 2288 appellavit
1183 2243 1222 2277 in
1249 2243 1447 2278 annalibus
1468 2254 1649 2288 «corpora
1669 2247 1827 2279 tartareo
1846 2255 1882 2287 p-

319 2296 456 2339 palude
475 2296 603 2341 virago
619 2324 625 2330 .
644 2324 649 2330 .
667 2324 672 2330 .
689 2297 837 2332 terra»)
938 2296 1054 2331 Varro
1075 2297 1121 2331 de
1140 2296 1163 2331 l.
1180 2297 1218 2331 L.
1235 2309 1285 2332 vn
1299 2300 1343 2331 37
1360 2297 1545 2342 ‘«corpore
1565 2297 1748 2332 tartarino
1767 2307 1802 2341 p.
1813 2307 1883 2340 pa-

443 2467 525 2504 515
555 2467 695 2506 animis
724 2479 795 2505 om.
816 2468 908 2506 Par.
1071 2469 1154 2506 517
1182 2479 1305 2517 equus
1333 2467 1401 2505 ille
1429 2467 1564 2505 iubam
1594 2467 1776 2516 quatiens
1805 2465 1880 2505 Cic.

322 2524 434 2564 Arat.
458 2521 522 2579 (de
546 2529 624 2564 nat.
645 2527 744 2565 deor.
766 2539 796 2564 11
817 2536 885 2575 43,
906 2537 920 2562 1
936 2537 949 2562 1
966 2521 1029 2579 1);
1047 2527 1222 2565 tumidus
1249 2527 1507 2576 quatiensque
1533 2526 1692 2564 decoras
1719 2527 1883 2564 curvata

324 2585 471 2623 cervice
490 2585 603 2623 iubas
626 2584 832 2624 Claudiam.
849 2599 875 2623 x
894 2594 976 2633 290
1098 2587 1181 2625 519
1202 2586 1269 2624 Sil.
1284 2586 1375 2623 Ital.
1390 2598 1431 2624 1v
1452 2595 1465 2621 1
1477 2583 1530 2633 69
1546 2579 1607 2637 (im
1620 2597 1760 2632 puyna
1782 2585 1881 2623 Tici-

322 2641 450 2697 nensi)
471 2656 563 2681 nam
582 2644 668 2693 tibi,
688 2645 782 2682 dum
812 2645 993 2683 stimulas
1020 2657 1140 2683 cornu
1166 2646 1285 2694 atque
1304 2645 1345 2682 in
1364 2644 1515 2694 proelia
1533 2645 1683 2682 mentes
1704 2644 1882 2682 accendis

323 2715 565 2753 renovasque
584 2704 689 2741 viros
717 2704 765 2741 ad
786 2704 950 2742 vulnera
970 2705 1100 2753 caum,
1119 2704 1248 2742 haesit
1272 2703 1520 2742 barbaricum
1541 2703 1611 2740 sub
1633 2702 1773 2740 anhelo
1793 2704 1882 2753 gut-

322 2763 410 2800 ture
435 2762 559 2800 telum
585 2763 624 2800 et
649 2763 791 2801 clausit
809 2775 972 2801 raucum
990 2763 1102 2801 letali
1122 2763 1282 2802 vulnere
1302 2776 1488 2801 murmur.
1510 2764 1552 2799 at
1572 2774 1689 2800 sonus
1710 2763 1881 2799 extremo

323 2822 526 2860 morientis
552 2822 660 2860 fusus
687 2821 736 2859 ab
756 2834 822 2860 ore
841 2821 942 2860 flexa
959 2823 1178 2871 pererravit
1196 2823 1317 2860 mutis
1336 2823 1416 2860 iam
1436 2833 1582 2860 cornua
1600 2820 1730 2858 labris.
1756 2820 1813 2868 Cf.
1830 2821 1882 2858 ad

322 2880 371 2927 fr.
387 2892 460 2917 xm
481 2883 515 2919 et
533 2883 602 2919 aet.
618 2882 727 2920 acad.
743 2893 778 2920 a.
795 2878 902 2917 1886
919 2876 950 2934 (‘
963 2874 1069 2920 Uber
1083 2882 1144 2921 die
1157 2880 1342 2920 Armalen
1361 2882 1427 2920 des
1439 2874 1634 2932 Ennius’)
1647 2892 1690 2927 p.
1709 2888 1763 2926 30
1777 2891 1830 2927 sq.
1841 2891 1880 2917 n.
