2054 3282
851 215 903 251 IN
905 215 1063 251 CERTA
1508 271 1520 281 θ
1652 215 1737 257 239

928 335 992 369 LII

177 397 233 439 52
749 396 915 452 regredi
948 410 1142 452 gressum

918 500 998 535 LIII

177 562 234 604 53
763 561 810 612 Q.
837 561 1002 604 Ennius
1034 561 1137 604 fecit

177 704 269 748 aput
281 702 454 747 Ennium,
475 702 540 737 sed
559 713 667 737 nemo
682 702 774 736 dicit
786 701 924 737 hodie.'
1073 701 1252 737 Columna
1265 714 1300 747 p.
1317 705 1385 737 498
1400 713 1444 736 ex
1460 703 1470 719 ‘
1481 703 1596 747 antiq.
1613 703 1740 748 gloss.’

177 756 286 792 affert
305 758 497 801 tamquam
516 756 687 791 Enniana
709 755 873 790 ‘locum’
895 757 932 789 et
954 755 1122 800 ‘regredi
1142 756 1335 801 gressum.’

295 810 358 844 LII
377 812 449 856 (52)
482 809 578 844 Vide
598 810 645 844 ad
666 822 700 843 121
720 810 757 843 et
777 808 821 843 cf.
838 818 933 843 scen.
950 812 993 843 13
1010 809 1190 854 ‘gradum
1209 808 1431 854 regrede1·e.’

295 863 375 897 LIII
394 864 466 908 (53)
505 862 632 898 Cicero
654 862 699 896 de
719 862 791 896 div.
806 875 834 896 11
854 866 909 906 54,
927 866 991 896 111
1010 863 1105 897 ‘non
1131 873 1210 897 esse
1236 863 1362 897 autem
1382 862 1476 897 illud
1502 873 1651 897 carmen
1672 863 1741 908 <Si-

176 917 313 963 byllae)
333 916 490 951 furentis
517 927 600 951 cum
625 916 749 961 ipsum
773 926 907 960 poema
933 915 1100 951 declarat
1119 917 1189 962 (est
1215 915 1314 950 enim
1340 916 1460 961 magis
1487 916 1578 950 artis
1599 917 1637 950 et
1657 916 1742 951 dili-

177 970 326 1015 gentiae
351 981 463 1014 quam
488 969 720 1004 incitationis
746 970 784 1003 et
808 970 954 1014 motus),
978 970 1057 1003 tum
1077 980 1161 1004 vero
1182 980 1227 1004 ca
1247 979 1342 1014 quae
1362 967 1573 1015 ἀκροστιχίς
1592 969 1740 1012 dicitur,

177 1035 260 1058 cum
280 1023 455 1068 deinceps
473 1033 517 1057 ex
530 1022 660 1068 primis
675 1033 798 1057 versus
813 1022 950 1057 litteris
965 1023 1118 1068 (primi
1133 1022 1235 1057 Voss.
1252 1023 1321 1057 AB
1341 1023 1502 1068 primis
1517 1022 1625 1057 Vind.
1642 1023 1742 1068 quod

177 1077 383 1112 sententiae
408 1076 604 1119 satisfacit,
631 1076 740 1111 modo
764 1076 979 1121 ‘deinceps’
1005 1077 1104 1111 recte
1129 1076 1392 1121 interpretere:
1421 1077 1464 1110 ut
1488 1087 1527 1110 se
1553 1076 1743 1121 excipiant

177 1130 318 1175 primae
344 1141 468 1165 versus
494 1129 655 1174 litterae)
677 1129 819 1173 aliquid
847 1130 1064 1173 conectitur,
1091 1131 1134 1164 ut
1159 1129 1205 1177 in}
1225 1130 1450 1174 quibusdam
1473 1129 1654 1164 Ennianis
1676 1129 1740 1172 «Q.

177 1184 352 1229 (Auratus
379 1194 492 1228 quae
518 1183 640 1229 codd.)
660 1182 839 1217 ENNIUS
860 1182 1047 1219 FECIT».’
1155 1183 1209 1217 De
1230 1194 1268 1217 re
1288 1183 1334 1218 cf.
1350 1183 1483 1218 Dielsii
1504 1182 1599 1218 folia
1619 1183 1742 1228 Sibyl-

177 1237 255 1272 lina
274 1249 309 1282 p.
327 1241 369 1272 25
385 1249 463 1282 sqq.
