<?xml version="1.0" encoding="UTF-8"?>
<!DOCTYPE html PUBLIC "-//W3C//DTD XHTML 1.0 Transitional//EN"
    "http://www.w3.org/TR/xhtml1/DTD/xhtml1-transitional.dtd">
<html xmlns="http://www.w3.org/1999/xhtml" xml:lang="en" lang="en">
 <head>
  <title>
</title>
<meta http-equiv="Content-Type" content="text/html;charset=utf-8" />
  <meta name='ocr-system' content='tesseract 3.04.00' />
  <meta name='ocr-capabilities' content='ocr_page ocr_carea ocr_par ocr_line ocrx_word'/>
</head>
<body>
  <div class='ocr_page' id='page_1' title='image "./ennianaepoesisre00enniuoft/ennianaepoesisre00enniuoft_0153.png"; bbox 0 0 2004 3278; ppageno 0'>
   <div class='ocr_carea' id='block_1_1' title="bbox 738 192 1721 232">
    <p class='ocr_par' dir='ltr' id='par_1_1' title="bbox 738 192 1721 232">
     <span class='ocr_line' id='line_1_1' title="bbox 738 192 1721 232; baseline 0.005 -5"><span class='ocrx_word' id='word_1_1' title='bbox 738 192 998 229; x_wconf 86' lang='lat' dir='ltr'><em>ANNALIUM</em></span> <span class='ocrx_word' id='word_1_2' title='bbox 1024 193 1112 230; x_wconf 89' lang='lat' dir='ltr'><em>LIB.</em></span> <span class='ocrx_word' id='word_1_3' title='bbox 1136 194 1152 229; x_wconf 97' lang='grc' dir='ltr'>Ι</span> <span class='ocrx_word' id='word_1_4' title='bbox 1186 197 1203 203; x_wconf 69' lang='grc'><em>”’</em></span> <span class='ocrx_word' id='word_1_5' title='bbox 1579 196 1721 232; x_wconf 86' lang='lat' dir='ltr'>CXLIX</span> 
     </span>
    </p>
   </div>
   <div class='ocr_carea' id='block_1_2' title="bbox 150 303 1723 2963">
    <p class='ocr_par' dir='ltr' id='par_1_2' title="bbox 157 303 1722 1422">
     <span class='ocr_line' id='line_1_2' title="bbox 279 303 1721 362; baseline 0.003 -20"><span class='ocrx_word' id='word_1_6' title='bbox 279 304 465 343; x_wconf 81' lang='lat' dir='ltr'><em>Extremo</em></span> <span class='ocrx_word' id='word_1_7' title='bbox 497 305 649 343; x_wconf 88' lang='lat' dir='ltr'><em>somnio</em></span> <span class='ocrx_word' id='word_1_8' title='bbox 683 318 786 343; x_wconf 86' lang='lat' dir='ltr'><em>nunc</em></span> <span class='ocrx_word' id='word_1_9' title='bbox 817 307 863 343; x_wconf 91' lang='lat' dir='ltr'><em>ut</em></span> <span class='ocrx_word' id='word_1_10' title='bbox 894 306 989 345; x_wconf 90' lang='lat' dir='ltr'><em>olim</em></span> <span class='ocrx_word' id='word_1_11' title='bbox 1021 306 1096 345; x_wconf 88' lang='lat' dir='ltr'><em>fide</em></span> <span class='ocrx_word' id='word_1_12' title='bbox 1127 307 1254 347; x_wconf 89' lang='lat' dir='ltr'><em>Persii</em></span> <span class='ocrx_word' id='word_1_13' title='bbox 1285 307 1410 346; x_wconf 86' lang='lat' dir='ltr'><em>adieci</em></span> <span class='ocrx_word' id='word_1_14' title='bbox 1442 320 1598 347; x_wconf 89' lang='lat' dir='ltr'><em>versum</em></span> <span class='ocrx_word' id='word_1_15' title='bbox 1625 303 1721 362; x_wconf 85' lang='lat' dir='ltr'>(x11)</span> 
     </span>
     <span class='ocr_line' id='line_1_3' title="bbox 159 364 1719 418; baseline 0.003 -16"><span class='ocrx_word' id='word_1_16' title='bbox 159 365 298 403; x_wconf 75' lang='lat' dir='ltr'><em>Limai</em></span> <span class='ocrx_word' id='word_1_17' title='bbox 315 366 487 412; x_wconf 80' lang='lat' dir='ltr'><em>portum,</em></span> <span class='ocrx_word' id='word_1_18' title='bbox 518 365 573 402; x_wconf 88' lang='lat' dir='ltr'><em>est</em></span> <span class='ocrx_word' id='word_1_19' title='bbox 596 374 744 411; x_wconf 88' lang='lat' dir='ltr'><em>operae,</em></span> <span class='ocrx_word' id='word_1_20' title='bbox 776 367 994 413; x_wconf 75' lang='lat' dir='ltr'><em>coquoseite,</em></span> <span class='ocrx_word' id='word_1_21' title='bbox 1026 367 1136 404; x_wconf 71' lang='lat' dir='ltr'><em>cives.</em></span> <span class='ocrx_word' id='word_1_22' title='bbox 1169 364 1267 404; x_wconf 78' lang='lat' dir='ltr'><em>Cum</em></span> <span class='ocrx_word' id='word_1_23' title='bbox 1293 367 1397 405; x_wconf 91' lang='lat' dir='ltr'><em>enim</em></span> <span class='ocrx_word' id='word_1_24' title='bbox 1422 367 1577 406; x_wconf 86' lang='lat' dir='ltr'><strong>Persius</strong></span> <span class='ocrx_word' id='word_1_25' title='bbox 1609 381 1719 418; x_wconf 89' lang='lat' dir='ltr'><em>prae-</em></span> 
     </span>
     <span class='ocr_line' id='line_1_4' title="bbox 159 421 1722 474; baseline 0.003 -13"><span class='ocrx_word' id='word_1_26' title='bbox 159 423 281 462; x_wconf 89' lang='lat' dir='ltr'><em>misso</em></span> <span class='ocrx_word' id='word_1_27' title='bbox 317 423 391 461; x_wconf 91' lang='lat' dir='ltr'><em>hoc</em></span> <span class='ocrx_word' id='word_1_28' title='bbox 422 435 538 461; x_wconf 89' lang='lat' dir='ltr'><em>versu</em></span> <span class='ocrx_word' id='word_1_29' title='bbox 570 421 678 461; x_wconf 85' lang='lat' dir='ltr'><em>dicat</em></span> <span class='ocrx_word' id='word_1_30' title='bbox 709 434 773 461; x_wconf 87' lang='lat' dir='ltr'><em>cor</em></span> <span class='ocrx_word' id='word_1_31' title='bbox 802 424 906 462; x_wconf 85' lang='lat' dir='ltr'><em>iubet</em></span> <span class='ocrx_word' id='word_1_32' title='bbox 935 425 1003 463; x_wconf 74' lang='lat' dir='ltr'><em>hoe</em></span> <span class='ocrx_word' id='word_1_33' title='bbox 1034 425 1145 463; x_wconf 75' lang='lat' dir='ltr'><em>Enni</em></span> <span class='ocrx_word' id='word_1_34' title='bbox 1171 429 1380 474; x_wconf 75' lang='lat' dir='ltr'><em>postquam</em></span> <span class='ocrx_word' id='word_1_35' title='bbox 1412 426 1608 465; x_wconf 77' lang='lat' dir='ltr'><em>destertuit</em></span> <span class='ocrx_word' id='word_1_36' title='bbox 1643 439 1722 466; x_wconf 89' lang='lat' dir='ltr'><em>esse</em></span> 
     </span>
     <span class='ocr_line' id='line_1_5' title="bbox 159 481 1722 534; baseline 0.002 -13"><span class='ocrx_word' id='word_1_37' title='bbox 159 482 388 522; x_wconf 75' lang='lat' dir='ltr'><em>Maeonides</em></span> <span class='ocrx_word' id='word_1_38' title='bbox 410 481 575 531; x_wconf 74' lang='lat' dir='ltr'><em>Quintus</em></span> <span class='ocrx_word' id='word_1_39' title='bbox 586 493 742 530; x_wconf 77' lang='lat' dir='ltr'><em>pavone</em></span> <span class='ocrx_word' id='word_1_40' title='bbox 761 493 806 520; x_wconf 77' lang='lat' dir='ltr'><em>ex</em></span> <span class='ocrx_word' id='word_1_41' title='bbox 817 482 1066 532; x_wconf 61' lang='lat' dir='ltr'><em>Pythagoreo,</em></span> <span class='ocrx_word' id='word_1_42' title='bbox 1090 484 1127 521; x_wconf 92' lang='lat' dir='ltr'><em>h.</em></span> <span class='ocrx_word' id='word_1_43' title='bbox 1149 497 1178 522; x_wconf 93' lang='lat' dir='ltr'><em>e.</em></span> <span class='ocrx_word' id='word_1_44' title='bbox 1199 486 1410 534; x_wconf 74' lang='lat' dir='ltr'><em>postquam</em></span> <span class='ocrx_word' id='word_1_45' title='bbox 1429 484 1580 524; x_wconf 84' lang='lat' dir='ltr'><em>Ennius</em></span> <span class='ocrx_word' id='word_1_46' title='bbox 1604 486 1722 525; x_wconf 88' lang='lat' dir='ltr'><em>desiit</em></span> 
     </span>
     <span class='ocr_line' id='line_1_6' title="bbox 160 540 1720 592; baseline 0.003 -11"><span class='ocrx_word' id='word_1_47' title='bbox 160 553 244 581; x_wconf 91' lang='lat' dir='ltr'><em>esse</em></span> <span class='ocrx_word' id='word_1_48' title='bbox 262 541 458 580; x_wconf 87' lang='lat' dir='ltr'><em>Homerus</em></span> <span class='ocrx_word' id='word_1_49' title='bbox 485 542 554 590; x_wconf 92' lang='lat' dir='ltr'><em>qui</em></span> <span class='ocrx_word' id='word_1_50' title='bbox 580 541 656 579; x_wconf 89' lang='lat' dir='ltr'><em>sibi</em></span> <span class='ocrx_word' id='word_1_51' title='bbox 676 553 758 580; x_wconf 89' lang='lat' dir='ltr'><em>esse</em></span> <span class='ocrx_word' id='word_1_52' title='bbox 778 540 988 580; x_wconf 89' lang='lat' dir='ltr'><em>videbatur</em></span> <span class='ocrx_word' id='word_1_53' title='bbox 1006 555 1076 592; x_wconf 90' lang='lat' dir='ltr'><em>per</em></span> <span class='ocrx_word' id='word_1_54' title='bbox 1095 543 1290 581; x_wconf 90' lang='lat' dir='ltr'><em>somnium</em></span> <span class='ocrx_word' id='word_1_55' title='bbox 1310 545 1350 581; x_wconf 92' lang='lat' dir='ltr'><em>et</em></span> <span class='ocrx_word' id='word_1_56' title='bbox 1369 555 1479 582; x_wconf 85' lang='lat' dir='ltr'><em>suam</em></span> <span class='ocrx_word' id='word_1_57' title='bbox 1498 557 1633 583; x_wconf 84' lang='lat' dir='ltr'><em>veram</em></span> <span class='ocrx_word' id='word_1_58' title='bbox 1652 558 1720 585; x_wconf 88' lang='lat' dir='ltr'><em>na-</em></span> 
     </span>
     <span class='ocr_line' id='line_1_7' title="bbox 158 600 1720 653; baseline 0.003 -14"><span class='ocrx_word' id='word_1_59' title='bbox 158 602 290 639; x_wconf 89' lang='lat' dir='ltr'><em>turam</em></span> <span class='ocrx_word' id='word_1_60' title='bbox 317 613 476 639; x_wconf 91' lang='lat' dir='ltr'><em>excusso</em></span> <span class='ocrx_word' id='word_1_61' title='bbox 502 612 639 639; x_wconf 86' lang='lat' dir='ltr'><em>somno</em></span> <span class='ocrx_word' id='word_1_62' title='bbox 664 600 836 650; x_wconf 87' lang='lat' dir='ltr'><em>repetiit,</em></span> <span class='ocrx_word' id='word_1_63' title='bbox 862 613 940 640; x_wconf 89' lang='lat' dir='ltr'><em>non</em></span> <span class='ocrx_word' id='word_1_64' title='bbox 965 613 1120 650; x_wconf 89' lang='lat' dir='ltr'><em>possum</em></span> <span class='ocrx_word' id='word_1_65' title='bbox 1149 602 1370 653; x_wconf 87' lang='lat' dir='ltr'><em>intelligere</em></span> <span class='ocrx_word' id='word_1_66' title='bbox 1393 602 1565 641; x_wconf 85' lang='lat' dir='ltr'><em>Ennium</em></span> <span class='ocrx_word' id='word_1_67' title='bbox 1590 605 1720 644; x_wconf 89' lang='grc'>1103010</span> 
     </span>
     <span class='ocr_line' id='line_1_8' title="bbox 161 655 1720 712; baseline 0.003 -14"><span class='ocrx_word' id='word_1_68' title='bbox 161 662 260 710; x_wconf 87' lang='grc'>(11101</span> <span class='ocrx_word' id='word_1_69' title='bbox 285 661 399 699; x_wconf 86' lang='grc'>0111113</span> <span class='ocrx_word' id='word_1_70' title='bbox 418 661 509 710; x_wconf 90' lang='grc'>90313</span> <span class='ocrx_word' id='word_1_71' title='bbox 528 660 569 697; x_wconf 89' lang='lat' dir='ltr'><em>id</em></span> <span class='ocrx_word' id='word_1_72' title='bbox 589 661 784 699; x_wconf 89' lang='lat' dir='ltr'><em>somnium</em></span> <span class='ocrx_word' id='word_1_73' title='bbox 803 659 960 698; x_wconf 90' lang='lat' dir='ltr'><em>finitum</em></span> <span class='ocrx_word' id='word_1_74' title='bbox 988 655 1335 712; x_wconf 83' lang='lat' dir='ltr'><em>(quemadmodum</em></span> <span class='ocrx_word' id='word_1_75' title='bbox 1354 661 1590 702; x_wconf 85' lang='lat' dir='ltr'><em>Ribbeckius</em></span> <span class='ocrx_word' id='word_1_76' title='bbox 1616 676 1720 702; x_wconf 88' lang='lat' dir='ltr'><em>cum·</em></span> 
     </span>
     <span class='ocr_line' id='line_1_9' title="bbox 160 713 1721 772; baseline 0.001 -14"><span class='ocrx_word' id='word_1_77' title='bbox 160 733 235 770; x_wconf 93' lang='lat' dir='ltr'><em>que</em></span> <span class='ocrx_word' id='word_1_78' title='bbox 262 732 306 758; x_wconf 89' lang='lat' dir='ltr'><em>eo</em></span> <span class='ocrx_word' id='word_1_79' title='bbox 333 720 403 758; x_wconf 90' lang='lat' dir='ltr'><em>alii</em></span> <span class='ocrx_word' id='word_1_80' title='bbox 421 713 766 772; x_wconf 72' lang='lat' dir='ltr'><em>interpretantur),</em></span> <span class='ocrx_word' id='word_1_81' title='bbox 792 718 859 758; x_wconf 87' lang='lat' dir='ltr'><em>sed</em></span> <span class='ocrx_word' id='word_1_82' title='bbox 879 731 924 758; x_wconf 91' lang='lat' dir='ltr'><em>eo</em></span> <span class='ocrx_word' id='word_1_83' title='bbox 943 720 1030 769; x_wconf 92' lang='lat' dir='ltr'><em>ipso</em></span> <span class='ocrx_word' id='word_1_84' title='bbox 1049 721 1238 770; x_wconf 89' lang='lat' dir='ltr'><em>temporis</em></span> <span class='ocrx_word' id='word_1_85' title='bbox 1257 722 1404 770; x_wconf 87' lang='lat' dir='ltr'><em>puncto</em></span> <span class='ocrx_word' id='word_1_86' title='bbox 1425 733 1501 770; x_wconf 91' lang='lat' dir='ltr'><em>quo</em></span> <span class='ocrx_word' id='word_1_87' title='bbox 1522 734 1567 759; x_wconf 83' lang='lat' dir='ltr'><em>ex</em></span> <span class='ocrx_word' id='word_1_88' title='bbox 1587 734 1721 761; x_wconf 83' lang='lat' dir='ltr'><em>somno</em></span> 
     </span>
     <span class='ocr_line' id='line_1_10' title="bbox 160 774 1720 833; baseline 0.003 -17"><span class='ocrx_word' id='word_1_89' title='bbox 160 778 329 817; x_wconf 87' lang='lat' dir='ltr'><em>surrexit</em></span> <span class='ocrx_word' id='word_1_90' title='bbox 353 779 424 817; x_wconf 88' lang='grc'>1110</span> <span class='ocrx_word' id='word_1_91' title='bbox 450 791 567 817; x_wconf 87' lang='lat' dir='ltr'><em>versu</em></span> <span class='ocrx_word' id='word_1_92' title='bbox 593 779 697 817; x_wconf 88' lang='lat' dir='ltr'><em>cives</em></span> <span class='ocrx_word' id='word_1_93' title='bbox 719 778 950 828; x_wconf 83' lang='lat' dir='ltr'><em>appellasse,</em></span> <span class='ocrx_word' id='word_1_94' title='bbox 976 779 1054 817; x_wconf 90' lang='lat' dir='ltr'><em>nisi</em></span> <span class='ocrx_word' id='word_1_95' title='bbox 1073 780 1172 828; x_wconf 89' lang='lat' dir='ltr'><em>quis,</em></span> <span class='ocrx_word' id='word_1_96' title='bbox 1194 792 1280 817; x_wconf 91' lang='lat' dir='ltr'><em>cum</em></span> <span class='ocrx_word' id='word_1_97' title='bbox 1301 779 1500 830; x_wconf 87' lang='lat' dir='ltr'><em>Vergilius</em></span> <span class='ocrx_word' id='word_1_98' title='bbox 1521 774 1597 833; x_wconf 86' lang='lat' dir='ltr'><em>(vn</em></span> <span class='ocrx_word' id='word_1_99' title='bbox 1618 776 1720 833; x_wconf 81' lang='lat'>659)</span> 
     </span>
     <span class='ocr_line' id='line_1_11' title="bbox 159 837 1721 887; baseline 0.002 -11"><span class='ocrx_word' id='word_1_100' title='bbox 159 838 208 876; x_wconf 92' lang='lat' dir='ltr'><em>de</em></span> <span class='ocrx_word' id='word_1_101' title='bbox 238 837 437 877; x_wconf 85' lang='lat' dir='ltr'><em>Aventino</em></span> <span class='ocrx_word' id='word_1_102' title='bbox 467 838 575 876; x_wconf 89' lang='lat' dir='ltr'><em>dicat</em></span> <span class='ocrx_word' id='word_1_103' title='bbox 605 849 716 886; x_wconf 91' lang='lat' dir='ltr'><em>quem</em></span> <span class='ocrx_word' id='word_1_104' title='bbox 740 838 851 877; x_wconf 75' lang='lat' dir='ltr'><em>Rhea</em></span> <span class='ocrx_word' id='word_1_105' title='bbox 882 838 1060 876; x_wconf 82' lang='lat' dir='ltr'><em>sacerdos</em></span> <span class='ocrx_word' id='word_1_106' title='bbox 1091 839 1282 886; x_wconf 82' lang='lat' dir='ltr'><em>furtivum</em></span> <span class='ocrx_word' id='word_1_107' title='bbox 1305 842 1429 887; x_wconf 90' lang='lat' dir='ltr'><em>partu</em></span> <span class='ocrx_word' id='word_1_108' title='bbox 1458 840 1530 878; x_wconf 84' lang='lat' dir='ltr'><em>sub</em></span> <span class='ocrx_word' id='word_1_109' title='bbox 1561 840 1721 879; x_wconf 78' lang='lat' dir='ltr'><em>luminis</em></span> 
     </span>
     <span class='ocr_line' id='line_1_12' title="bbox 159 897 1721 948; baseline 0.002 -12"><span class='ocrx_word' id='word_1_110' title='bbox 159 898 279 936; x_wconf 78' lang='lat' dir='ltr'><em>edidit</em></span> <span class='ocrx_word' id='word_1_111' title='bbox 303 908 405 942; x_wconf 83' lang='lat' dir='ltr'><em>oras,</em></span> <span class='ocrx_word' id='word_1_112' title='bbox 429 899 552 936; x_wconf 71' lang='lat' dir='ltr'><em>mioeta</em></span> <span class='ocrx_word' id='word_1_113' title='bbox 577 897 645 936; x_wconf 92' lang='lat' dir='ltr'><em>deo</em></span> <span class='ocrx_word' id='word_1_114' title='bbox 670 897 821 942; x_wconf 85' lang='lat' dir='ltr'><em>mulier,</em></span> <span class='ocrx_word' id='word_1_115' title='bbox 840 900 1048 946; x_wconf 88' lang='lat' dir='ltr'><em>postquam</em></span> <span class='ocrx_word' id='word_1_116' title='bbox 1073 897 1293 937; x_wconf 87' lang='lat' dir='ltr'><em>Laurentia</em></span> <span class='ocrx_word' id='word_1_117' title='bbox 1317 899 1436 937; x_wconf 83' lang='lat' dir='ltr'><em>victor</em></span> <span class='ocrx_word' id='word_1_118' title='bbox 1463 897 1637 948; x_wconf 71' lang='lat' dir='ltr'><em>Geryone</em></span> <span class='ocrx_word' id='word_1_119' title='bbox 1662 912 1721 939; x_wconf 72' lang='lat' dir='ltr'><em>ex-</em></span> 
     </span>
     <span class='ocr_line' id='line_1_13' title="bbox 159 956 1721 1008; baseline 0.001 -13"><span class='ocrx_word' id='word_1_120' title='bbox 159 958 274 996; x_wconf 83' lang='lat' dir='ltr'><em>tincto</em></span> <span class='ocrx_word' id='word_1_121' title='bbox 303 957 529 1006; x_wconf 69' lang='lat' dir='ltr'><em>Tirynthius</em></span> <span class='ocrx_word' id='word_1_122' title='bbox 555 958 679 1006; x_wconf 76' lang='lat' dir='ltr'><em>attiyit</em></span> <span class='ocrx_word' id='word_1_123' title='bbox 705 969 815 1002; x_wconf 80' lang='lat' dir='ltr'><em>arva,</em></span> <span class='ocrx_word' id='word_1_124' title='bbox 840 969 918 1007; x_wconf 86' lang='lat' dir='ltr'><em>non</em></span> <span class='ocrx_word' id='word_1_125' title='bbox 944 957 1099 1007; x_wconf 88' lang='lat' dir='ltr'><em>tempus</em></span> <span class='ocrx_word' id='word_1_126' title='bbox 1124 956 1274 995; x_wconf 89' lang='lat' dir='ltr'><em>reditus</em></span> <span class='ocrx_word' id='word_1_127' title='bbox 1301 957 1367 995; x_wconf 91' lang='lat' dir='ltr'><em>sed</em></span> <span class='ocrx_word' id='word_1_128' title='bbox 1387 959 1580 1007; x_wconf 74' lang='lat' dir='ltr'><em>posterius</em></span> <span class='ocrx_word' id='word_1_129' title='bbox 1601 959 1721 1008; x_wconf 91' lang='lat' dir='ltr'><em>quod-</em></span> 
     </span>
     <span class='ocr_line' id='line_1_14' title="bbox 159 1015 1722 1068; baseline 0.001 -14"><span class='ocrx_word' id='word_1_130' title='bbox 159 1016 251 1054; x_wconf 87' lang='lat' dir='ltr'><em>dam</em></span> <span class='ocrx_word' id='word_1_131' title='bbox 275 1017 368 1067; x_wconf 91' lang='lat' dir='ltr'><em>post</em></span> <span class='ocrx_word' id='word_1_132' title='bbox 391 1016 562 1054; x_wconf 89' lang='lat' dir='ltr'><em>reditum</em></span> <span class='ocrx_word' id='word_1_133' title='bbox 588 1017 742 1066; x_wconf 89' lang='lat' dir='ltr'><em>tempus</em></span> <span class='ocrx_word' id='word_1_134' title='bbox 766 1016 966 1067; x_wconf 85' lang='lat' dir='ltr'><em>designa-ri</em></span> <span class='ocrx_word' id='word_1_135' title='bbox 985 1016 1212 1055; x_wconf 89' lang='lat' dir='ltr'><em>arbitratur.</em></span> <span class='ocrx_word' id='word_1_136' title='bbox 1241 1015 1315 1054; x_wconf 84' lang='lat' dir='ltr'><em>Sed</em></span> <span class='ocrx_word' id='word_1_137' title='bbox 1335 1016 1504 1065; x_wconf 86' lang='lat' dir='ltr'><em>Persius,</em></span> <span class='ocrx_word' id='word_1_138' title='bbox 1530 1017 1632 1055; x_wconf 89' lang='lat' dir='ltr'><em>sicut</em></span> <span class='ocrx_word' id='word_1_139' title='bbox 1649 1031 1722 1068; x_wconf 88' lang='lat' dir='ltr'><em>par</em></span> 
     </span>
     <span class='ocr_line' id='line_1_15' title="bbox 159 1075 1722 1126; baseline 0.001 -12"><span class='ocrx_word' id='word_1_140' title='bbox 159 1076 248 1124; x_wconf 88' lang='lat' dir='ltr'><em>fuit,</em></span> <span class='ocrx_word' id='word_1_141' title='bbox 273 1076 469 1115; x_wconf 89' lang='lat' dir='ltr'><em>somnium</em></span> <span class='ocrx_word' id='word_1_142' title='bbox 496 1075 673 1126; x_wconf 88' lang='lat' dir='ltr'><em>appellat</em></span> <span class='ocrx_word' id='word_1_143' title='bbox 698 1088 775 1125; x_wconf 89' lang='lat' dir='ltr'><em>quo</em></span> <span class='ocrx_word' id='word_1_144' title='bbox 801 1075 916 1114; x_wconf 88' lang='lat' dir='ltr'><em>illum</em></span> <span class='ocrx_word' id='word_1_145' title='bbox 941 1077 1145 1114; x_wconf 84' lang='lat' dir='ltr'><em>stertuisse</em></span> <span class='ocrx_word' id='word_1_146' title='bbox 1170 1075 1278 1124; x_wconf 86' lang='lat' dir='ltr'><em>dicit,</em></span> <span class='ocrx_word' id='word_1_147' title='bbox 1303 1076 1495 1126; x_wconf 87' lang='lat' dir='ltr'><em>intelligit</em></span> <span class='ocrx_word' id='word_1_148' title='bbox 1520 1078 1722 1115; x_wconf 82' lang='lat' dir='ltr'><em>narratum</em></span> 
     </span>
     <span class='ocr_line' id='line_1_16' title="bbox 158 1134 1721 1186; baseline -0.001 -12"><span class='ocrx_word' id='word_1_149' title='bbox 158 1136 366 1184; x_wconf 90' lang='lat' dir='ltr'><em>somnium,</em></span> <span class='ocrx_word' id='word_1_150' title='bbox 392 1148 511 1185; x_wconf 91' lang='lat' dir='ltr'><em>quam</em></span> <span class='ocrx_word' id='word_1_151' title='bbox 536 1135 690 1174; x_wconf 89' lang='lat' dir='ltr'><em>finitam</em></span> <span class='ocrx_word' id='word_1_152' title='bbox 721 1136 990 1174; x_wconf 67' lang='lat' dir='ltr'><em>narrationem</em></span> <span class='ocrx_word' id='word_1_153' title='bbox 1022 1136 1174 1185; x_wconf 85' lang='lat' dir='ltr'><em>excepit</em></span> <span class='ocrx_word' id='word_1_154' title='bbox 1201 1147 1335 1174; x_wconf 88' lang='lat' dir='ltr'><em>versus</em></span> <span class='ocrx_word' id='word_1_155' title='bbox 1362 1135 1409 1173; x_wconf 88' lang='lat' dir='ltr'><em>de</em></span> <span class='ocrx_word' id='word_1_156' title='bbox 1434 1134 1568 1174; x_wconf 91' lang='lat' dir='ltr'><em>Lunae</em></span> <span class='ocrx_word' id='word_1_157' title='bbox 1593 1137 1721 1186; x_wconf 80' lang='lat' dir='ltr'><em>portu,</em></span> 
     </span>
     <span class='ocr_line' id='line_1_17' title="bbox 158 1194 1721 1245; baseline 0.001 -13"><span class='ocrx_word' id='word_1_158' title='bbox 158 1196 270 1244; x_wconf 90' lang='lat' dir='ltr'><em>isque</em></span> <span class='ocrx_word' id='word_1_159' title='bbox 294 1194 407 1233; x_wconf 87' lang='lat' dir='ltr'><em>nobis</em></span> <span class='ocrx_word' id='word_1_160' title='bbox 433 1194 547 1233; x_wconf 90' lang='lat' dir='ltr'><em>fidem</em></span> <span class='ocrx_word' id='word_1_161' title='bbox 573 1195 672 1233; x_wconf 88' lang='lat' dir='ltr'><em>facit</em></span> <span class='ocrx_word' id='word_1_162' title='bbox 696 1196 801 1233; x_wconf 90' lang='lat' dir='ltr'><em>hunc</em></span> <span class='ocrx_word' id='word_1_163' title='bbox 826 1195 1135 1244; x_wconf 87' lang='lat' dir='ltr'><em>pulcherrimum</em></span> <span class='ocrx_word' id='word_1_164' title='bbox 1160 1194 1290 1233; x_wconf 91' lang='lat' dir='ltr'><em>locum</em></span> <span class='ocrx_word' id='word_1_165' title='bbox 1315 1195 1436 1233; x_wconf 88' lang='lat' dir='ltr'><em>fuisse</em></span> <span class='ocrx_word' id='word_1_166' title='bbox 1465 1207 1510 1232; x_wconf 83' lang='lat' dir='ltr'><em>ex</em></span> <span class='ocrx_word' id='word_1_167' title='bbox 1542 1207 1619 1245; x_wconf 89' lang='lat' dir='ltr'><em>quo</em></span> <span class='ocrx_word' id='word_1_168' title='bbox 1645 1195 1721 1233; x_wconf 89' lang='lat' dir='ltr'><em>En-</em></span> 
     </span>
     <span class='ocr_line' id='line_1_18' title="bbox 158 1246 1722 1304; baseline 0.001 -12"><span class='ocrx_word' id='word_1_169' title='bbox 158 1254 247 1292; x_wconf 83' lang='lat' dir='ltr'><em>nius</em></span> <span class='ocrx_word' id='word_1_170' title='bbox 268 1253 344 1292; x_wconf 88' lang='lat' dir='ltr'><em>sibi</em></span> <span class='ocrx_word' id='word_1_171' title='bbox 362 1267 433 1304; x_wconf 90' lang='lat' dir='ltr'><em>per</em></span> <span class='ocrx_word' id='word_1_172' title='bbox 452 1246 632 1293; x_wconf 85' lang='lat' dir='ltr'><em>somnum</em></span> <span class='ocrx_word' id='word_1_173' title='bbox 651 1255 691 1292; x_wconf 91' lang='lat' dir='ltr'><em>in</em></span> <span class='ocrx_word' id='word_1_174' title='bbox 712 1254 942 1292; x_wconf 82' lang='lat' dir='ltr'><em>Heliconem</em></span> <span class='ocrx_word' id='word_1_175' title='bbox 963 1266 1046 1293; x_wconf 89' lang='lat' dir='ltr'><em>esse</em></span> <span class='ocrx_word' id='word_1_176' title='bbox 1065 1254 1235 1293; x_wconf 89' lang='lat' dir='ltr'><em>tralatus</em></span> <span class='ocrx_word' id='word_1_177' title='bbox 1255 1253 1473 1292; x_wconf 86' lang='lat' dir='ltr'><em>videbatur.</em></span> <span class='ocrx_word' id='word_1_178' title='bbox 1501 1253 1602 1293; x_wconf 87' lang='lat' dir='ltr'><em>Vide</em></span> <span class='ocrx_word' id='word_1_179' title='bbox 1622 1268 1722 1304; x_wconf 89' lang='lat' dir='ltr'><em>quae</em></span> 
     </span>
     <span class='ocr_line' id='line_1_19' title="bbox 157 1313 1720 1363; baseline 0 -12"><span class='ocrx_word' id='word_1_180' title='bbox 157 1313 199 1352; x_wconf 92' lang='lat' dir='ltr'><em>in</em></span> <span class='ocrx_word' id='word_1_181' title='bbox 225 1313 389 1352; x_wconf 90' lang='lat' dir='ltr'><em>eandem</em></span> <span class='ocrx_word' id='word_1_182' title='bbox 414 1315 652 1353; x_wconf 88' lang='lat' dir='ltr'><em>sententiam</em></span> <span class='ocrx_word' id='word_1_183' title='bbox 678 1313 725 1352; x_wconf 88' lang='lat' dir='ltr'><em>de</em></span> <span class='ocrx_word' id='word_1_184' title='bbox 750 1325 865 1353; x_wconf 86' lang='lat' dir='ltr'><em>versu</em></span> <span class='ocrx_word' id='word_1_185' title='bbox 891 1315 931 1352; x_wconf 91' lang='lat' dir='ltr'><em>et</em></span> <span class='ocrx_word' id='word_1_186' title='bbox 957 1313 1005 1352; x_wconf 90' lang='lat' dir='ltr'><em>de</em></span> <span class='ocrx_word' id='word_1_187' title='bbox 1030 1314 1115 1352; x_wconf 90' lang='grc'>1000</span> <span class='ocrx_word' id='word_1_188' title='bbox 1147 1313 1326 1363; x_wconf 90' lang='lat' dir='ltr'><em>pluribus</em></span> <span class='ocrx_word' id='word_1_189' title='bbox 1359 1314 1520 1363; x_wconf 84' lang='lat' dir='ltr'><em>exposui</em></span> <span class='ocrx_word' id='word_1_190' title='bbox 1553 1326 1584 1352; x_wconf 91' lang='lat' dir='ltr'><em>a.</em></span> <span class='ocrx_word' id='word_1_191' title='bbox 1610 1314 1720 1351; x_wconf 87' lang='grc'>1886</span> 
     </span>
     <span class='ocr_line' id='line_1_20' title="bbox 157 1366 1477 1422; baseline 0 -11"><span class='ocrx_word' id='word_1_192' title='bbox 157 1374 199 1411; x_wconf 83' lang='grc'><em>111</em></span> <span class='ocrx_word' id='word_1_193' title='bbox 225 1374 323 1412; x_wconf 87' lang='grc'>00113</span> <span class='ocrx_word' id='word_1_194' title='bbox 350 1372 522 1412; x_wconf 84' lang='grc' dir='ltr'>00οᾱ0111.</span> <span class='ocrx_word' id='word_1_195' title='bbox 549 1369 582 1421; x_wconf 68' lang='lat' dir='ltr'><em>(t</em></span> <span class='ocrx_word' id='word_1_196' title='bbox 595 1366 697 1412; x_wconf 73' lang='lat' dir='ltr'><em>Uber</em></span> <span class='ocrx_word' id='word_1_197' title='bbox 715 1373 777 1412; x_wconf 88' lang='lat' dir='ltr'><em>die</em></span> <span class='ocrx_word' id='word_1_198' title='bbox 795 1371 981 1412; x_wconf 80' lang='lat' dir='ltr'><em>Annalen</em></span> <span class='ocrx_word' id='word_1_199' title='bbox 999 1374 1066 1412; x_wconf 90' lang='lat' dir='ltr'><em>des</em></span> <span class='ocrx_word' id='word_1_200' title='bbox 1085 1369 1279 1421; x_wconf 85' lang='lat' dir='ltr'><em>Ennius&#39;)</em></span> <span class='ocrx_word' id='word_1_201' title='bbox 1305 1386 1341 1422; x_wconf 92' lang='lat' dir='ltr'><em>p.</em></span> <span class='ocrx_word' id='word_1_202' title='bbox 1359 1373 1412 1410; x_wconf 88' lang='lat'><em>37</em></span> <span class='ocrx_word' id='word_1_203' title='bbox 1422 1385 1477 1422; x_wconf 91' lang='lat' dir='ltr'><em>sq.</em></span> 
     </span>
    </p>

    <p class='ocr_par' dir='ltr' id='par_1_3' title="bbox 150 1431 1723 2963">
     <span class='ocr_line' id='line_1_21' title="bbox 278 1431 1722 1483; baseline -0.001 -13"><span class='ocrx_word' id='word_1_204' title='bbox 278 1432 372 1482; x_wconf 87' lang='lat' dir='ltr'><em>Ipsa</em></span> <span class='ocrx_word' id='word_1_205' title='bbox 396 1433 586 1481; x_wconf 86' lang='lat' dir='ltr'><em>narratio,</em></span> <span class='ocrx_word' id='word_1_206' title='bbox 613 1433 723 1472; x_wconf 90' lang='grc'>0111113</span> <span class='ocrx_word' id='word_1_207' title='bbox 744 1433 858 1483; x_wconf 87' lang='lat' dir='ltr'><em>quasi</em></span> <span class='ocrx_word' id='word_1_208' title='bbox 877 1433 1011 1483; x_wconf 88' lang='lat' dir='ltr'><em>capita</em></span> <span class='ocrx_word' id='word_1_209' title='bbox 1031 1434 1070 1471; x_wconf 90' lang='lat' dir='ltr'><em>et</em></span> <span class='ocrx_word' id='word_1_210' title='bbox 1087 1433 1130 1470; x_wconf 93' lang='lat' dir='ltr'><em>in</em></span> <span class='ocrx_word' id='word_1_211' title='bbox 1150 1433 1248 1471; x_wconf 90' lang='lat' dir='ltr'><em>actis</em></span> <span class='ocrx_word' id='word_1_212' title='bbox 1268 1431 1501 1471; x_wconf 83' lang='lat' dir='ltr'><em>academicis</em></span> <span class='ocrx_word' id='word_1_213' title='bbox 1521 1444 1622 1481; x_wconf 86' lang='lat' dir='ltr'><em>quae</em></span> <span class='ocrx_word' id='word_1_214' title='bbox 1642 1432 1722 1469; x_wconf 84' lang='lat' dir='ltr'><em>dixi</em></span> 
     </span>
     <span class='ocr_line' id='line_1_22' title="bbox 157 1490 1723 1543; baseline 0.001 -14"><span class='ocrx_word' id='word_1_215' title='bbox 157 1506 195 1543; x_wconf 89' lang='lat' dir='ltr'><em>p.</em></span> <span class='ocrx_word' id='word_1_216' title='bbox 218 1493 272 1531; x_wconf 91' lang='lat'><em>10</em></span> <span class='ocrx_word' id='word_1_217' title='bbox 298 1493 338 1530; x_wconf 90' lang='lat' dir='ltr'><em>et</em></span> <span class='ocrx_word' id='word_1_218' title='bbox 362 1491 466 1530; x_wconf 89' lang='lat' dir='ltr'><em>notis</em></span> <span class='ocrx_word' id='word_1_219' title='bbox 491 1492 777 1543; x_wconf 85' lang='lat' dir='ltr'><em>marginalibus</em></span> <span class='ocrx_word' id='word_1_220' title='bbox 804 1492 854 1530; x_wconf 89' lang='lat' dir='ltr'><em>ad</em></span> <span class='ocrx_word' id='word_1_221' title='bbox 878 1504 1012 1531; x_wconf 88' lang='lat' dir='ltr'><em>versus</em></span> <span class='ocrx_word' id='word_1_222' title='bbox 1039 1492 1202 1531; x_wconf 89' lang='lat' dir='ltr'><em>adiectis</em></span> <span class='ocrx_word' id='word_1_223' title='bbox 1222 1490 1454 1543; x_wconf 83' lang='lat' dir='ltr'><em>significavi,</em></span> <span class='ocrx_word' id='word_1_224' title='bbox 1480 1491 1680 1529; x_wconf 75' lang='lat' dir='ltr'><em>exorditur</em></span> <span class='ocrx_word' id='word_1_225' title='bbox 1700 1505 1723 1530; x_wconf 91' lang='lat' dir='ltr'><em>a</em></span> 
     </span>
     <span class='ocr_line' id='line_1_23' title="bbox 157 1550 1721 1602; baseline -0.001 -13"><span class='ocrx_word' id='word_1_226' title='bbox 157 1551 273 1589; x_wconf 87' lang='lat' dir='ltr'><em>rebus</em></span> <span class='ocrx_word' id='word_1_227' title='bbox 299 1551 468 1600; x_wconf 88' lang='lat' dir='ltr'><em>Aeneae,</em></span> <span class='ocrx_word' id='word_1_228' title='bbox 494 1551 635 1601; x_wconf 91' lang='lat' dir='ltr'><em>quibus</em></span> <span class='ocrx_word' id='word_1_229' title='bbox 661 1552 731 1602; x_wconf 92' lang='lat' dir='ltr'><em>qui</em></span> <span class='ocrx_word' id='word_1_230' title='bbox 755 1551 983 1590; x_wconf 86' lang='lat' dir='ltr'><em>tribuantur</em></span> <span class='ocrx_word' id='word_1_231' title='bbox 1008 1564 1142 1590; x_wconf 87' lang='lat' dir='ltr'><em>versus</em></span> <span class='ocrx_word' id='word_1_232' title='bbox 1160 1550 1277 1589; x_wconf 86' lang='lat' dir='ltr'><em>hodie</em></span> <span class='ocrx_word' id='word_1_233' title='bbox 1296 1550 1568 1602; x_wconf 87' lang='lat' dir='ltr'><em>duodeviginti</em></span> <span class='ocrx_word' id='word_1_234' title='bbox 1588 1562 1721 1601; x_wconf 90' lang='lat' dir='ltr'><em>super-</em></span> 
     </span>
     <span class='ocr_line' id='line_1_24' title="bbox 158 1605 1720 1664; baseline -0.001 -15"><span class='ocrx_word' id='word_1_235' title='bbox 158 1612 270 1649; x_wconf 88' lang='lat' dir='ltr'><em>stites</em></span> <span class='ocrx_word' id='word_1_236' title='bbox 297 1613 389 1649; x_wconf 88' lang='grc'>311111</span> <span class='ocrx_word' id='word_1_237' title='bbox 414 1605 709 1664; x_wconf 82' lang='lat' dir='ltr'><em>(xm—xxvn).</em></span> <span class='ocrx_word' id='word_1_238' title='bbox 741 1611 889 1649; x_wconf 84' lang='lat' dir='ltr'><em>Eorum</em></span> <span class='ocrx_word' id='word_1_239' title='bbox 915 1623 1056 1662; x_wconf 82' lang='lat' dir='ltr'><em>agmen</em></span> <span class='ocrx_word' id='word_1_240' title='bbox 1082 1611 1190 1649; x_wconf 88' lang='lat' dir='ltr'><em>ducit</em></span> <span class='ocrx_word' id='word_1_241' title='bbox 1222 1612 1267 1659; x_wconf 87' lang='grc'><em>13,</em></span> <span class='ocrx_word' id='word_1_242' title='bbox 1299 1623 1415 1660; x_wconf 84' lang='grc'>(1110111</span> <span class='ocrx_word' id='word_1_243' title='bbox 1447 1612 1486 1648; x_wconf 86' lang='grc'><em>01</em></span> <span class='ocrx_word' id='word_1_244' title='bbox 1517 1610 1612 1648; x_wconf 84' lang='grc'>011111</span> <span class='ocrx_word' id='word_1_245' title='bbox 1642 1611 1720 1660; x_wconf 85' lang='lat' dir='ltr'><em>pri-</em></span> 
     </span>
     <span class='ocr_line' id='line_1_25' title="bbox 157 1664 1723 1723; baseline -0.001 -15"><span class='ocrx_word' id='word_1_246' title='bbox 157 1683 265 1708; x_wconf 90' lang='lat' dir='ltr'><em>mum</em></span> <span class='ocrx_word' id='word_1_247' title='bbox 290 1670 411 1709; x_wconf 89' lang='lat' dir='ltr'><em>fuisse</em></span> <span class='ocrx_word' id='word_1_248' title='bbox 437 1669 675 1709; x_wconf 87' lang='lat' dir='ltr'><em>narrationis</em></span> <span class='ocrx_word' id='word_1_249' title='bbox 702 1671 841 1720; x_wconf 89' lang='lat' dir='ltr'><em>opinor</em></span> <span class='ocrx_word' id='word_1_250' title='bbox 867 1664 991 1723; x_wconf 83' lang='lat' dir='ltr'><em>(xm),</em></span> <span class='ocrx_word' id='word_1_251' title='bbox 1017 1671 1126 1709; x_wconf 90' lang='grc'>0111113</span> <span class='ocrx_word' id='word_1_252' title='bbox 1151 1670 1197 1708; x_wconf 89' lang='lat' dir='ltr'><em>ut</em></span> <span class='ocrx_word' id='word_1_253' title='bbox 1214 1670 1334 1719; x_wconf 88' lang='lat' dir='ltr'><em>plana</em></span> <span class='ocrx_word' id='word_1_254' title='bbox 1355 1671 1414 1707; x_wconf 90' lang='lat' dir='ltr'><em>est</em></span> <span class='ocrx_word' id='word_1_255' title='bbox 1432 1670 1639 1717; x_wconf 89' lang='lat' dir='ltr'><em>sententia,</em></span> <span class='ocrx_word' id='word_1_256' title='bbox 1665 1669 1723 1707; x_wconf 87' lang='lat' dir='ltr'><em>ita</em></span> 
     </span>
     <span class='ocr_line' id='line_1_26' title="bbox 157 1728 1723 1778; baseline -0.001 -10"><span class='ocrx_word' id='word_1_257' title='bbox 157 1742 236 1768; x_wconf 88' lang='grc'>11011</span> <span class='ocrx_word' id='word_1_258' title='bbox 262 1729 410 1768; x_wconf 89' lang='grc'>(111111113</span> <span class='ocrx_word' id='word_1_259' title='bbox 435 1730 477 1767; x_wconf 90' lang='grc'><em>111</em></span> <span class='ocrx_word' id='word_1_260' title='bbox 509 1729 650 1768; x_wconf 86' lang='lat' dir='ltr'><em>Troiae</em></span> <span class='ocrx_word' id='word_1_261' title='bbox 681 1730 798 1768; x_wconf 90' lang='lat' dir='ltr'><em>ruina</em></span> <span class='ocrx_word' id='word_1_262' title='bbox 829 1731 1115 1769; x_wconf 88' lang='lat' dir='ltr'><em>commoratum</em></span> <span class='ocrx_word' id='word_1_263' title='bbox 1147 1741 1229 1768; x_wconf 88' lang='lat' dir='ltr'><em>esse</em></span> <span class='ocrx_word' id='word_1_264' title='bbox 1260 1730 1419 1778; x_wconf 89' lang='lat' dir='ltr'><em>poetam</em></span> <span class='ocrx_word' id='word_1_265' title='bbox 1451 1728 1633 1767; x_wconf 72' lang='lat' dir='ltr'><em>ostendit.</em></span> <span class='ocrx_word' id='word_1_266' title='bbox 1668 1728 1723 1766; x_wconf 91' lang='lat' dir='ltr'><em>Ut</em></span> 
     </span>
     <span class='ocr_line' id='line_1_27' title="bbox 157 1787 1721 1839; baseline -0.001 -12"><span class='ocrx_word' id='word_1_267' title='bbox 157 1789 398 1828; x_wconf 85' lang='lat' dir='ltr'><em>narrationis</em></span> <span class='ocrx_word' id='word_1_268' title='bbox 429 1789 636 1828; x_wconf 82' lang='lat' dir='ltr'><em>Ennianae</em></span> <span class='ocrx_word' id='word_1_269' title='bbox 674 1790 751 1827; x_wconf 90' lang='lat' dir='ltr'><em>iter</em></span> <span class='ocrx_word' id='word_1_270' title='bbox 789 1802 915 1839; x_wconf 90' lang='lat' dir='ltr'><em>paene</em></span> <span class='ocrx_word' id='word_1_271' title='bbox 945 1789 1066 1828; x_wconf 87' lang='lat' dir='ltr'><em>fuerit</em></span> <span class='ocrx_word' id='word_1_272' title='bbox 1091 1789 1208 1839; x_wconf 90' lang='lat' dir='ltr'><em>quale</em></span> <span class='ocrx_word' id='word_1_273' title='bbox 1239 1788 1409 1839; x_wconf 85' lang='lat' dir='ltr'><em>Vergilii</em></span> <span class='ocrx_word' id='word_1_274' title='bbox 1440 1789 1500 1826; x_wconf 88' lang='lat' dir='ltr'><em>est</em></span> <span class='ocrx_word' id='word_1_275' title='bbox 1530 1787 1572 1825; x_wconf 88' lang='lat' dir='ltr'><em>in</em></span> <span class='ocrx_word' id='word_1_276' title='bbox 1602 1788 1721 1826; x_wconf 91' lang='lat' dir='ltr'><em>tertio</em></span> 
     </span>
     <span class='ocr_line' id='line_1_28' title="bbox 156 1847 1722 1897; baseline 0 -11"><span class='ocrx_word' id='word_1_277' title='bbox 156 1847 352 1888; x_wconf 89' lang='lat' dir='ltr'><em>Aeneidos</em></span> <span class='ocrx_word' id='word_1_278' title='bbox 376 1849 586 1897; x_wconf 85' lang='lat' dir='ltr'><em>Postquam</em></span> <span class='ocrx_word' id='word_1_279' title='bbox 609 1860 670 1887; x_wconf 90' lang='lat' dir='ltr'><em>res</em></span> <span class='ocrx_word' id='word_1_280' title='bbox 695 1847 818 1888; x_wconf 86' lang='lat' dir='ltr'><em>Asiae</em></span> <span class='ocrx_word' id='word_1_281' title='bbox 842 1849 1068 1897; x_wconf 79' lang='lat' dir='ltr'><em>Priamique</em></span> <span class='ocrx_word' id='word_1_282' title='bbox 1094 1851 1255 1887; x_wconf 81' lang='lat' dir='ltr'><em>evertere</em></span> <span class='ocrx_word' id='word_1_283' title='bbox 1277 1850 1425 1896; x_wconf 74' lang='lat' dir='ltr'><em>qentem</em></span> <span class='ocrx_word' id='word_1_284' title='bbox 1456 1849 1583 1886; x_wconf 85' lang='lat' dir='ltr'><em>visum</em></span> <span class='ocrx_word' id='word_1_285' title='bbox 1612 1858 1722 1895; x_wconf 88' lang='lat' dir='ltr'><em>supe-</em></span> 
     </span>
     <span class='ocr_line' id='line_1_29' title="bbox 156 1906 1720 1957; baseline -0.002 -10"><span class='ocrx_word' id='word_1_286' title='bbox 156 1910 214 1947; x_wconf 83' lang='lat' dir='ltr'><em>ris</em></span> <span class='ocrx_word' id='word_1_287' title='bbox 235 1938 243 1946; x_wconf 97' lang='lat'><em>.</em></span> <span class='ocrx_word' id='word_1_288' title='bbox 265 1938 290 1953; x_wconf 91' lang='lat'><em>.,</em></span> <span class='ocrx_word' id='word_1_289' title='bbox 322 1908 478 1947; x_wconf 85' lang='lat' dir='ltr'><em>diversa</em></span> <span class='ocrx_word' id='word_1_290' title='bbox 503 1909 620 1946; x_wconf 75' lang='lat' dir='ltr'><em>exilia</em></span> <span class='ocrx_word' id='word_1_291' title='bbox 645 1911 679 1947; x_wconf 84' lang='lat' dir='ltr'><em>et</em></span> <span class='ocrx_word' id='word_1_292' title='bbox 703 1908 872 1947; x_wconf 85' lang='lat' dir='ltr'><em>desertas</em></span> <span class='ocrx_word' id='word_1_293' title='bbox 898 1919 1080 1957; x_wconf 78' lang='lat' dir='ltr'><em>quaerere</em></span> <span class='ocrx_word' id='word_1_294' title='bbox 1111 1911 1235 1946; x_wconf 85' lang='lat' dir='ltr'><em>terras</em></span> <span class='ocrx_word' id='word_1_295' title='bbox 1267 1908 1446 1955; x_wconf 59' lang='lat' dir='ltr'><em>auguriis</em></span> <span class='ocrx_word' id='word_1_296' title='bbox 1477 1907 1632 1955; x_wconf 76' lang='lat' dir='ltr'><em>aqimur</em></span> <span class='ocrx_word' id='word_1_297' title='bbox 1663 1906 1720 1944; x_wconf 91' lang='lat' dir='ltr'><em>di-</em></span> 
     </span>
     <span class='ocr_line' id='line_1_30' title="bbox 156 1965 1721 2016; baseline -0.003 -10"><span class='ocrx_word' id='word_1_298' title='bbox 156 1980 249 2006; x_wconf 79' lang='lat' dir='ltr'><em>vum</em></span> <span class='ocrx_word' id='word_1_299' title='bbox 274 1979 352 2016; x_wconf 92' lang='lat' dir='ltr'><em>eqs.</em></span> <span class='ocrx_word' id='word_1_300' title='bbox 385 1967 526 2016; x_wconf 88' lang='lat' dir='ltr'><em>Itaque</em></span> <span class='ocrx_word' id='word_1_301' title='bbox 552 1966 742 2006; x_wconf 86' lang='lat' dir='ltr'><em>Anchises</em></span> <span class='ocrx_word' id='word_1_302' title='bbox 775 1980 799 2006; x_wconf 91' lang='lat' dir='ltr'><em>a</em></span> <span class='ocrx_word' id='word_1_303' title='bbox 828 1967 981 2006; x_wconf 92' lang='lat' dir='ltr'><em>Venere</em></span> <span class='ocrx_word' id='word_1_304' title='bbox 1013 1967 1172 2005; x_wconf 89' lang='lat' dir='ltr'><em>edoctus</em></span> <span class='ocrx_word' id='word_1_305' title='bbox 1204 1967 1376 2016; x_wconf 87' lang='lat' dir='ltr'><em>patriam</em></span> <span class='ocrx_word' id='word_1_306' title='bbox 1408 1965 1518 2003; x_wconf 91' lang='lat' dir='ltr'><em>iubet</em></span> <span class='ocrx_word' id='word_1_307' title='bbox 1550 1965 1721 2014; x_wconf 89' lang='lat' dir='ltr'><em>relinqui</em></span> 
     </span>
     <span class='ocr_line' id='line_1_31' title="bbox 157 2021 1720 2080; baseline -0.002 -16"><span class='ocrx_word' id='word_1_308' title='bbox 157 2021 278 2080; x_wconf 81' lang='lat' dir='ltr'>(xlv),</span> <span class='ocrx_word' id='word_1_309' title='bbox 304 2027 336 2065; x_wconf 89' lang='lat' dir='ltr'><em>si</em></span> <span class='ocrx_word' id='word_1_310' title='bbox 363 2026 521 2076; x_wconf 90' lang='lat' dir='ltr'><em>quidem</em></span> <span class='ocrx_word' id='word_1_311' title='bbox 546 2027 643 2066; x_wconf 88' lang='lat' dir='ltr'><em>haec</em></span> <span class='ocrx_word' id='word_1_312' title='bbox 667 2027 727 2065; x_wconf 86' lang='lat' dir='ltr'><em>vis</em></span> <span class='ocrx_word' id='word_1_313' title='bbox 754 2038 835 2065; x_wconf 89' lang='lat' dir='ltr'><em>esse</em></span> <span class='ocrx_word' id='word_1_314' title='bbox 860 2026 1000 2064; x_wconf 89' lang='lat' dir='ltr'><em>horum</em></span> <span class='ocrx_word' id='word_1_315' title='bbox 1025 2038 1208 2064; x_wconf 87' lang='lat' dir='ltr'><em>versuum</em></span> <span class='ocrx_word' id='word_1_316' title='bbox 1227 2025 1395 2072; x_wconf 86' lang='lat' dir='ltr'><em>videtur,</em></span> <span class='ocrx_word' id='word_1_317' title='bbox 1421 2025 1484 2062; x_wconf 89' lang='lat' dir='ltr'><em>cui</em></span> <span class='ocrx_word' id='word_1_318' title='bbox 1504 2024 1720 2062; x_wconf 87' lang='lat' dir='ltr'><em>sententiae</em></span> 
     </span>
     <span class='ocr_line' id='line_1_32' title="bbox 156 2081 1719 2135; baseline -0.003 -11"><span class='ocrx_word' id='word_1_319' title='bbox 156 2087 266 2124; x_wconf 87' lang='lat' dir='ltr'><em>favet</em></span> <span class='ocrx_word' id='word_1_320' title='bbox 290 2086 457 2124; x_wconf 85' lang='lat' dir='ltr'><em>fortasse</em></span> <span class='ocrx_word' id='word_1_321' title='bbox 490 2085 595 2135; x_wconf 89' lang='lat' dir='ltr'><em>quod</em></span> <span class='ocrx_word' id='word_1_322' title='bbox 629 2085 845 2135; x_wconf 83' lang='lat' dir='ltr'><em>Dionysius</em></span> <span class='ocrx_word' id='word_1_323' title='bbox 869 2082 1230 2123; x_wconf 85' lang='lat' dir='ltr'><em>Halicarnassensis</em></span> <span class='ocrx_word' id='word_1_324' title='bbox 1255 2095 1270 2120; x_wconf 92' lang='lat'>1</span> <span class='ocrx_word' id='word_1_325' title='bbox 1290 2084 1358 2131; x_wconf 88' lang='grc'>48,</span> <span class='ocrx_word' id='word_1_326' title='bbox 1380 2084 1403 2121; x_wconf 85' lang='grc'>2</span> <span class='ocrx_word' id='word_1_327' title='bbox 1437 2082 1484 2120; x_wconf 89' lang='grc'><em>(10</em></span> <span class='ocrx_word' id='word_1_328' title='bbox 1517 2081 1719 2132; x_wconf 86' lang='lat' dir='ltr'><em>Sophoclis</em></span> 
     </span>
     <span class='ocr_line' id='line_1_33' title="bbox 157 2141 1720 2193; baseline -0.003 -9"><span class='ocrx_word' id='word_1_329' title='bbox 157 2145 383 2184; x_wconf 78' lang='lat' dir='ltr'><em>Laocoonte</em></span> <span class='ocrx_word' id='word_1_330' title='bbox 408 2144 545 2192; x_wconf 84' lang='lat' dir='ltr'><em>tradit,</em></span> <span class='ocrx_word' id='word_1_331' title='bbox 572 2145 827 2193; x_wconf 85' lang='lat' dir='ltr'><em>quantumvis</em></span> <span class='ocrx_word' id='word_1_332' title='bbox 853 2144 1079 2192; x_wconf 88' lang='lat' dir='ltr'><em>ceteroquin</em></span> <span class='ocrx_word' id='word_1_333' title='bbox 1105 2156 1151 2181; x_wconf 88' lang='lat' dir='ltr'><em>ea</em></span> <span class='ocrx_word' id='word_1_334' title='bbox 1170 2142 1375 2193; x_wconf 86' lang='lat' dir='ltr'><em>tragoedia</em></span> <span class='ocrx_word' id='word_1_335' title='bbox 1395 2141 1515 2180; x_wconf 84' lang='lat' dir='ltr'><em>distet</em></span> <span class='ocrx_word' id='word_1_336' title='bbox 1534 2153 1557 2179; x_wconf 85' lang='lat' dir='ltr'><em>a</em></span> <span class='ocrx_word' id='word_1_337' title='bbox 1576 2154 1720 2180; x_wconf 90' lang='lat' dir='ltr'><em>memo-</em></span> 
     </span>
     <span class='ocr_line' id='line_1_34' title="bbox 156 2199 1719 2257; baseline -0.003 -15"><span class='ocrx_word' id='word_1_338' title='bbox 156 2205 218 2243; x_wconf 89' lang='lat' dir='ltr'><em>ria</em></span> <span class='ocrx_word' id='word_1_339' title='bbox 243 2203 376 2252; x_wconf 85' lang='lat' dir='ltr'><em>Ennii,</em></span> <span class='ocrx_word' id='word_1_340' title='bbox 401 2205 614 2253; x_wconf 80' lang='grc' dir='ltr'><em>Σοφοκλῆς</em></span> <span class='ocrx_word' id='word_1_341' title='bbox 640 2199 710 2253; x_wconf 83' lang='grc' dir='ltr'><em>μὲν</em></span> <span class='ocrx_word' id='word_1_342' title='bbox 737 2200 757 2241; x_wconf 85' lang='grc' dir='ltr'><em>ὅ</em></span> <span class='ocrx_word' id='word_1_343' title='bbox 781 2200 1071 2257; x_wconf 75' lang='grc' dir='ltr'><em>τραγῳδοποιὸς</em></span> <span class='ocrx_word' id='word_1_344' title='bbox 1102 2199 1145 2240; x_wconf 77' lang='grc' dir='ltr'><em>ἐν</em></span> <span class='ocrx_word' id='word_1_345' title='bbox 1170 2199 1403 2240; x_wconf 80' lang='grc' dir='ltr'><strong><em>Λαοκόωντι</em></strong></span> <span class='ocrx_word' id='word_1_346' title='bbox 1435 2199 1599 2252; x_wconf 78' lang='grc' dir='ltr'><em>δράματι</em></span> <span class='ocrx_word' id='word_1_347' title='bbox 1631 2202 1719 2251; x_wconf 84' lang='grc' dir='ltr'><em>μελ-</em></span> 
     </span>
     <span class='ocr_line' id='line_1_35' title="bbox 156 2257 1720 2313; baseline -0.003 -11"><span class='ocrx_word' id='word_1_348' title='bbox 156 2263 302 2313; x_wconf 84' lang='grc' dir='ltr'><em>λούσης</em></span> <span class='ocrx_word' id='word_1_349' title='bbox 328 2260 558 2301; x_wconf 80' lang='grc' dir='ltr'><em>ἁλίσκεσθαι</em></span> <span class='ocrx_word' id='word_1_350' title='bbox 582 2267 651 2313; x_wconf 84' lang='grc' dir='ltr'><em>τῆς</em></span> <span class='ocrx_word' id='word_1_351' title='bbox 676 2259 824 2308; x_wconf 80' lang='grc' dir='ltr'><em>πόλεως</em></span> <span class='ocrx_word' id='word_1_352' title='bbox 855 2260 1042 2311; x_wconf 82' lang='grc' dir='ltr'><em>πεποίηκε</em></span> <span class='ocrx_word' id='word_1_353' title='bbox 1074 2258 1142 2299; x_wconf 84' lang='grc' dir='ltr'><em>τὸν</em></span> <span class='ocrx_word' id='word_1_354' title='bbox 1162 2259 1327 2299; x_wconf 84' lang='grc' dir='ltr'><em>Αἰνείαν</em></span> <span class='ocrx_word' id='word_1_355' title='bbox 1358 2257 1720 2310; x_wconf 83' lang='grc' dir='ltr'><em>ἀνασκευαζόμενον</em></span> 
     </span>
     <span class='ocr_line' id='line_1_36' title="bbox 156 2314 1717 2373; baseline -0.003 -12"><span class='ocrx_word' id='word_1_356' title='bbox 156 2322 212 2370; x_wconf 86' lang='grc' dir='ltr'><em>εἷς</em></span> <span class='ocrx_word' id='word_1_357' title='bbox 237 2321 309 2373; x_wconf 79' lang='grc' dir='ltr'><em>τὴν</em></span> <span class='ocrx_word' id='word_1_358' title='bbox 325 2318 451 2372; x_wconf 82' lang='grc' dir='ltr'>Ἴδην,</span> <span class='ocrx_word' id='word_1_359' title='bbox 476 2318 735 2360; x_wconf 81' lang='grc' dir='ltr'><em>κελευσθέντα</em></span> <span class='ocrx_word' id='word_1_360' title='bbox 760 2318 837 2360; x_wconf 84' lang='grc' dir='ltr'><em>ὑπὸ</em></span> <span class='ocrx_word' id='word_1_361' title='bbox 862 2325 931 2359; x_wconf 85' lang='grc' dir='ltr'><em>τοῦ</em></span> <span class='ocrx_word' id='word_1_362' title='bbox 963 2318 1108 2371; x_wconf 77' lang='grc' dir='ltr'><em>πατρὸς</em></span> <span class='ocrx_word' id='word_1_363' title='bbox 1127 2314 1308 2372; x_wconf 75' lang='grc' dir='ltr'><em>Ἀγχίσου</em></span> <span class='ocrx_word' id='word_1_364' title='bbox 1341 2317 1454 2357; x_wconf 85' lang='grc' dir='ltr'><em>κατὰ</em></span> <span class='ocrx_word' id='word_1_365' title='bbox 1485 2316 1570 2368; x_wconf 83' lang='grc' dir='ltr'><em>τὴν</em></span> <span class='ocrx_word' id='word_1_366' title='bbox 1602 2317 1717 2368; x_wconf 80' lang='grc' dir='ltr'><em>μνή-</em></span> 
     </span>
     <span class='ocr_line' id='line_1_37' title="bbox 158 2372 1720 2433; baseline -0.003 -13"><span class='ocrx_word' id='word_1_367' title='bbox 158 2397 249 2433; x_wconf 85' lang='grc' dir='ltr'><em>μην</em></span> <span class='ocrx_word' id='word_1_368' title='bbox 275 2375 336 2420; x_wconf 82' lang='grc' dir='ltr'><em>ὧν</em></span> <span class='ocrx_word' id='word_1_369' title='bbox 359 2376 614 2433; x_wconf 82' lang='grc' dir='ltr'><em>Ἀφροδίτη</em></span> <span class='ocrx_word' id='word_1_370' title='bbox 643 2377 894 2430; x_wconf 80' lang='grc' dir='ltr'><em>ἐπέσκηψε.</em></span> <span class='ocrx_word' id='word_1_371' title='bbox 926 2379 1116 2418; x_wconf 88' lang='lat' dir='ltr'><em>Anchises</em></span> <span class='ocrx_word' id='word_1_372' title='bbox 1148 2379 1208 2417; x_wconf 91' lang='lat' dir='ltr'><em>est</em></span> <span class='ocrx_word' id='word_1_373' title='bbox 1239 2379 1359 2417; x_wconf 88' lang='lat' dir='ltr'><em>etiam</em></span> <span class='ocrx_word' id='word_1_374' title='bbox 1387 2372 1477 2431; x_wconf 81' lang='lat' dir='ltr'>(xv)</span> <span class='ocrx_word' id='word_1_375' title='bbox 1503 2380 1619 2426; x_wconf 90' lang='lat' dir='ltr'><em>pater</em></span> <span class='ocrx_word' id='word_1_376' title='bbox 1651 2379 1720 2427; x_wconf 91' lang='lat' dir='ltr'><em>qui</em></span> 
     </span>
     <span class='ocr_line' id='line_1_38' title="bbox 157 2436 1718 2491; baseline -0.004 -11"><span class='ocrx_word' id='word_1_377' title='bbox 157 2443 202 2480; x_wconf 90' lang='lat' dir='ltr'><em>ut</em></span> <span class='ocrx_word' id='word_1_378' title='bbox 227 2440 303 2480; x_wconf 88' lang='lat' dir='ltr'><em>sibi</em></span> <span class='ocrx_word' id='word_1_379' title='bbox 326 2442 514 2491; x_wconf 86' lang='lat' dir='ltr'><em>pareatur</em></span> <span class='ocrx_word' id='word_1_380' title='bbox 539 2441 627 2479; x_wconf 88' lang='lat' dir='ltr'><em>orat</em></span> <span class='ocrx_word' id='word_1_381' title='bbox 652 2442 691 2478; x_wconf 92' lang='lat' dir='ltr'><em>et</em></span> <span class='ocrx_word' id='word_1_382' title='bbox 715 2441 841 2479; x_wconf 85' lang='lat' dir='ltr'><em>instat</em></span> <span class='ocrx_word' id='word_1_383' title='bbox 864 2440 907 2477; x_wconf 91' lang='lat' dir='ltr'><em>in</em></span> <span class='ocrx_word' id='word_1_384' title='bbox 932 2451 1048 2478; x_wconf 89' lang='lat' dir='ltr'><em>versu</em></span> <span class='ocrx_word' id='word_1_385' title='bbox 1074 2451 1120 2477; x_wconf 84' lang='lat' dir='ltr'><em>ex</em></span> <span class='ocrx_word' id='word_1_386' title='bbox 1139 2451 1154 2476; x_wconf 92' lang='lat'>1</span> <span class='ocrx_word' id='word_1_387' title='bbox 1173 2438 1377 2477; x_wconf 85' lang='lat' dir='ltr'><em>annalium</em></span> <span class='ocrx_word' id='word_1_388' title='bbox 1404 2438 1537 2476; x_wconf 90' lang='lat' dir='ltr'><em>citato.</em></span> <span class='ocrx_word' id='word_1_389' title='bbox 1570 2436 1718 2483; x_wconf 84' lang='lat' dir='ltr'><em>Quibus</em></span> 
     </span>
     <span class='ocr_line' id='line_1_39' title="bbox 158 2498 1720 2545; baseline -0.004 -5"><span class='ocrx_word' id='word_1_390' title='bbox 158 2500 326 2540; x_wconf 85' lang='lat' dir='ltr'><em>addatur</em></span> <span class='ocrx_word' id='word_1_391' title='bbox 351 2513 397 2539; x_wconf 86' lang='lat' dir='ltr'><em>ex</em></span> <span class='ocrx_word' id='word_1_392' title='bbox 420 2499 580 2538; x_wconf 89' lang='lat' dir='ltr'><em>incertis</em></span> <span class='ocrx_word' id='word_1_393' title='bbox 606 2500 810 2538; x_wconf 89' lang='lat' dir='ltr'><em>annalium</em></span> <span class='ocrx_word' id='word_1_394' title='bbox 835 2511 850 2536; x_wconf 96' lang='lat'>1</span> <span class='ocrx_word' id='word_1_395' title='bbox 874 2498 941 2537; x_wconf 84' lang='lat' dir='ltr'><em>sed</em></span> <span class='ocrx_word' id='word_1_396' title='bbox 964 2499 1047 2537; x_wconf 81' lang='lat' dir='ltr'><em>sola</em></span> <span class='ocrx_word' id='word_1_397' title='bbox 1073 2501 1267 2537; x_wconf 88' lang='lat' dir='ltr'><em>terrarum</em></span> <span class='ocrx_word' id='word_1_398' title='bbox 1285 2499 1493 2545; x_wconf 78' lang='lat' dir='ltr'><em>postquam</em></span> <span class='ocrx_word' id='word_1_399' title='bbox 1511 2507 1720 2545; x_wconf 84' lang='lat' dir='ltr'><em>permensa</em></span> 
     </span>
     <span class='ocr_line' id='line_1_40' title="bbox 150 2555 1718 2609; baseline -0.004 -11"><span class='ocrx_word' id='word_1_400' title='bbox 150 2572 380 2609; x_wconf 85' lang='lat' dir='ltr'><em>parumper,</em></span> <span class='ocrx_word' id='word_1_401' title='bbox 410 2559 453 2597; x_wconf 87' lang='lat' dir='ltr'><em>in</em></span> <span class='ocrx_word' id='word_1_402' title='bbox 484 2572 562 2609; x_wconf 91' lang='lat' dir='ltr'><em>quo</em></span> <span class='ocrx_word' id='word_1_403' title='bbox 587 2571 702 2597; x_wconf 88' lang='lat' dir='ltr'><em>versu</em></span> <span class='ocrx_word' id='word_1_404' title='bbox 720 2569 929 2606; x_wconf 89' lang='lat' dir='ltr'><em>permensa</em></span> <span class='ocrx_word' id='word_1_405' title='bbox 954 2558 995 2595; x_wconf 84' lang='lat' dir='ltr'><em>vi</em></span> <span class='ocrx_word' id='word_1_406' title='bbox 1019 2558 1178 2607; x_wconf 87' lang='lat' dir='ltr'><em>passiva</em></span> <span class='ocrx_word' id='word_1_407' title='bbox 1204 2555 1474 2607; x_wconf 85' lang='lat' dir='ltr'><em>accipiendum</em></span> <span class='ocrx_word' id='word_1_408' title='bbox 1501 2555 1611 2603; x_wconf 87' lang='lat' dir='ltr'><em>duco,</em></span> <span class='ocrx_word' id='word_1_409' title='bbox 1642 2555 1718 2593; x_wconf 88' lang='lat' dir='ltr'><em>nisi</em></span> 
     </span>
     <span class='ocr_line' id='line_1_41' title="bbox 159 2612 1719 2669; baseline -0.004 -12"><span class='ocrx_word' id='word_1_410' title='bbox 159 2620 247 2669; x_wconf 89' lang='lat' dir='ltr'><em>quis</em></span> <span class='ocrx_word' id='word_1_411' title='bbox 273 2619 375 2657; x_wconf 86' lang='lat' dir='ltr'><em>forte</em></span> <span class='ocrx_word' id='word_1_412' title='bbox 394 2619 473 2657; x_wconf 90' lang='lat' dir='ltr'><em>leni</em></span> <span class='ocrx_word' id='word_1_413' title='bbox 493 2631 612 2656; x_wconf 91' lang='lat' dir='ltr'><em>manu</em></span> <span class='ocrx_word' id='word_1_414' title='bbox 632 2617 838 2656; x_wconf 90' lang='lat' dir='ltr'><em>emendare</em></span> <span class='ocrx_word' id='word_1_415' title='bbox 849 2612 1076 2665; x_wconf 83' lang='lat' dir='ltr'><em>permensu&#39;</em></span> <span class='ocrx_word' id='word_1_416' title='bbox 1096 2616 1221 2655; x_wconf 88' lang='lat' dir='ltr'><em>malit.</em></span> <span class='ocrx_word' id='word_1_417' title='bbox 1247 2616 1307 2654; x_wconf 94' lang='lat' dir='ltr'><em>De</em></span> <span class='ocrx_word' id='word_1_418' title='bbox 1326 2614 1482 2653; x_wconf 91' lang='lat' dir='ltr'><em>Aeneae</em></span> <span class='ocrx_word' id='word_1_419' title='bbox 1500 2613 1719 2661; x_wconf 89' lang='lat' dir='ltr'><em>itineribus,</em></span> 
     </span>
     <span class='ocr_line' id='line_1_42' title="bbox 159 2673 1717 2728; baseline -0.006 -11"><span class='ocrx_word' id='word_1_420' title='bbox 159 2691 236 2727; x_wconf 91' lang='lat' dir='ltr'><em>quo</em></span> <span class='ocrx_word' id='word_1_421' title='bbox 259 2678 375 2716; x_wconf 86' lang='lat' dir='ltr'><em>modo</em></span> <span class='ocrx_word' id='word_1_422' title='bbox 395 2677 501 2728; x_wconf 86' lang='lat' dir='ltr'><em>apud</em></span> <span class='ocrx_word' id='word_1_423' title='bbox 521 2678 693 2716; x_wconf 89' lang='lat' dir='ltr'><em>Ennium</em></span> <span class='ocrx_word' id='word_1_424' title='bbox 714 2677 901 2715; x_wconf 85' lang='lat' dir='ltr'><em>exornata</em></span> <span class='ocrx_word' id='word_1_425' title='bbox 920 2676 1080 2725; x_wconf 90' lang='lat' dir='ltr'><em>fuerint,</em></span> <span class='ocrx_word' id='word_1_426' title='bbox 1105 2688 1175 2714; x_wconf 89' lang='lat' dir='ltr'><em>nec</em></span> <span class='ocrx_word' id='word_1_427' title='bbox 1193 2675 1425 2726; x_wconf 87' lang='lat' dir='ltr'><em>fragmentis</em></span> <span class='ocrx_word' id='word_1_428' title='bbox 1446 2673 1629 2711; x_wconf 90' lang='lat' dir='ltr'><em>docemur</em></span> <span class='ocrx_word' id='word_1_429' title='bbox 1647 2685 1717 2709; x_wconf 86' lang='lat' dir='ltr'><em>nec</em></span> 
     </span>
     <span class='ocr_line' id='line_1_43' title="bbox 160 2730 1716 2788; baseline -0.005 -13"><span class='ocrx_word' id='word_1_430' title='bbox 160 2750 179 2775; x_wconf 90' lang='lat' dir='ltr'><em>e</em></span> <span class='ocrx_word' id='word_1_431' title='bbox 205 2737 382 2788; x_wconf 86' lang='lat' dir='ltr'><em>Vergilio</em></span> <span class='ocrx_word' id='word_1_432' title='bbox 410 2736 567 2776; x_wconf 85' lang='lat' dir='ltr'><em>certiori</em></span> <span class='ocrx_word' id='word_1_433' title='bbox 593 2737 701 2775; x_wconf 89' lang='lat' dir='ltr'><em>locus</em></span> <span class='ocrx_word' id='word_1_434' title='bbox 722 2737 966 2774; x_wconf 88' lang='lat' dir='ltr'><em>coniecturae</em></span> <span class='ocrx_word' id='word_1_435' title='bbox 987 2737 1062 2773; x_wconf 87' lang='lat' dir='ltr'><em>est:</em></span> <span class='ocrx_word' id='word_1_436' title='bbox 1089 2748 1205 2785; x_wconf 90' lang='lat' dir='ltr'><em>quem</em></span> <span class='ocrx_word' id='word_1_437' title='bbox 1224 2747 1409 2785; x_wconf 86' lang='lat' dir='ltr'><em>magnam</em></span> <span class='ocrx_word' id='word_1_438' title='bbox 1428 2734 1579 2782; x_wconf 87' lang='lat' dir='ltr'><em>partem</em></span> <span class='ocrx_word' id='word_1_439' title='bbox 1598 2730 1716 2780; x_wconf 90' lang='lat' dir='ltr'><em>primi</em></span> 
     </span>
     <span class='ocr_line' id='line_1_44' title="bbox 158 2783 1715 2845; baseline -0.006 -11"><span class='ocrx_word' id='word_1_440' title='bbox 158 2796 251 2834; x_wconf 88' lang='lat' dir='ltr'><em>libri</em></span> <span class='ocrx_word' id='word_1_441' title='bbox 271 2795 320 2834; x_wconf 91' lang='lat' dir='ltr'><em>ad</em></span> <span class='ocrx_word' id='word_1_442' title='bbox 333 2796 477 2834; x_wconf 86' lang='lat' dir='ltr'><em>Naevii</em></span> <span class='ocrx_word' id='word_1_443' title='bbox 497 2796 696 2845; x_wconf 83' lang='lat' dir='ltr'><em>exemplar</em></span> <span class='ocrx_word' id='word_1_444' title='bbox 715 2796 976 2844; x_wconf 83' lang='lat' dir='ltr'><em>composuisse</em></span> <span class='ocrx_word' id='word_1_445' title='bbox 990 2793 1213 2833; x_wconf 85' lang='lat' dir='ltr'><em>Macrobius</em></span> <span class='ocrx_word' id='word_1_446' title='bbox 1233 2794 1402 2832; x_wconf 88' lang='lat' dir='ltr'><em>testatur</em></span> <span class='ocrx_word' id='word_1_447' title='bbox 1417 2786 1516 2843; x_wconf 83' lang='lat' dir='ltr'><em>(Sat.</em></span> <span class='ocrx_word' id='word_1_448' title='bbox 1532 2802 1573 2827; x_wconf 81' lang='lat' dir='ltr'><em>vl</em></span> <span class='ocrx_word' id='word_1_449' title='bbox 1588 2790 1624 2837; x_wconf 83' lang='lat'><em>2,</em></span> <span class='ocrx_word' id='word_1_450' title='bbox 1641 2783 1715 2840; x_wconf 87' lang='lat'><em>31)</em></span> 
     </span>
     <span class='ocr_line' id='line_1_45' title="bbox 158 2849 1714 2904; baseline -0.005 -10"><span class='ocrx_word' id='word_1_451' title='bbox 158 2856 200 2893; x_wconf 85' lang='lat' dir='ltr'><em>in</em></span> <span class='ocrx_word' id='word_1_452' title='bbox 217 2856 416 2904; x_wconf 85' lang='lat' dir='ltr'><em>principio</em></span> <span class='ocrx_word' id='word_1_453' title='bbox 435 2854 627 2894; x_wconf 80' lang='lat' dir='ltr'><em>Aeneidos</em></span> <span class='ocrx_word' id='word_1_454' title='bbox 653 2857 853 2902; x_wconf 86' lang='lat' dir='ltr'><em>tempestas</em></span> <span class='ocrx_word' id='word_1_455' title='bbox 879 2853 1118 2898; x_wconf 82' lang='lat' dir='ltr'><em>describitur,</em></span> <span class='ocrx_word' id='word_1_456' title='bbox 1144 2856 1176 2891; x_wconf 88' lang='lat' dir='ltr'><em>et</em></span> <span class='ocrx_word' id='word_1_457' title='bbox 1204 2853 1330 2891; x_wconf 84' lang='lat' dir='ltr'><em>Venus</em></span> <span class='ocrx_word' id='word_1_458' title='bbox 1353 2849 1460 2898; x_wconf 84' lang='lat' dir='ltr'><em>apud</em></span> <span class='ocrx_word' id='word_1_459' title='bbox 1478 2849 1609 2886; x_wconf 85' lang='lat' dir='ltr'><em>Iovem</em></span> <span class='ocrx_word' id='word_1_460' title='bbox 1629 2859 1714 2895; x_wconf 75' lang='lat' dir='ltr'><em>que-</em></span> 
     </span>
     <span class='ocr_line' id='line_1_46' title="bbox 158 2907 1715 2963; baseline -0.005 -11"><span class='ocrx_word' id='word_1_461' title='bbox 158 2915 260 2953; x_wconf 82' lang='lat' dir='ltr'><em>ritur</em></span> <span class='ocrx_word' id='word_1_462' title='bbox 283 2915 329 2954; x_wconf 88' lang='lat' dir='ltr'><em>de</em></span> <span class='ocrx_word' id='word_1_463' title='bbox 347 2915 535 2963; x_wconf 83' lang='lat' dir='ltr'><em>perieulis</em></span> <span class='ocrx_word' id='word_1_464' title='bbox 560 2915 646 2962; x_wconf 69' lang='lat' dir='ltr'><em>filu,</em></span> <span class='ocrx_word' id='word_1_465' title='bbox 673 2917 706 2953; x_wconf 83' lang='lat' dir='ltr'><em>et</em></span> <span class='ocrx_word' id='word_1_466' title='bbox 730 2914 908 2962; x_wconf 83' lang='lat' dir='ltr'><em>Iuppiter</em></span> <span class='ocrx_word' id='word_1_467' title='bbox 933 2925 1017 2953; x_wconf 87' lang='lat' dir='ltr'><em>eam</em></span> <span class='ocrx_word' id='word_1_468' title='bbox 1042 2913 1088 2951; x_wconf 91' lang='lat' dir='ltr'><em>de</em></span> <span class='ocrx_word' id='word_1_469' title='bbox 1105 2913 1328 2961; x_wconf 75' lang='lat' dir='ltr'><em>futurorum</em></span> <span class='ocrx_word' id='word_1_470' title='bbox 1339 2908 1595 2958; x_wconf 82' lang='lat' dir='ltr'><em>prosperitate</em></span> <span class='ocrx_word' id='word_1_471' title='bbox 1616 2907 1715 2945; x_wconf 86' lang='lat' dir='ltr'><em>sola-</em></span> 
     </span>
    </p>
   </div>
   <div class='ocr_carea' id='block_1_3' title="bbox 1766 2979 1770 3005">
    <p class='ocr_par' dir='ltr' id='par_1_4' title="bbox 1766 2979 1770 3005">
     <span class='ocr_line' id='line_1_47' title="bbox 1766 2979 1770 3005; baseline 0 0"><span class='ocrx_word' id='word_1_472' title='bbox 1766 2979 1770 3005; x_wconf 68' lang='lat'><em>2</em></span> 
     </span>
    </p>
   </div>
  </div>
 </body>
</html>
