2054 3282
728 181 989 216 ANNALIUM
1013 182 1102 218 LIB.
1121 182 1138 216 Ι
1663 183 1716 224 19

158 301 242 342 112
274 300 452 351 Qualem
484 303 526 343 te
558 302 721 356 patriae
752 302 973 344 custodem
999 302 1042 343 di
1074 304 1332 358 genuerunt!

274 370 309 413 Ο
341 374 463 426 pater
494 387 519 413 o
551 373 723 428 genitor
754 387 778 414 o
811 387 1002 429 sanguen
1033 373 1097 415 dis
1130 374 1376 415 oriundum!

273 442 339 484 Tu
369 442 610 498 produxisti
641 458 719 485 nos
752 444 864 486 intra
894 444 1070 486 luminis
1103 459 1210 486 oras.

885 584 983 618 LXII

157 655 240 697 115
273 656 505 699 «Romulus
538 657 583 699 in
614 656 731 699 caelo
764 671 860 698 cum
893 657 958 698 dis
991 657 1249 713 genitalibus
1282 673 1432 700 aevum

272 727 415 784 Degit.

879 809 995 843 LXIII

156 881 238 923 117
420 881 620 932 «Quirine
651 885 772 938 pater
802 897 980 925 veneror
1011 882 1259 939 Horamque
1292 883 1470 934 Quirini.

153 1045 315 1091 orbatus,
336 1048 512 1091 «pectora
531 1047 598 1082 diu
618 1038 705 1093 (υιῧ
729 1048 823 1093 cod.)
843 1049 948 1082 tenet
979 1047 1239 1090 desiderium»,
1267 1048 1364 1083 sicut
1389 1048 1443 1083 ait
1467 1048 1608 1082 Ennius
1633 1050 1718 1093 post

152 1099 284 1144 optimi
297 1099 395 1145 regis
410 1100 570 1143 obitum3
591 1101 725 1136 «simul
738 1101 836 1135 inter
849 1112 928 1136 sese
945 1129 951 1135 .
969 1129 975 1135 .
993 1129 999 1135 .
1016 1101 1069 1135 dii
1082 1106 1295 1147 qenuerunt.
1311 1113 1331 1136 ο
1339 1105 1447 1146 pater
1460 1113 1480 1136 o
1500 1103 1641 1148 qenitor
1654 1113 1674 1137 o
1690 1114 1715 1136 s.

152 1152 209 1186 dis
229 1152 448 1187 oriundum»
464 1154 571 1198 (113).
587 1165 660 1188 non
675 1164 755 1189 eros
772 1165 840 1189 nec
854 1154 1022 1189 dominos
1037 1154 1283 1199 appellabant
1296 1165 1368 1196 eos,
1384 1154 1519 1199 quibus
1536 1155 1632 1190 iuste
1652 1166 1717 1200 pa-

151 1206 313 1247 ruerunt,
327 1206 487 1249 denique
501 1217 547 1240 ne
558 1217 664 1252 reges
676 1207 838 1251 quidem,
851 1209 908 1242 set
919 1208 1066 1252 patriae
1081 1208 1262 1250 custodes,
1276 1209 1332 1242 set
1344 1210 1470 1253 patres
1485 1210 1522 1243 et
1535 1209 1635 1243 deos.
1650 1219 1718 1242 nec

152 1258 230 1293 sine
251 1269 380 1303 causa3
400 1259 491 1303 quid
511 1260 611 1294 enim
630 1261 865 1306 adiungunt?
886 1262 949 1297 «tu
965 1289 972 1295 .
989 1289 996 1295 .
1014 1289 1019 1295 .
1036 1272 1141 1297 oras»
1163 1263 1270 1307 (114).
1285 1262 1400 1296 vitam
1413 1261 1590 1296 honorem
1604 1262 1717 1296 decus

151 1311 223 1346 sibi
243 1312 373 1347 datum
393 1323 472 1347 esse
490 1313 637 1348 iustitia
656 1314 755 1359 regis
776 1314 1016 1349 existimant.’
1045 1315 1239 1360 Iungenda
1259 1316 1345 1349 sunt
1366 1315 1483 1349 ‘sicut
1502 1315 1557 1349 ait
1576 1314 1716 1349 Ennius

150 1368 235 1410 post
260 1366 392 1411 optimi
411 1366 510 1412 regis
537 1367 700 1401 obitum'
729 1370 767 1403 et
791 1368 885 1402 haec
909 1370 1098 1413 postrema
1124 1368 1311 1403 Ciceronis
1332 1369 1418 1402 sunt
1438 1367 1497 1414 (cf.
1521 1381 1548 1402 11
1575 1371 1630 1410 30,
1646 1369 1716 1413 52),

150 1419 215 1462 qui
241 1419 288 1454 ab
316 1420 489 1454 universa
515 1420 701 1455 sententia
725 1421 961 1465 proficiscens
987 1423 1140 1466 propter
1158 1421 1320 1455 Ennium
1346 1421 1481 1455 transit
1500 1421 1548 1455 ad
1568 1421 1717 1456 Romuli

151 1472 311 1516 obitum3
340 1473 468 1517 itaque
497 1474 574 1507 diu
601 1473 750 1518 scripsit
774 1485 842 1509 nec
868 1475 1009 1508 Ennius
1036 1474 1127 1518 quid
1152 1474 1320 1519 posuerit
1345 1474 1431 1509 sciri
1456 1475 1591 1519 potest.

151 1525 368 1559 Lactantius
388 1526 460 1560 div.
481 1526 567 1560 inst.
588 1539 601 1560 1
623 1530 676 1569 15,
693 1531 736 1561 30
759 1529 866 1562 ‘nam
885 1527 1084 1562 Romulum
1104 1528 1289 1562 desiderio
1310 1527 1386 1562 suis
1412 1527 1526 1562 fuisse
1550 1527 1717 1562 declarat

150 1577 302 1621 Ennius,
318 1579 418 1623 apud
432 1590 542 1622 quem
555 1580 715 1624 populus
736 1581 913 1614 amissum
932 1591 1058 1625 regem
1079 1580 1208 1615 dolens
1228 1581 1322 1615 haec
1341 1580 1507 1624 loquitur
1530 1580 1560 1600 ³¹
1580 1592 1624 1616 «o
1644 1581 1715 1615 Ro-

149 1631 249 1666 mule
268 1632 424 1667 Romule
451 1632 512 1667 die
539 1632 638 1678 (dee
659 1644 749 1668 corr.
770 1633 851 1668 Par.
867 1634 899 1667 R
922 1634 995 1668 dic
1020 1633 1135 1668 Pars
1163 1634 1280 1668 diem
1300 1633 1398 1678 Vat.)
1419 1633 1569 1677 qualem
1587 1661 1594 1668 .
1611 1661 1641 1668 ..
1663 1634 1716 1668 dii

149 1690 362 1731 yenuerumt.
384 1690 425 1720 tu
438 1686 674 1731 produxisti.
691 1715 698 1721 .
715 1715 722 1722 .
737 1698 829 1722 oras.
845 1698 865 1722 ο
881 1691 989 1731 pater
1008 1698 1028 1721 o
1049 1687 1246 1732 (genitor
1269 1686 1354 1721 add.
1370 1686 1462 1732 Pal.)
1478 1687 1627 1731 patriae
1646 1698 1667 1722 o
1687 1699 1713 1721 s.

151 1739 208 1773 dis
230 1739 328 1784 (diis)
350 1739 598 1775 oriundum».’
714 1740 926 1775 Priscianus
947 1754 983 1775 v1
1002 1753 1038 1785 p.
1055 1744 1133 1783 250,
1151 1744 1193 1775 15
1208 1740 1253 1775 H.
1277 1741 1439 1775 ‘veteres
1459 1740 1529 1775 hoc
1550 1751 1716 1786 sanguen

151 1792 324 1827 dixerunt
345 1821 351 1827 .
369 1820 375 1827 .
393 1820 399 1827 .
421 1794 463 1827 ut
486 1793 540 1828 ait
559 1793 701 1828 Ennius
723 1794 833 1839 [scen.
850 1794 922 1839 26].
943 1794 1044 1828 idem
1066 1794 1105 1828 in
1131 1807 1158 1828 11
1184 1793 1312 1828 annali
1339 1805 1383 1830 «o
1408 1794 1549 1840 qenitor
1569 1805 1589 1828 o
1610 1806 1636 1828 s.
1659 1794 1715 1828 dis

151 1846 250 1891 (diis)
277 1846 525 1882 oriundum».’
560 1847 605 1881 in
624 1860 637 1881 1
657 1846 837 1881 Columna
871 1848 1146 1892 ‘pervetustum
1171 1859 1278 1881 suum
1297 1847 1479 1881 Prisciani
1505 1847 1712 1892 exemplar’

152 1901 318 1943 secutus;
344 1910 413 1934 nee
438 1901 563 1945 potest
588 1900 754 1935 dubitari
779 1902 932 1946 propter
957 1914 1045 1934 Lxm
1072 1901 1171 1944 quod
1198 1911 1218 1935 e
1237 1900 1356 1945 primo
1378 1899 1542 1935 affertur.

268 1953 366 1989 LXII
391 1954 487 1998 (115)
538 1953 684 1989 Servius
711 1954 750 1988 in
775 1954 865 1989 Aen.
887 1967 924 1989 v1
945 1957 1012 1988 764
1041 1955 1192 1989 ‘aevum
1218 1954 1367 1998 proprie
1400 1954 1633 1988 aeternitatis
1659 1955 1716 1988 est

150 2016 246 2050 quae
260 2017 334 2041 non
347 2006 421 2041 nisi
435 2007 474 2041 in
489 2007 576 2042 deos
590 2007 701 2042 venit.
717 2007 859 2042 Ennius
874 2007 1075 2043 «Romulus
1092 2035 1097 2040 .
1115 2035 1121 2040 .
1139 2035 1144 2040 .
1161 2018 1245 2041 cum
1258 2007 1332 2042 diis
1349 2007 1570 2053 yenitalz'bus
1589 2018 1716 2042 aevum

149 2060 296 2106 deyit».’
361 2059 487 2095 Cicero
503 2060 607 2094 Tusc.
624 2060 718 2105 disp.
733 2073 747 2094 1
762 2064 816 2102 12,
827 2063 871 2094 28
888 2060 898 2076 ‘
909 2071 953 2095 ex
966 2060 1036 2094 hoc
1050 2061 1088 2094 et
1100 2061 1309 2094 nostrorum
1323 2059 1498 2104 opinione
1513 2059 1714 2095 «Romulus

149 2113 189 2147 in
209 2113 311 2148 caelo
332 2125 416 2148 cum
441 2114 515 2148 diis
539 2114 618 2159 ayit
642 2124 802 2155 aevum»,
827 2115 870 2147 ut
888 2112 1011 2147 famae
1032 2113 1246 2147 adsentiens
1267 2112 1362 2146 dixit
1381 2112 1548 2146 Ennius’
1621 2113 1714 2147 ‘Ro-

149 2166 270 2200 mulus
284 2166 323 2200 in
337 2166 460 2201 caelo’
482 2166 605 2211 paries
619 2166 782 2211 Pompei.
799 2166 843 2200 cf.
857 2166 1103 2200 Buechelerus
1124 2177 1233 2200 carm.
1256 2166 1372 2211 epigr.
1387 2178 1423 2210 p.
1439 2169 1517 2200 823.
1588 2166 1713 2201 Cicero

149 2220 196 2254 de
215 2221 306 2254 orat.
328 2233 370 2254 111
390 2222 444 2262 38,
462 2222 529 2253 154
552 2219 684 2254 ‘verba
704 2220 887 2254 novantur
905 2220 969 2253 ut.
987 2248 993 2252 .
1011 2247 1016 2252 .
1034 2219 1096 2255 «di
1117 2219 1350 2264 genitales».’
1379 2218 1431 2254 Cf.
1453 2219 1644 2254 Bentleius
1665 2219 1713 2254 ad

149 2272 235 2307 Hor.
257 2284 286 2307 c.
308 2284 334 2307 s.
358 2276 411 2308 16.

268 2326 383 2361 LXIII
403 2327 499 2372 (117)
549 2326 691 2361 Nonius
717 2339 751 2371 p.
776 2330 854 2369 120,
870 2330 890 2360 2
920 2326 1041 2360 ‘Hora
1065 2326 1268 2360 iuventutis
1298 2326 1378 2360 dea.
1415 2325 1556 2360 Ennius
1586 2325 1713 2360 annali

148 2380 212 2415 lib.
234 2394 247 2414 1
273 2380 448 2422 «Quirine
477 2409 482 2414 .
506 2409 511 2414 .
535 2409 540 2414 .
568 2380 771 2424 horamque
798 2379 942 2422 Quirini
969 2379 1164 2424 (quirint
1189 2379 1283 2414 Flor.
1305 2392 1351 2413 m.
1367 2391 1419 2424 pr.
1436 2379 1603 2424 Leid.)».'

150 2433 291 2468 Gellius
316 2447 383 2468 xm
403 2437 458 2475 23,
474 2437 493 2467 2
517 2434 676 2468 ‘Horam
703 2433 866 2475 Quirini’
895 2433 993 2467 inter
1019 2433 1192 2476 antiquas
1219 2433 1534 2478 comprecationes
1560 2433 1712 2467 deorum

149 2487 251 2521 velut
269 2487 385 2521 Luam
406 2487 567 2529 Saturni,
589 2487 774 2521 Salaciam
792 2486 968 2531 Neptuni,
990 2486 1129 2520 Maiam
1142 2485 1310 2528 Volcani,
1331 2485 1390 2528 al,
1411 2487 1449 2519 et
1468 2496 1580 2529 quam
1599 2485 1714 2520 habet

149 2540 290 2575 Ennius
312 2544 379 2574 104
401 2540 618 2575 ‘Nerienem
632 2540 828 2574 Mavortis'
852 2539 968 2574 affert.
998 2539 1151 2574 Ovidius
1170 2540 1318 2574 metam.
1340 2552 1401 2573 x1v
1421 2542 1487 2573 851
1512 2539 1615 2573 ‘cum
1635 2550 1712 2573 cor-

148 2604 238 2638 pore
251 2604 385 2628 nomen
398 2595 520 2629 mutat
532 2594 744 2637 Horamque
758 2594 865 2628 vocat
873 2592 1086 2638 (Hersiliam
1100 2592 1265 2637 scilicet),
1281 2602 1377 2636 quae
1390 2603 1488 2626 nunc
1502 2592 1573 2626 dea
1585 2592 1712 2626 iuncta

150 2646 303 2689 Quirino
330 2648 412 2682 est.'
453 2647 507 2682 De
531 2647 602 2681 hac
628 2646 812 2681 Hersiliae
838 2657 921 2680 cum
940 2645 1042 2680 Hora
1067 2645 1327 2680 coniunctione
1354 2645 1461 2679 docte
1482 2645 1650 2689 disputat
1669 2645 1709 2679 G.

149 2699 333 2735 Wissowa
360 2700 512 2735 ‘PhiloL
540 2699 725 2735 Abhandl.
747 2699 771 2733 f.
793 2699 840 2733 M.
862 2698 994 2733 Hertz'
1019 2702 1110 2733 1888
1135 2711 1171 2744 p.
1195 2702 1271 2734 167.
1307 2699 1413 2741 Quod
1441 2698 1573 2732 Ovidio
1594 2697 1711 2732 Hora

150 2755 216 2795 est,
237 2764 311 2787 non
331 2754 420 2796 erat,
441 2753 582 2798 opinor,
604 2765 668 2788 cur
687 2752 799 2787 Ennii
818 2762 963 2787 versum
983 2752 1201 2798 corrigendo
1221 2752 1507 2796 corrumperent.

272 2914 353 2951 117
383 2913 515 2962 Teque
542 2913 630 2952 add.
656 2912 857 2957 Columna,
884 2913 930 2960 ef.
955 2921 1009 2960 54
