2054 3282
776 197 1085 233 EPICHARMUS
1632 197 1715 238 221

916 317 967 350 III

158 377 213 419 47
281 375 408 431 Aqua
433 379 548 419 terra
573 378 715 419 anima
741 377 822 433 [et]
849 377 914 419 sol

919 482 971 517 IV

159 549 215 592 48
277 548 424 591 Terris
451 549 589 605 gentis
618 550 756 591 omnis
782 549 948 604 peperit
973 551 1015 590 et
1040 549 1218 590 resumit
1244 548 1381 591 denuo

158 679 214 721 49
934 678 937 680 ’
1045 679 1117 721 dat
1143 679 1303 721 cibaria

161 810 219 851 50
864 809 979 864 quod
1005 809 1117 865 gerit
1141 809 1299 865 fruges,
1325 807 1450 850 Ceres

934 920 965 954 V

166 981 218 1024 51
569 984 684 1023 terra
709 995 863 1037 corpus
890 984 965 1037 est,
992 984 1035 1023 at
1061 981 1216 1023 mentis
1244 980 1356 1037 ignis
1383 983 1457 1023 est.

162 1146 304 1179 eorpus.
325 1134 519 1168 humidum
539 1136 577 1170 et
596 1134 775 1180 frigidum
795 1135 895 1169 terra
911 1162 916 1168 .
935 1162 940 1168 .
958 1162 964 1168 .
981 1134 1109 1169 caldor
1127 1144 1147 1168 e
1168 1134 1271 1168 caelo
1292 1134 1392 1179 quod
1412 1133 1499 1168 huic
1519 1133 1730 1167 innumera-

161 1188 255 1222 biles
282 1190 320 1222 et
345 1187 573 1223 immortales
600 1188 705 1233 ignes
728 1216 734 1222 .
752 1216 758 1221 .
776 1216 781 1222 .
799 1216 805 1222 .
827 1189 869 1222 ut
894 1187 1066 1222 humores
1086 1187 1247 1232 frigidae
1268 1189 1355 1223 sunt
1374 1187 1478 1221 humi
1501 1215 1506 1221 .
1524 1215 1530 1221 .
1548 1186 1581 1206 ⁶⁰
1594 1186 1729 1230 quibus

161 1241 298 1277 iunctis
313 1241 457 1276 caelum
471 1243 509 1276 et
522 1242 621 1276 terra
635 1241 761 1276 omnia
781 1251 824 1275 ex
838 1243 903 1287 (se)
918 1242 1137 1286 genuerunt,
1153 1241 1253 1286 quod
1266 1252 1333 1286 per
1346 1240 1412 1276 hos
1426 1242 1562 1276 natura
1576 1239 1729 1285 «frigori

160 1307 213 1329 m„
224 1295 384 1330 calorem
396 1296 434 1341 (c
443 1294 513 1329 alo
522 1294 560 1329 ri
583 1307 629 1329 111.
642 1307 696 1339 pr.
709 1294 819 1340 Flor.)
832 1305 863 1329 a.
876 1294 1020 1329 homori
1034 1294 1312 1330 aritudinem».’
1402 1293 1453 1328 Cf.
1465 1293 1608 1328 Nonius
1623 1305 1658 1338 p.
1673 1297 1728 1336 71,

162 1352 206 1383 22
223 1347 470 1383 ‘aritudinem
492 1359 559 1393 pro
587 1348 764 1383 ariditate
785 1347 901 1382 Varro
923 1348 1169 1393 (Pro)metheo
1190 1348 1229 1382 in
1248 1347 1344 1382 libro
1358 1360 1371 1381 1
1385 1348 1435 1393 (v1
1449 1347 1504 1392 B.)
1519 1346 1728 1383 «humanae

162 1402 350 1446 quandam
371 1403 521 1446 gentem
541 1401 668 1446 stirpis
689 1401 897 1445 concoquit,
915 1401 1034 1446 frigus
1055 1401 1178 1436 calore
1199 1403 1312 1446 atque
1331 1401 1485 1435 humore
1500 1399 1726 1435 aritudinem

161 1455 318 1489 miscet.’
335 1453 371 1489 C.
388 1453 443 1489 Gl.
459 1455 498 1489 L.
514 1467 550 1489 V1
569 1466 604 1499 p.
620 1458 676 1490 95.
774 1454 997 1499 Epicharmo
1017 1454 1141 1498 Ennii,
1162 1465 1234 1499 quo
1254 1454 1374 1489 utitur
1393 1454 1446 1488 ibi
1460 1453 1577 1488 Varro
1592 1453 1651 1499 (cf.
1666 1456 1727 1499 v1),

162 1508 254 1543 haec
274 1518 421 1552 quoque
442 1507 616 1552 ascripsit
636 1507 826 1542 Columna.

280 1560 330 1595 HI
344 1562 415 1606 (47)
441 1560 559 1595 Varro
578 1571 646 1595 rer.
661 1561 750 1595 rust.
766 1574 778 1594 1
798 1565 830 1603 4,
849 1565 865 1595 1
884 1561 983 1595 ‘eius
998 1561 1093 1607 (agri
1114 1561 1298 1596 culturam
1319 1561 1423 1606 dicit)
1437 1560 1624 1606 principia
1643 1562 1729 1594 sunt

161 1615 292 1649 eadem
306 1625 402 1658 quae
416 1614 546 1649 mundi
560 1625 639 1649 esse
653 1614 794 1649 Ennius
816 1614 955 1657 scribit,
975 1626 1097 1659 «aqua
1116 1617 1215 1650 terra
1236 1615 1361 1650 anima
1381 1616 1418 1649 et
1438 1614 1546 1650 sol».’
1646 1613 1728 1648 Huc

162 1668 275 1702 refert
296 1667 484 1702 Columna.

280 1721 332 1755 IV
345 1723 416 1767 (48)
443 1721 560 1756 Varro
581 1721 626 1756 de
646 1721 668 1756 l.
685 1722 722 1756 L.
738 1734 760 1756 v
782 1725 825 1756 64
842 1722 961 1756 ‘terra
975 1721 1060 1767 Ops,
1076 1722 1176 1766 quod
1193 1721 1255 1756 hio
1269 1732 1376 1756 omne
1391 1732 1483 1766 opus
1498 1722 1536 1756 et
1548 1721 1618 1756 hac
1635 1731 1728 1766 opus

164 1775 211 1810 ad
232 1775 445 1819 vivendum3
466 1776 503 1809 et
522 1775 606 1810 ideo
622 1775 758 1810 dicitur
772 1774 847 1820 Ops
863 1776 992 1817 mater,
1008 1775 1108 1819 quod
1121 1777 1220 1810 terra
1233 1776 1361 1810 mater.
1376 1775 1469 1810 haec
1483 1775 1582 1810 enim
1596 1775 1727 1811 «terris

164 1857 170 1863 .
188 1857 194 1863 .
212 1856 218 1862 .
235 1828 396 1872 denu0»3
416 1839 511 1872 quae
532 1829 622 1865 «dat
641 1828 805 1864 cibaria»
825 1830 868 1863 ut
888 1829 942 1863 ait
961 1828 1113 1863 Ennius.
1137 1839 1232 1873 quae
1251 1829 1374 1873 «quod
1395 1828 1492 1874 gerit
1511 1828 1647 1874 fruges,
1663 1828 1728 1863 Ce-

163 1892 254 1917 res».
270 1881 434 1925 antiquis
456 1882 554 1916 enim
572 1882 672 1926 quod
691 1893 789 1917 nunc
804 1895 826 1917 G
839 1895 857 1917 c
872 1883 914 1928 (86
927 1882 1022 1916 Flor.
1038 1894 1128 1917 corr.
1144 1883 1445 1928 Lachmannus).'
1544 1883 1633 1917 Tres
1654 1883 1728 1917 dis-

164 1935 260 1970 crevi
285 1934 489 1980 particulas
515 1946 600 1978 non,
626 1937 730 1980 puto,
757 1935 952 1970 continuas
978 1936 1017 1970 in
1043 1936 1155 1970 Ennii
1178 1936 1357 1971 carmine:
1380 1936 1428 1971 ad
1447 1936 1608 1970 Ennium
1629 1937 1728 1971 enim

162 1988 283 2022 redire
302 1988 395 2023 haec
414 1988 539 2023 omnia
557 1988 752 2033 probabile
773 1990 840 2032 est,
861 1999 1018 2032 quorum
1044 1989 1090 2023 de
1116 1989 1232 2024 altero
1260 1991 1298 2024 et
1322 1989 1433 2024 tertio
1458 1989 1560 2024 varie
1585 1990 1727 2024 iudica-

164 2043 259 2076 runt.
275 2041 387 2075 Ennii
408 2043 533 2076 autem
553 2042 584 2076 si
605 2043 691 2076 sunt
710 2042 813 2084 haec,
835 2042 1058 2086 Epicharmo
1079 2043 1158 2077 eius
1177 2044 1278 2077 recte
1299 2042 1387 2077 olim
1408 2043 1572 2087 ascripta
1592 2044 1687 2077 sunt.

282 2094 315 2128 V
329 2096 401 2140 (51)
433 2094 644 2129 Priscianus
658 2108 708 2129 v11
722 2107 756 2139 p.
771 2099 850 2138 341,
863 2099 907 2129 20
921 2095 965 2130 H.
984 2095 1064 2130 ‘hic
1085 2097 1122 2129 et
1140 2096 1234 2130 haec
1255 2095 1412 2130 amentis
1427 2097 1464 2130 et
1477 2096 1547 2130 hoc
1562 2098 1726 2140 amente3

165 2158 232 2182 nec
257 2148 403 2191 mirum,
430 2148 533 2182 cuius
560 2148 717 2193 simplex
743 2159 890 2192 quoque
915 2149 1049 2183 mentis
1079 2148 1220 2183 Ennius
1248 2149 1407 2193 protulit
1435 2149 1474 2182 in
1503 2149 1726 2193 Epicharmo

166 2202 288 2237 «terra
303 2230 309 2235 .
328 2229 333 2235 .
351 2229 357 2235 .
373 2201 471 2246 ignis
493 2203 571 2237 est»
593 2212 658 2246 pro
678 2202 808 2236 mens.'
908 2201 960 2236 Cf.
977 2202 1151 2236 Placidus
1167 2201 1203 2236 C.
1220 2201 1275 2236 Gl.
1291 2202 1329 2236 L.
1344 2215 1366 2236 v
1379 2214 1414 2246 p.
1431 2205 1487 2245 84,
1499 2207 1519 2237 2
1535 2204 1572 2236 et
1588 2206 1666 2245 116,
1681 2207 1724 2237 45

167 2255 178 2271 ‘
189 2255 340 2290 mentis:
360 2255 566 2300 genitivum
587 2265 714 2289 casum
728 2266 793 2300 pro
809 2255 1036 2290 nominativo
1051 2255 1187 2300 posuit,
1202 2255 1332 2290 debuit
1345 2255 1444 2289 enim
1458 2255 1580 2290 dicere
1594 2257 1723 2290 mens.'

285 2404 338 2442 47
362 2405 401 2441 et
420 2404 555 2442 delevit
573 2403 790 2442 Polfitiansus
931 2403 988 2451 Of.
1010 2415 1101 2441 ann.
1119 2412 1198 2450 522
1210 2417 1224 2450 ‚·
1247 2402 1440 2442 Ciceronis
1464 2405 1643 2442 Timaeus
1663 2413 1724 2453 13,

168 2472 219 2510 47
243 2463 461 2512 particulas
487 2463 591 2513 ignis
618 2466 656 2501 et
680 2465 807 2501 terrae
834 2465 872 2500 et
898 2475 1023 2512 aquae
1049 2464 1088 2500 et
1108 2463 1262 2501 animae
1283 2475 1306 2501 a
1325 2463 1472 2501 mundo
1491 2464 1724 2501 mutuaban-

166 2524 252 2568 tur‚·
268 2522 360 2560 ibid.
379 2531 439 2571 12,
456 2530 508 2569 45
519 2535 533 2568 ,·
560 2532 621 2570 14,
639 2531 715 2569 50,·
733 2521 991 2570 Aeac1.post.1
1015 2530 1050 2571 7,
1068 2520 1120 2558 26
1141 2523 1276 2572 itaque
1297 2535 1363 2561 aer
1383 2524 1422 2561 et
1439 2523 1543 2573 ignis
1563 2525 1602 2561 et
1622 2535 1726 2571 aqua

167 2583 206 2618 et
224 2583 331 2619 terra
349 2581 478 2630 prima
504 2583 617 2627 sunt,·
642 2581 792 2620 Paulus
811 2581 918 2619 Festi
930 2594 972 2629 p.
989 2579 1055 2630 67,
1073 2589 1123 2629 27
1149 2582 1215 2619 Th.
1237 2583 1410 2632 geniales
1431 2583 1522 2620 deos
1542 2582 1725 2620 dixerunt

168 2653 311 2689 aquam
329 2641 475 2678 terram
495 2641 627 2690 ignem
647 2652 775 2678 aerem
897 2642 951 2679 50
975 2640 1105 2679 Cicero
1123 2642 1170 2679 dc
1187 2644 1265 2679 nat.
1281 2642 1381 2679 deor.
1395 2654 1425 2678 11
1449 2639 1514 2690 26,
1530 2640 1581 2688 67
1598 2643 1725 2678 mater

168 2702 226 2738 est
246 2712 269 2737 a
288 2700 509 2750 gerendis
529 2700 749 2749 frugibus
772 2699 907 2738 Ceres
927 2701 1131 2749 tamquam
1145 2699 1285 2747 Geres‚·
1298 2713 1328 2738 11
1345 2699 1555 2748 23,60,·111
1572 2698 1725 2748 24,62,·

167 2771 213 2795 111
230 2768 295 2806 20,
312 2768 362 2806 52
384 2760 417 2796 si
437 2760 495 2796 est
516 2758 628 2796 Ceres
650 2771 673 2796 a
692 2759 872 2808 gerendo,
892 2761 998 2797 terra
1017 2761 1103 2808 ipsa
1123 2759 1197 2797 dea
1215 2762 1274 2798 est
1395 2759 1566 2797 51—53
1588 2759 1649 2797 Dc
1664 2759 1724 2796 leis

167 2819 253 2855 vide
271 2818 492 2865 Hauptium
518 2818 763 2855 disserentem
782 2829 866 2865 opp.
881 2830 910 2855 11
923 2830 964 2865 p.
986 2828 999 2854 1
1011 2827 1077 2865 93,
1098 2821 1164 2866 qui
1182 2819 1444 2867 Epicharmea
1470 2829 1568 2865 quac
1586 2829 1611 2855 a
1631 2817 1723 2855 Plu-

169 2877 298 2914 tarcho
316 2878 359 2914 in
378 2878 633 2915 consolatione
642 2875 840 2925 Apollonii
852 2889 894 2924 p.
914 2887 926 2913 1
943 2887 992 2914 10
1007 2890 1032 2916 a
1046 2878 1067 2916 b
1087 2879 1306 2926 afferuntur
1325 2876 1541 2928 συνεκρίθη
1561 2875 1625 2914 καὶ
1646 2876 1723 2915 διε-

168 2935 291 2988 κρίθη
310 2934 517 2988 κάπῆνθεν
537 2935 633 2974 ὅθεν
654 2931 780 2988 ἦνθε-ν
799 2936 930 2988 πάλιν,
948 2942 997 2989 γᾶ
1017 2934 1088 2989 μὲν
1108 2937 1162 2984 εἰς
1181 2943 1266 2989 γᾶν,
1285 2932 1428 2988 πνεῦμ’
1450 2934 1532 2975 ἄνω
1556 2937 1723 2985 conferri

1758 2973 1762 2996 1
