2054 3282
348 180 430 220 132
1017 171 1218 208 SCENICA

345 299 399 340 89
433 297 511 340 Cui
535 309 613 338 nec
637 310 732 338 arae
756 293 919 350 patriae
945 292 1061 334 domi
1087 294 1213 347 stant,
1238 291 1397 334 fractae
1423 294 1466 334 et
1490 292 1692 335 disiectae
1717 292 1869 349 iacent,

430 368 545 410 Fana
570 368 739 408 flamma
765 365 1006 420 deflagrata,
1031 363 1135 405 tosti
1161 363 1234 405 alti
1260 365 1375 404 stant
1398 363 1582 418 parietes
1809 359 1812 362 ’

428 437 666 480 Deformati
693 439 818 490 atque
845 435 983 477 abiete
1008 434 1147 489 crispa

342 581 397 622 92
518 578 552 620 Ο
578 582 710 633 pater,
737 593 761 619 o
787 577 942 632 patria:
969 591 994 618 o
1019 575 1180 618 Priami
1206 575 1369 630 domus,

517 649 719 705 Saeptum
745 648 928 691 altisono
955 647 1124 689 cardine
1149 646 1370 703 templum,

341 722 397 764 94
515 721 617 763 Vidi
643 735 722 776 ego
742 723 784 762 te
809 719 1047 762 adstantem
1074 733 1153 773 ope
1178 718 1400 761 barbarica

339 875 377 908 et
394 874 482 909 urbe
501 874 588 909 orba
599 884 689 909 sum.
706 883 777 918 quo
792 872 958 908 accedam
974 900 980 906 .
998 900 1004 906 .
1021 900 1028 906 .
1044 872 1113 907 alii
1126 873 1228 907 stant
1241 873 1313 918 (90)
1329 900 1336 907 .
1353 900 1359 906 .
1377 900 1383 906 .
1400 871 1524 907 abiete
1538 871 1660 917 crispa
1674 873 1780 918 (91)».
1796 871 1899 907 scitis

339 938 433 972 quae
453 927 664 970 sequantur,
686 928 723 961 et
741 925 807 960 illa
826 926 866 960 in
884 925 1014 970 primis
1035 936 1079 962 «o
1098 926 1207 970 pater
1226 926 1298 971 (92)
1320 954 1326 960 .
1344 954 1350 960 .
1367 954 1374 960 .
1396 926 1599 961 adstantem
1620 954 1627 960 .
1644 955 1650 960 .
1668 954 1674 960 .
1696 925 1826 960 celatis
1846 926 1899 960 la-

337 982 494 1025 queatis.
506 1009 529 1015 ..
541 980 834 1026 reyrzficem(96)».
848 979 879 999 '³⁵
891 990 911 1013 o
922 980 1074 1024 poetam
1088 979 1295 1025 egregium:
1311 990 1539 1025 quamquam
1552 979 1600 1014 ab
1612 979 1671 1014 his
1686 978 1899 1014 cantoribus

337 1033 583 1079 Euphorionis
604 1033 860 1068 contemnitur.
883 1033 998 1067 sentit
1015 1033 1140 1068 omm'a
1159 1033 1356 1078 repentina
1375 1034 1412 1069 et
1430 1033 1656 1078 necopinata
1674 1043 1754 1068 esse
1779 1032 1900 1078 gravi-

337 1098 410 1123 ora.
427 1087 660 1133 exaggeratis
674 1086 789 1132 igitur
801 1086 914 1132 regiis
928 1086 1073 1131 opibus,
1088 1097 1184 1132 quae
1196 1086 1420 1122 videbantur
1433 1086 1682 1132 sempiternae
1700 1086 1790 1130 fore,
1808 1085 1900 1131 quid

337 1141 531 1187 adiungit?
552 1140 666 1176 «haec
687 1141 758 1185 (97)
779 1150 810 1175 0.
829 1140 908 1175 vidi
929 1139 952 1175 i.
971 1141 1123 1176 Priamo
1142 1141 1179 1176 vi
1203 1141 1316 1176 vitam
1340 1141 1472 1176 evitari
1492 1169 1498 1175 .
1516 1169 1522 1175 .
1542 1141 1760 1187 sanquinem
1779 1141 1899 1185 (san-

336 1194 471 1240 guine
492 1205 580 1228 corr.
601 1194 697 1239 Par.)
718 1193 862 1238 turpari
877 1195 983 1239 (99)».
1000 1193 1031 1213 ⁴⁶
1048 1193 1283 1239 praeclarum
1302 1205 1460 1229 carmen.
1483 1195 1539 1230 est
1558 1194 1658 1229 enim
1677 1195 1715 1229 et
1732 1193 1842 1228 rebus
1863 1194 1901 1228 et

335 1247 454 1282 verbis
476 1248 513 1281 et
530 1246 650 1281 modis
669 1246 854 1292 lugubre.’
962 1246 1066 1282 Idem
1079 1247 1126 1283 de
1139 1249 1230 1283 orat.
1245 1261 1288 1282 111
1301 1250 1441 1296 47,·183
1457 1248 1535 1282 ‘est
1554 1249 1679 1283 autem
1697 1257 1820 1292 paean
1838 1246 1900 1281 hic

334 1301 515 1346 posterior
533 1311 607 1335 non
627 1300 855 1345 syllabarum
874 1311 1026 1336 numero
1047 1301 1112 1336 sed
1132 1301 1278 1336 aurium
1295 1312 1470 1337 mensura
1489 1329 1496 1336 .
1513 1329 1520 1336 .
1540 1330 1546 1336 .
1566 1312 1636 1347 par
1654 1300 1732 1336 fere
1751 1299 1898 1343 cretico,

335 1355 398 1399 qui
419 1356 474 1389 est
494 1365 537 1389 ex
555 1354 669 1400 longa
689 1355 727 1388 et
744 1354 847 1389 brevi
867 1355 905 1389 et
922 1353 1037 1400 longa
1056 1354 1171 1400 «quid
1189 1367 1225 1400 p.
1242 1355 1408 1400 praesidi
1428 1354 1634 1401 (praesidii)
1654 1355 1720 1389 aut
1739 1363 1901 1398 exequar

335 1418 451 1453 quove
471 1418 591 1444 nunc»
607 1408 705 1453 (86).’
722 1407 863 1443 Eadem
883 1407 1037 1443 Rufinus
1058 1408 1105 1444 de
1123 1421 1222 1444 num.
1239 1409 1279 1444 G.
1294 1409 1333 1443 L.
1349 1409 1391 1443 K.
1406 1421 1444 1444 vr
1462 1421 1497 1454 p.
1515 1412 1594 1453 569,
1610 1411 1663 1443 13.
1772 1406 1898 1442 Cicero

335 1462 380 1496 de
406 1463 496 1496 orat.
518 1475 560 1496 111
580 1465 634 1504 26,
652 1465 719 1496 102
742 1462 965 1507 ‘numquam
988 1462 1069 1508 agit
1093 1462 1192 1497 hunc
1211 1473 1357 1498 versum
1375 1462 1530 1498 Roscius
1550 1472 1593 1498 eo
1613 1463 1722 1508 gestu
1742 1471 1814 1507 quo
1833 1471 1900 1506 po-

334 1516 407 1550 test
426 1526 535 1551 «nam
559 1515 752 1561 sapiens..
771 1526 808 1551 .»
829 1516 895 1550 sed
921 1515 1052 1551 abiicit
1076 1527 1225 1561 prorsus
1251 1517 1294 1551 ut
1318 1516 1358 1551 in
1382 1516 1568 1561 proximos
1596 1517 1657 1552 «et
1682 1515 1773 1559 quid
1791 1514 1898 1549 video

335 1596 341 1602 .
359 1596 365 1602 .
382 1579 419 1604 .»
434 1569 578 1603 incidat
599 1597 604 1603 .
622 1597 628 1603 .
646 1597 652 1603 .
674 1569 766 1613 quid
785 1569 849 1604 ille
870 1568 987 1603 alter?
1008 1569 1123 1614 «quid
1148 1571 1275 1615 petam
1299 1569 1503 1615 praesidii»
1524 1570 1596 1615 (86)
1616 1580 1729 1614 quam
1753 1567 1898 1611 leniter,

335 1633 445 1667 quam
464 1622 627 1666 remisse,
648 1634 762 1667 quam
780 1633 855 1658 non
875 1623 1036 1658 actuose.
1057 1622 1175 1658 instat
1194 1623 1293 1658 enim
1313 1634 1357 1660 «o
1376 1624 1485 1668 pater
1505 1651 1512 1657 .
1529 1652 1535 1657 .
1552 1651 1559 1657 .
1581 1622 1735 1658 domus»
1755 1622 1838 1667 (92).
1859 1620 1899 1655 in

334 1686 406 1720 quo
431 1677 538 1711 tanta
559 1676 779 1711 commoveri
799 1675 897 1711 actio
917 1686 992 1711 non
1010 1677 1146 1721 posset,
1168 1676 1200 1711 si
1222 1678 1320 1712 esset
1342 1678 1563 1722 consumpta
1584 1676 1774 1722 superiore
1794 1675 1899 1709 motu

334 1731 371 1763 et
389 1729 594 1765 exhausta?
696 1729 842 1765 Servius
862 1730 901 1764 in
920 1729 1010 1764 Aen.
1026 1743 1053 1764 11
1071 1734 1136 1765 241
1155 1731 1197 1765 ‘o
1215 1730 1341 1776 patria
1355 1732 1388 1776 (o
1410 1730 1536 1765 divum
1555 1730 1686 1765 domus
1704 1729 1835 1763 Ilium.
1853 1729 1897 1774 .):

333 1793 456 1818 versus
482 1783 701 1818 Ennianus.’
726 1784 779 1819 sic
805 1783 900 1819 solet
926 1781 1088 1818 Servius:
1117 1795 1189 1828 quo
1217 1784 1263 1818 de
1287 1795 1389 1819 more
1414 1783 1592 1829 loquendi
1617 1783 1689 1818 vid.
1712 1782 1762 1818 ad
1781 1793 1864 1817 ann.
1886 1794 1899 1815 1

332 1835 374 1871 fr.
390 1850 435 1871 v1.
535 1836 661 1873 Cicero
680 1838 771 1872 orat.
788 1841 843 1880 27,
860 1840 903 1871 93
921 1835 1015 1872 ‘alio
1035 1837 1145 1872 modo
1165 1837 1358 1872 transtulit
1378 1848 1461 1872 cum
1482 1837 1577 1871 dixit
1596 1836 1738 1871 Ennius
1758 1847 1899 1873 «arcem

333 1891 370 1925 et
387 1891 510 1926 urbem
529 1891 636 1927 orbas
654 1892 831 1936 (arcent
848 1890 957 1926 urbe
978 1891 1086 1926 orba
1105 1890 1292 1936 Abrinc.)»
1307 1892 1390 1937 (88),
1406 1891 1479 1926 alio
1498 1891 1620 1934 modo,
1639 1890 1670 1925 si
1688 1901 1755 1935 pro
1774 1889 1899 1935 patria

334 1954 454 1979 arcem
480 1944 660 1980 dixisset’
789 1944 892 1980 Idem
919 1945 965 1980 de
990 1946 1081 1980 orat.
1106 1958 1149 1979 111
1172 1948 1227 1987 58,
1244 1948 1310 1979 217
1334 1944 1459 1980 ‘aliud
1484 1944 1583 1979 vocis
1609 1954 1726 1990 genus
1752 1943 1898 1979 iracun-

333 1997 396 2032 dia
415 1997 487 2032 sibi
507 1999 631 2033 sumat
651 2026 657 2032 .
674 2026 680 2032 .
698 2026 704 2032 .
727 1998 830 2033 aliud
849 1998 1040 2034 miseratio
1060 2009 1103 2034 ac
1122 2009 1276 2041 maeror,
1297 1997 1459 2034 flexibile
1477 1997 1631 2043 plenum
1649 1997 1898 2042 interruptum

332 2049 448 2085 flebili
467 2062 555 2086 voce
576 2052 660 2098 [276
675 2052 744 2098 sq.]
766 2053 804 2086 et
822 2051 890 2087 illa
909 2063 953 2089 «0
973 2053 1082 2098 pater
1102 2080 1108 2087 .
1126 2080 1132 2087 .
1150 2080 1155 2087 .
1178 2052 1332 2088 domus»
1347 2053 1418 2097 (92)
1434 2052 1471 2087 et
1491 2061 1587 2097 quae
1607 2052 1812 2096 sequuntur
1825 2051 1897 2096 (97)

334 2103 447 2139 «haec
465 2116 495 2139 o.
510 2105 607 2140 videt
625 2105 647 2140 i.
663 2105 815 2141 Priamo
834 2106 946 2141 vitam
966 2107 1116 2142 evitaret
1134 2105 1321 2151 (evitari
1340 2104 1398 2140 vel
1417 2104 1557 2140 vitari
1575 2104 1777 2150 integri)».'
1799 2102 1899 2138 unde

333 2156 422 2192 olim
447 2158 570 2193 videi
595 2160 633 2193 et
657 2158 853 2194 evitarei
879 2159 1116 2195 scribendum
1141 2158 1395 2195 conficiebam.
1531 2157 1635 2193 Idem
1654 2157 1759 2192 Tusc.
1775 2156 1869 2202 disp.
1884 2169 1898 2190 1

334 2213 389 2253 35,
403 2214 446 2245 85
463 2211 473 2228 ‘
482 2211 690 2247 Priamum.
705 2241 711 2247 .
726 2241 732 2247 .
744 2212 892 2248 hostilis
905 2224 1037 2248 manus
1051 2213 1249 2248 interemit.
1265 2212 1326 2247 hic
1340 2212 1372 2247 si
1384 2211 1477 2247 vivis
1491 2211 1578 2247 filiis
1591 2210 1769 2246 incolumi
1781 2220 1896 2256 regno

333 2264 531 2300 occidisset
543 2269 708 2302 «astante
722 2267 794 2312 (94)
810 2295 816 2300 .
833 2295 839 2301 .
858 2295 863 2301 .
880 2267 1059 2312 laqueatis
1072 2268 1180 2313 (95)»,
1192 2267 1318 2301 utrum
1337 2265 1490 2301 tandem
1510 2276 1533 2300 a
1551 2264 1658 2300 bonis
1679 2275 1727 2300 an
1747 2275 1770 2300 a
1787 2263 1897 2299 malis

455 2438 509 2475 90
536 2438 608 2476 alti
627 2439 718 2477 olim
738 2450 852 2477 eom-‚t
872 2439 943 2477 alii
1081 2440 1132 2477 91
1162 2438 1309 2477 abiete:
1335 2439 1382 2487 ef.
1402 2438 1685 2478 Lachmannns
1704 2438 1757 2477 ad
1774 2437 1895 2477 Lacr.

332 2507 364 2534 11
378 2505 485 2544 991,·
505 2500 736 2545 anapaestos
758 2499 981 2538 maluerunt
1005 2499 1088 2543 alii,
1113 2498 1161 2546 cf.
1183 2499 1326 2537 archiv.
1348 2498 1521 2546 Zeoeieoyr.
1541 2510 1600 2537 vn
1614 2509 1657 2546 p.
1675 2494 1758 2545 598

336 2556 507 2593 92-99
529 2555 749 2596 Liberiores
774 2560 1007 2606 anapaestos
1031 2559 1225 2596 constituit
1249 2557 1505 2596 Hermannns
1531 2558 1639 2595 elem.»
1654 2557 1770 2595 doctr.
1790 2559 1895 2595 metr.

332 2627 374 2662 p.
392 2612 474 2663 389
628 2617 681 2654 92
712 2615 770 2664 Cf.
790 2617 924 2656 Plauti
942 2617 1086 2656 Bacch.
1102 2626 1184 2666 933
1207 2629 1229 2655 0
1250 2617 1381 2666 Troia,
1401 2628 1423 2655 o
1442 2616 1585 2666 patria,
1605 2628 1627 2654 o
1647 2615 1896 2667 Pergamum,

333 2686 355 2712 o
375 2673 531 2712 Priame
549 2675 704 2724 periisti
723 2687 838 2715 senex
985 2678 1038 2715 94
1060 2676 1282 2715 adstantem
1301 2676 1494 2725 putabam
1511 2676 1663 2714 servari
1673 2686 1791 2723 posse
1810 2687 1896 2714 ewm

333 2734 453 2779 libris,
476 2746 712 2782 quamquam
733 2734 864 2774 Cicero
882 2737 965 2784 ipse
984 2737 1103 2775 altero
1123 2737 1201 2774 loeo
1218 2737 1373 2774 astante
1398 2747 1471 2785 ope
1496 2734 1702 2773 barbarica
1722 2735 1897 2783 scripsit,-

331 2793 431 2831 ilmd
455 2794 491 2831 si
515 2805 648 2832 verum
674 2796 738 2839 est,
766 2795 834 2832 hoe
861 2796 953 2833 dicit
977 2795 1060 2834 vidi
1083 2797 1122 2833 te
1150 2790 1318 2848 (Priami
1346 2788 1522 2847 domum)
1548 2793 1771 2832 adstantem
1792 2788 1844 2846 (h.
1866 2805 1895 2831 e.

332 2847 523 2905 stantem)
543 2853 747 2903 opulentia
766 2852 941 2904 Phrygia
959 2856 1075 2893 tectis
1096 2854 1270 2904 caelatis,
1291 2866 1388 2892 auro
1409 2853 1522 2891 ebore
1541 2853 1778 2892 instructam
1799 2847 1895 2927 (non

331 2907 611 2966 instructum);
630 2925 703 2962 ope
722 2912 929 2952 barbarica
950 2914 1142 2963 Verqilius
1160 2912 1259 2961 Aen.
1271 2926 1345 2954 vm
1366 2910 1448 2960 685
