2054 3282
333 154 386 196 18
903 149 1164 184 ANNALIUM
1188 148 1313 183 111111

1065 266 1147 301 LIX

438 329 538 374 Ager
562 328 750 362 Romanus
775 326 937 371 primum
963 325 1103 360 divisus
1128 325 1168 360 in
1186 325 1304 370 partis
1323 325 1402 368 tris,
1424 336 1447 360 a
1466 337 1538 370 quo
1558 325 1677 361 tribus
1697 326 1890 372 appellata

326 382 547 417 Titiensium
575 379 860 426 (tatiensium
888 379 1009 424 Flor.),
1039 379 1249 422 Ramnium,
1280 379 1479 414 Lucerum:
1509 380 1735 423 nominatae,
1763 381 1807 414 1113
1834 380 1890 415 ait

325 435 476 477 Ennius,
498 434 681 468 Titienses
707 433 755 468 ab
775 433 895 476 Tatio,
920 433 1150 467 Ramnenses
1176 432 1224 467 ab
1243 432 1412 475 Romulo,
1432 432 1600 476 Luceres,
1620 434 1664 467 ut
1681 433 1819 476 Iunius,
1841 432 1889 467 ab

325 489 546 523 Lucumone.
1077 522 1140 556 LX

327 585 411 627 109
443 584 479 626 Ο
511 583 608 626 Tite
639 586 731 626 tute
762 583 860 625 Tati
890 583 972 625 tibi
1003 585 1123 625 tanta
1153 585 1334 638 tyranne
1365 582 1515 625 tulisti.

1065 664 1146 699 LXI

327 727 412 769 110
442 727 648 769 Pectora.
670 761 677 768 .
697 729 814 769 tenet
846 726 1113 780 desiderium,
1145 725 1273 768 simul
1304 726 1415 768 inter

445 798 546 841 Sese
577 798 640 840 sic
670 800 909 840 memorant
940 812 988 839 «o
1020 797 1214 851 Romule,
1245 796 1429 839 Romule
1461 797 1540 851 die,

442 915 522 949 LIX
570 914 688 950 Varro
714 915 760 949 de
785 914 808 948 l.
830 915 868 948 L.
889 927 913 949 v
933 917 987 948 55.
1021 913 1123 949 Conf.
1151 914 1310 948 eundem
1329 926 1351 948 v
1371 917 1434 957 813
1454 917 1517 957 89;
1537 917 1599 957 913
1626 913 1752 948 Cicero
1779 914 1825 948 de
1850 924 1889 948 re

324 981 359 1014 p.
375 982 402 1003 11
416 972 450 1012 8,
466 972 509 1002 14
525 969 562 1003 et
576 971 703 1011 20,36;
717 968 842 1002 Livius
856 981 869 1001 1
885 971 987 1011 13‚8;
1002 971 1098 1010 36,2.
1114 967 1246 1002 Festus
1262 980 1297 1012 p.
1315 971 1447 1010 516,23
1463 967 1547 1011 Th.;
1567 967 1705 1001 Paulus
1718 979 1754 1012 p.
1768 970 1888 1009 525,9.

324 1022 427 1057 Idem
440 1034 475 1067 p.
492 1025 571 1065 558,
583 1025 625 1055 19
643 1022 653 1038 ‘
663 1021 840 1056 Titiensis
852 1021 973 1055 tribus
988 1032 1010 1056 a
1022 1021 1263 1066 praenomine
1278 1021 1363 1055 Tati
1376 1021 1475 1066 regis
1490 1020 1683 1065 appellata
1696 1031 1775 1055 esse
1789 1020 1889 1054 vide-

324 1077 410 1110 tur.’
486 1075 583 1110 Huic
596 1075 677 1110 loco
692 1074 939 1109 adscribenda
953 1076 1086 1117 essent,
1102 1085 1198 1118 quae
1213 1075 1259 1109 de
1273 1074 1382 1108 Tatio
1395 1074 1512 1109 habet
1521 1074 1639 1108 Varro
1659 1074 1705 1108 de
1718 1073 1741 1108 l.
1754 1074 1792 1107 L.
1807 1087 1830 1108 v
1846 1077 1889 1107 74

327 1130 435 1164 ‘arae
453 1129 632 1164 Sabinum
651 1128 820 1174 linguam
843 1128 946 1162 olent
964 1139 1060 1172 quae
1079 1128 1165 1162 Tati
1185 1128 1284 1173 regis
1303 1129 1388 1162 voto
1414 1129 1501 1162 sunt
1518 1127 1659 1162 Romae
1682 1127 1888 1162 dedicatae.

325 1193 422 1226 nam,
437 1183 480 1217 01
498 1181 686 1216 annales
707 1182 846 1224 dicunt,
862 1181 961 1216 vovit
972 1180 1043 1226 Opi
1054 1181 1185 1216 Florae
1193 1181 1312 1215 Vedio
1326 1181 1403 1216 Iovi
1417 1180 1660 1224 Saturnoque,
1676 1180 1753 1215 Soli
1763 1181 1889 1215 Lunae

324 1236 490 1271 Volcano
504 1237 542 1270 et
556 1235 765 1277 Summano,
783 1235 947 1278 itemque
961 1234 1157 1269 Larundae
1169 1234 1340 1268 Termino
1353 1233 1506 1276 Quirino
1516 1234 1721 1269 Vortumno
1734 1233 1891 1268 Laribus

326 1289 469 1323 Dianae
489 1289 742 1333 Lucinaeque:
767 1299 786 1322 e
804 1288 887 1332 quis
913 1287 1092 1322 nonnulla
1114 1288 1266 1322 nomina
1288 1288 1327 1322 in
1349 1289 1508 1331 utraque
1523 1287 1655 1333 lingua
1676 1287 1818 1322 habent
1832 1298 1890 1322 ra-

326 1343 426 1377 dices
436 1343 446 1359 '
463 1353 538 1386 eqs,
554 1342 584 1376 si
598 1352 724 1376 verum
738 1342 836 1376 esset
849 1341 948 1384 quod
963 1352 1046 1375 cum
1057 1341 1295 1375 Lachmanno
1306 1340 1493 1386 Hauptius
1507 1342 1605 1386 (opp.
1620 1354 1662 1375 111
1676 1342 1758 1386 355)
1773 1341 1890 1375 credi-

327 1396 383 1430 dit
401 1395 537 1429 Ennii
557 1395 745 1429 annales
766 1394 842 1429 dici
862 1396 899 1429 et
918 1405 1043 1429 versus
1063 1405 1142 1429 esse
1162 1394 1407 1429 hexametros.
1429 1394 1494 1428 sed
1504 1394 1622 1429 Varro
1642 1394 1707 1438 qui
1726 1393 1856 1428 scribit
1869 1406 1890 1428 v

328 1452 393 1482 101
415 1450 463 1483 ut
489 1448 677 1483 annales
704 1449 880 1482 veteres
900 1448 1046 1482 nostri
1066 1448 1241 1490 dicunt,
1259 1447 1372 1481 Ennii
1392 1447 1546 1482 annales
1563 1449 1691 1492 aperte
1707 1458 1890 1491 nusquam

326 1502 512 1547 appellat3
537 1512 606 1536 nec
630 1501 861 1546 probabilius
885 1501 1144 1535 Lachmannus
1165 1501 1227 1546 (ad
1247 1501 1395 1535 Lucr.11
1416 1503 1496 1547 632)
1516 1501 1556 1535 in
1575 1501 1633 1535 his
1646 1501 1823 1536 Varronis
1844 1501 1890 1535 de

325 1555 348 1589 1.
364 1555 402 1589 L.
420 1568 472 1590 v11
492 1558 536 1589 85
559 1554 706 1598 ‘itaque
732 1555 771 1589 in
796 1555 880 1589 Iove
906 1554 976 1589 hoc
1002 1556 1040 1588 et
1060 1554 1242 1589 Homerus
1268 1556 1305 1588 et
1331 1554 1426 1589 alius
1453 1554 1698 1598 aliquotiens’
1725 1555 1892 1599 reposuit

326 1608 437 1643 Ennii
458 1607 610 1643 annales
631 1608 800 1653 cogitans
821 1609 865 1642 et
884 1607 1077 1642 annalis.

444 1661 507 1695 LX
528 1662 624 1707 (109)
674 1661 886 1695 Priscianus
912 1674 964 1695 1111
988 1673 1023 1705 p.
1047 1664 1125 1703 591,
1143 1665 1185 1695 12
1206 1661 1250 1695 Η.
1280 1661 1449 1696 ‘brevem
1467 1663 1505 1696 te
1525 1661 1710 1706 syllabam
1727 1673 1794 1706 pro
1813 1663 1891 1696 met

327 1715 362 1750 ei
375 1715 617 1761 (nominativo
631 1715 685 1759 tu)
701 1715 838 1748 addere
852 1714 973 1748 solent
988 1743 993 1748 .
1011 1743 1017 1748 .
1035 1743 1040 1748 .
1056 1714 1198 1748 Ennius
1219 1726 1263 1750 «o
1277 1714 1360 1749 Tite
1376 1743 1382 1748 .
1400 1743 1406 1748 .
1424 1743 1429 1748 .
1445 1714 1616 1750 tulisti».’
1691 1715 1890 1759 Pompeius

327 1770 520 1804 comment.
537 1767 577 1802 G.
594 1768 631 1802 L.
647 1768 689 1802 K.
705 1781 728 1802 v
740 1780 775 1812 p.
792 1771 871 1809 303,
888 1771 931 1801 33
961 1767 1128 1811 ‘antiqui
1153 1767 1319 1812 integros
1344 1779 1469 1802 versus
1495 1768 1549 1802 ita
1574 1768 1766 1803 faciebant
1784 1770 1826 1802 ut
1846 1780 1890 1804 «o

327 1822 432 1858 Tite.
450 1850 455 1856 .
473 1851 479 1856 .
494 1821 649 1856 tulisti».
670 1832 795 1856 versus
815 1822 872 1855 est
891 1820 1109 1855 Ennianus.'
1205 1820 1360 1865 Explan.
1382 1822 1421 1856 111
1441 1822 1573 1856 Donat.
1596 1833 1615 1856 e
1636 1823 1714 1857 cod.
1736 1822 1888 1857 Lavant.

328 1875 368 1910 G.
385 1876 422 1910 L.
438 1875 480 1909 K.
502 1887 539 1910 1v
556 1887 592 1919 p.
609 1878 676 1909 565
705 1874 892 1908 ‘eiusdem
912 1873 1008 1908 Enni
1033 1884 1158 1908 versus
1184 1876 1241 1909 est
1260 1875 1363 1910 «tute
1383 1879 1422 1910 ta
1440 1875 1511 1909 tibi
1530 1877 1638 1910 tanta
1656 1877 1814 1920 tyranne
1832 1877 1890 1909 tu-

326 1929 439 1963 listi».
461 1938 587 1963 omnes
607 1927 707 1962 enim
724 1929 850 1972 partes
871 1927 1050 1962 orationis
1063 1928 1080 1961 t
1097 1927 1225 1962 littera
1237 1928 1463 1973 principium
1477 1929 1652 1963 sumunt.’
1728 1929 1890 1964 Isidorus

327 1982 418 2027 orig.
434 1995 446 2015 1
460 1985 570 2024 35,14
589 1981 833 2025 ‘paromoeon
846 1982 902 2015 est
915 1980 1116 2015 multitudo
1130 1980 1324 2015 verborum
1338 1992 1382 2016 ex
1394 1993 1469 2016 una
1482 1982 1610 2016 littera
1622 1982 1888 2024 inchoantium,

327 2035 437 2079 quale
458 2035 514 2068 est
533 2034 634 2078 apud
653 2034 814 2068 Ennium
834 2045 878 2070 «o
896 2033 979 2068 Tite
1001 2062 1006 2068 .
1024 2062 1030 2067 .
1048 2062 1054 2068 .
1075 2033 1246 2069 tulisti».'
1332 2034 1416 2070 Non
1434 2035 1625 2070 nominato
1639 2035 1775 2070 Ennio:
1796 2036 1888 2070 rhet.

329 2089 377 2122 ad
396 2087 556 2122 Herenn.
578 2100 614 2122 1v
636 2091 690 2129 12,
707 2090 750 2121 18
779 2087 1019 2132 ‘compositio
1046 2088 1102 2122 est
1120 2087 1315 2122 verborum
1340 2089 1565 2123 constructio
1585 2099 1680 2132 quae
1699 2088 1792 2123 facit
1814 2100 1890 2123 om-

327 2153 392 2176 nes
411 2142 536 2186 partes
556 2141 734 2175 orationis
755 2140 1003 2184 aequabiliter
1020 2140 1236 2185 perpolitas.
1258 2152 1302 2175 ea
1327 2141 1614 2184 conservabitur,
1636 2142 1667 2175 si
1689 2170 1694 2175 .
1711 2169 1719 2176 .
1735 2170 1742 2176 .
1756 2142 1891 2177 vitabi-

327 2206 409 2229 mus
429 2194 595 2228 eiusdem
613 2194 762 2229 litterae
775 2194 930 2228 nimiam
944 2194 1221 2237 adsiduitatem,
1243 2195 1303 2229 cui
1321 2195 1412 2230 vitio
1426 2206 1550 2229 versus
1564 2195 1625 2229 hic
1639 2195 1710 2230 erit
1723 2195 1890 2240 exemplo

329 2269 373 2274 —
387 2258 474 2282 nam
486 2247 548 2281 hic
561 2247 656 2281 nihil
667 2247 843 2292 prohibet
854 2248 894 2282 in
907 2247 1008 2283 vitiis
1028 2247 1161 2282 alienis
1181 2248 1360 2292 exemplis
1379 2248 1435 2282 uti
1449 2269 1492 2274 —
1509 2259 1553 2284 «o
1566 2248 1650 2283 Tite
1671 2276 1678 2283 .
1695 2277 1701 2282 .
1718 2277 1725 2283 .
1746 2248 1890 2284 tulisti»

329 2302 368 2335 et
385 2301 447 2335 hic
473 2300 639 2335 eiusdem
662 2302 798 2346 poetae
818 2302 928 2346 (scen.
950 2303 1032 2346 422)
1053 2301 1277 2344 «quicquam
1302 2302 1500 2345 quisquam
1522 2330 1527 2335 .
1551 2330 1557 2336 .
1580 2330 1587 2336 .
1609 2302 1770 2346 neget».’

330 2354 518 2389 Charisius
538 2367 575 2389 1v
594 2367 629 2399 p.
651 2357 729 2396 282,
745 2357 766 2388 8
786 2354 830 2389 K.
853 2354 1124 2399 ‘pal-homoeon
1144 2355 1199 2388 est
1219 2365 1303 2388 cum
1322 2355 1434 2389 verba
1459 2355 1585 2389 omnia
1610 2355 1781 2389 similiter
1799 2355 1891 2389 inci-

329 2408 448 2452 piunt,
463 2408 506 2441 ut
519 2418 563 2444 «o
576 2407 645 2441 tite
658 2409 739 2442 tute
753 2412 825 2443 tate
837 2407 909 2442 tibi
920 2410 988 2442 1οᾗ
1000 2409 1111 2452 tyrafi
1123 2407 1295 2443 tulisti».’
1353 2408 1520 2442 Donatus
1535 2410 1602 2442 art.
1617 2420 1671 2453 gr.
1687 2408 1728 2443 G.
1743 2408 1781 2443 L.
1796 2408 1839 2443 K.
1854 2421 1891 2443 1v

330 2473 366 2505 p.
382 2463 460 2503 398,
476 2464 518 2494 21
543 2460 814 2504 ‘parhomoeon
839 2462 904 2503 est,
933 2473 1015 2495 011111
1042 2461 1089 2496 ab
1108 2461 1227 2495 isdem
1245 2460 1381 2495 litteris
1402 2461 1547 2495 diversa
1560 2461 1672 2495 verba
1685 2462 1889 2503 sumuntur,

330 2515 373 2548 ut
386 2524 430 2550 «o
444 2513 527 2548 Tite
543 2541 550 2548 .
567 2541 573 2547 .
590 2513 782 2550 .tulisti».’
869 2514 1067 2559 Pompeius
1088 2516 1283 2549 comment.
1300 2514 1341 2549 G.
1356 2515 1395 2548 L.
1410 2514 1452 2548 K.
1467 2527 1490 2549 v
1508 2526 1544 2559 p.
1560 2517 1639 2556 287,
1655 2517 1699 2548 29
1716 2514 1891 2549 ‘conlisio

331 2568 388 2601 est
409 2595 415 2601 .
432 2595 439 2602 .
456 2595 463 2601 .
483 2568 527 2601 ut
546 2578 591 2603 «o
610 2566 693 2601 Tite
715 2595 720 2600 .
739 2595 745 2602 .
763 2596 768 2601 .
789 2567 961 2604 tulisti».'
1054 2568 1266 2603 Priscianus
1287 2568 1478 2613 partition.
1499 2580 1551 2601 xn
1576 2578 1666 2602 vers,
1682 2567 1723 2602 G.
1738 2567 1776 2602 L.
1791 2567 1834 2602 K.
1850 2581 1892 2602 111

331 2633 366 2665 p.
382 2623 461 2663 492,
472 2623 516 2654 25
532 2620 543 2637 ‘
552 2630 619 2665 per
632 2621 822 2664 epectasin
834 2622 915 2656 tute
928 2623 966 2656 te
980 2623 1159 2666 correpta,
1174 2622 1217 2655 ut
1230 2632 1274 2657 «o
1289 2621 1372 2656 Tite
1387 2649 1393 2655 .
1407 2649 1413 2655 .
1427 2649 1433 2654 .
1448 2620 1619 2655 tulisti».’
1683 2620 1890 2655 Martianus

332 2672 486 2718 Capella
504 2686 527 2708 v
547 2676 615 2707 514
637 2673 1024 2719 ‘homoeoprophoron
1044 2676 1101 2709 est
1120 2686 1203 2709 cum
1223 2675 1360 2709 dicitur
1379 2686 1423 2710 «ο
1443 2673 1526 2708 Τ110
1548 2702 1555 2708 .
1572 2702 1578 2708 .
1595 2701 1602 2708 .
1623 2674 1794 2709 tulisti».'

331 2727 472 2761 Marius
482 2726 625 2760 Plotius
637 2726 814 2761 Sacerdos
826 2727 867 2762 G.
879 2727 918 2762 L.
930 2727 973 2762 K.
984 2741 1021 2762 VI
1034 2740 1070 2772 p.
1082 2731 1161 2770 454,
1172 2731 1216 2762 30
1232 2728 1243 2744 ‘
1253 2727 1407 2773 aprepia
1421 2729 1477 2761 est
1490 2727 1652 2761 absurda
1665 2728 1703 2761 et
1715 2727 1890 2761 indecens

332 2779 526 2814 verborum
540 2781 735 2823 structura,
750 2781 793 2814 ut
806 2791 850 2816 «o
863 2781 926 2816 tite
939 2784 1011 2816 tate
1022 2781 1094 2815 tibi
1106 2782 1264 2816 tanta».'
1352 2780 1579 2825 Singillatim
1592 2779 1762 2814 codicum
1776 2780 1890 2824 scrip-

332 2834 437 2867 turas
456 2843 618 2877 nequam
638 2844 853 2868 enumerare
873 2835 1074 2878 supersedi.

451 2885 531 2919 LXI
550 2888 646 2932 (110)
691 2886 817 2921 Cicero
838 2887 883 2920 de
897 2898 935 2921 re
954 2899 990 2931 p.
1005 2900 1018 2921 1
1032 2891 1087 2930 41,
1104 2891 1148 2922 64
1170 2888 1287 2923 ‘iusto
1301 2887 1452 2931 quidem
1465 2897 1552 2932 rege
1567 2898 1649 2921 cum
1663 2887 1720 2920 est
1731 2886 1890 2931 populus
