2054 3282
295 168 378 210 102
832 162 1091 199 ANNALIUM
1116 162 1204 198 LIB.
1225 161 1316 198 mc.

982 281 1010 315 L

289 343 375 386 556
406 343 571 399 Perque
596 343 737 384 fabam
765 345 921 397 repunt
945 345 988 384 et
1012 280 1161 384 ἓξὲξ
1185 355 1308 384 crura
1332 344 1546 397 reponunt

289 514 372 556 557
406 513 573 557 Interea
597 513 712 570 fugit
736 513 858 555 albus
885 451 1294 568 iubssrxffirionis
1320 526 1492 555 cursum

287 684 373 727 558
405 683 509 727 Inde
533 685 738 740 patefecit
762 684 891 727 radiis
917 622 1217 727 rotIaXffida
1242 684 1405 726 caelum

985 794 1151 830 LXXXV

288 857 374 900 559
408 857 523 899 «Hos
548 858 681 913 pestis
707 857 861 911 necuit,
887 871 984 911 pars
1012 856 1170 898 occidit
1194 856 1269 898 illa
1294 856 1458 897 duellis.

977 966 1159 1001 LXXXVI

287 1028 375 1070 560
407 1028 564 1071 Omnes
591 1028 792 1070 mortales
818 1043 908 1070 sese
934 1028 1149 1070 laudarier
1174 1029 1335 1084 optant.

405 1187 570 1222 LXXXII
590 1188 686 1233 (556)
725 1186 871 1222 Servius
892 1186 931 1221 in
951 1197 1076 1232 georg.
1092 1198 1134 1220 111
1149 1189 1193 1220 76
1209 1185 1381 1231 ‘(pecoris
1401 1185 1572 1232 generosi
1590 1185 1716 1231 pullus
1736 1185 1774 1221 in
1795 1196 1852 1220 ar-

286 1241 353 1286 vis)
374 1240 486 1276 altius
505 1240 731 1286 ingreditur:
753 1251 836 1275 cum
856 1239 1085 1275 exultatione
1112 1239 1275 1284 quadam
1300 1239 1451 1274 incedit.
1472 1239 1602 1274 11101113
1621 1249 1728 1274 crura
1746 1250 1852 1284 repo—

286 1294 359 1329 nit:
380 1293 522 1329 Ennius
543 1294 588 1328 de
615 1293 770 1339 gruibus
791 1293 998 1339 (greibus
1025 1304 1114 1327 corr.
1137 1292 1356 1338 gregibus
1376 1291 1527 1328 Carolir.
1542 1292 1575 1327 A
1595 1293 1695 1337 quod
1719 1292 1853 1328 mirere

285 1347 451 1392 potuisse
475 1358 542 1392 pro
562 1358 648 1382 vero
667 1346 811 1392 haberi)
836 1357 999 1392 «perque
1020 1348 1117 1391 (per
1136 1357 1267 1391 quam
1292 1345 1438 1389 Hamb„
1453 1357 1522 1381 om.
1538 1346 1622 1381 Vat
1639 1345 1790 1381 Carolir.
1804 1346 1851 1391 A)

286 1400 413 1436 fabam
428 1402 565 1446 repunt
584 1400 767 1446 (famam
785 1400 942 1445 rapuit
962 1399 1112 1434 Carolir.
1127 1400 1172 1444 A)
1188 1400 1284 1434 etm
1301 1410 1330 1434 c.
1344 1400 1531 1444 reponunt
1544 1400 1709 1444 (propter
1722 1398 1852 1434 simili-

286 1454 455 1489 tudinem
480 1456 648 1499 repunt
673 1455 712 1489 et
735 1454 963 1498 reponunt
982 1452 1206 1488 verborum
1196 1464 1236 1487 111
1254 1464 1328 1487 11110
1355 1452 1518 1487 alterove
1542 1463 1629 1497 pars
1649 1452 1850 1497 omissa)>›.'

405 1507 524 1542 Schol.
546 1507 652 1542 Bern.
670 1507 817 1552 Hageni
839 1505 1031 1551 (Fleckeis.
1047 1506 1170 1541 annal.
1187 1505 1306 1551 suppl.
1322 1519 1359 1540 rv
1377 1518 1413 1551 p.
1429 1507 1512 1551 929)
1527 1505 1576 1541 ad
1595 1506 1754 1540 eundem
1772 1516 1852 1540 ver-

287 1573 368 1596 sum
383 1561 393 1578 ²
404 1561 517 1595 altius
530 1572 615 1596 cum
627 1560 871 1595 insultatione
890 1559 1055 1604 quadam
1073 1559 1224 1595 incedit.
1245 1558 1375 1594 mollia
1393 1558 1584 1602 flexibilia,
1599 1560 1638 1594 et
1650 1558 1791 1594 Ennius
1805 1559 1852 1593 de

288 1614 443 1659 gruibus
464 1614 583 1649 dicit)

405 1666 587 1701 LXXXIII
600 1667 696 1712 (557)
722 1666 934 1701 Priscianus
948 1679 971 1700 v
983 1678 1019 1711 p.
1034 1669 1112 1709 170,
1126 1669 1144 1700 7
1156 1665 1200 1700 Η.
1215 1665 1340 1701 ‘iubar
1353 1676 1501 1710 quoque
1513 1666 1592 1700 tam
1604 1665 1852 1701 masculinum

289 1731 403 1765 quam
422 1721 594 1754 neutrum
615 1719 865 1764 proferebant.
888 1719 1029 1754 Ennius
1049 1719 1088 1754 in
1108 1718 1308 1754 annalibus
1328 1718 1517 1755 «interea.
1535 1747 1541 1753 .
1558 1747 1565 1753 .
1581 1719 1778 1754 cursum».’
1866 1732 1870 1737 ·

405 1772 587 1807 LXXXIV
606 1774 702 1817 (558)
734 1772 897 1807 Isidorus
917 1772 1007 1818 orig.
1030 1785 1119 1807 xvm
1139 1775 1195 1814 36,
1211 1777 1231 1807 3
1249 1771 1353 1807 ‘ideo
1373 1771 1464 1807 rotis
1484 1772 1687 1818 quadrigas
1707 1783 1853 1807 currere

288 1826 419 1861 dicunt
443 1826 519 1860 sive
539 1825 629 1870 quia
652 1825 812 1860 mundus
837 1825 909 1860 iste
929 1824 1058 1860 circuli
1078 1825 1135 1860 sui
1155 1825 1346 1860 celeritate
1365 1825 1587 1860 transcurrit
1606 1826 1682 1861 sive
1700 1827 1853 1871 propter

288 1879 403 1915 solem
429 1879 518 1924 quia
542 1878 699 1914 volubili
724 1878 868 1914 ambitu
892 1880 1002 1920 rotat,
1029 1878 1126 1914 sicut
1151 1878 1206 1913 ait
1230 1878 1372 1913 Ennius
1398 1878 1509 1914 «inde
1533 1878 1714 1924 patefecit
1733 1878 1850 1924 (Voss.

290 1937 333 1968 74
353 1932 583 1978 patefacit
601 1931 786 1967 Wolfenb.
802 1932 909 1967 Bern.
927 1933 1007 1977 101)
1023 1960 1029 1966 .
1044 1960 1051 1966 .
1068 1960 1075 1966 .
1090 1932 1284 1967 caelum».’
1403 1931 1549 1967 Servius
1568 1932 1608 1967 in
1621 1932 1711 1967 Aen.
1726 1945 1764 1966 v1
1785 1935 1851 1966 748

292 1987 432 2021 ‘rotam
451 1985 596 2020 volvere
621 1996 688 2030 per
713 1996 846 2021 annos:
871 1987 1074 2031 exegerunt
1099 1987 1281 2020 statutum
1300 1987 1446 2030 tempus
1465 1996 1532 2030 per
1551 1996 1732 2021 annorum
1750 1985 1852 2020 volu-

288 2039 484 2073 bilitatem.
507 2040 564 2073 est
583 2040 709 2073 autem
729 2049 847 2074 sermo
868 2038 1007 2073 Ennii.’
1030 2038 1081 2074 Cf.
1098 2038 1306 2084 Bellingius
1326 2039 1373 2074 de
1386 2038 1476 2074 Aen.
1493 2050 1653 2084 compos.
1667 2050 1702 2083 p.
1718 2042 1774 2073 82.

407 2091 571 2126 LXXXV
585 2094 680 2137 (559)
706 2092 918 2127 Priscianus
932 2105 969 2126 IX
982 2104 1018 2137 p.
1033 2095 1113 2134 470,
1130 2095 1173 2126 22
1188 2092 1232 2126 Η.
1250 2091 1419 2137 ‘proprie
1433 2093 1586 2127 necatus
1601 2091 1710 2136 ferro,
1723 2093 1852 2127 nectus

289 2156 373 2180 vero
394 2145 469 2180 alia
489 2145 524 2179 vi
549 2146 764 2190 peremptus
790 2144 936 2180 dicitur.
959 2145 1101 2180 Ennius
1122 2145 1211 2181 «hos
1227 2141 1257 2180 .'.
1275 2173 1281 2179 .
1297 2144 1482 2181 duellis»)

408 2198 589 2232 LXXXVI
609 2199 705 2243 (560)
742 2198 975 2244 Augustinus
1002 2199 1048 2233 de
1074 2198 1158 2233 trin.
1180 2211 1247 2234 xm
1267 2202 1299 2241 3,
1315 2203 1335 2234 6
1358 2198 1474 2234 ‘illud
1495 2198 1609 2234 etiam
1629 2198 1728 2244 quod
1748 2199 1852 2233 vetus

288 2253 401 2296 poeta
426 2251 521 2286 dixit
546 2251 687 2286 Ennius
708 2262 858 2288 «omnes
880 2280 886 2286 .
903 2280 909 2286 .
928 2280 934 2286 .
956 2252 1147 2288 laudarier
1171 2256 1323 2298 optant»
1343 2251 1511 2297 profecto
1531 2253 1569 2287 et
1588 2252 1634 2286 de
1655 2262 1694 2286 se
1713 2251 1795 2297 ipso
1815 2253 1853 2286 et

410 2423 492 2461 556
514 2422 645 2461 fabam
665 2435 743 2462 nou
760 2423 872 2462 fabas
892 2424 969 2463 dici
983 2424 1108 2463 Varro
1125 2424 1229 2462 testis
1248 2425 1302 2461 est
1320 2424 1366 2461 cle
1385 2424 1408 2460 l.
1423 2423 1471 2461 L.
1487 2435 1527 2460 111
1544 2420 1598 2469 38
1620 2423 1666 2470 cf.
1687 2423 1777 2461 ibid.
1792 2421 1846 2469 63

410 2482 493 2519 557
516 2494 672 2520 currum
686 2482 733 2520 L.
747 2483 964 2521 Muellerus
1091 2483 1175 2521 558
1196 2479 1287 2521 inde
1305 2477 1495 2532 patefecit
1513 2482 1580 2520 sed
1598 2493 1696 2520 scen.
1712 2491 1725 2517 1
1738 2479 1790 2529 76
1808 2479 1850 2519 vi

290 2537 560 2591 patefecerunt
665 2541 873 2581 Lueretius
885 2555 912 2582 v
926 2551 1008 2589 432
1024 2541 1088 2580 hic
1106 2553 1233 2591 neque
1251 2543 1338 2579 tum
1354 2541 1447 2580 solis
1466 2542 1556 2579 rota
1576 2541 1682 2578 cerni
1700 2541 1849 2578 lumine

290 2601 403 2651 largo
417 2599 628 2639 altivolans
642 2602 801 2650 poterat
909 2601 992 2639 559
1018 2600 1076 2648 Cf.
1088 2612 1187 2649 quae
1197 2600 1340 2639 Livius
1353 2612 1494 2639 xxxvn
1511 2597 1581 2650 46,
1595 2608 1644 2635 10
1654 2600 1786 2638 scribit
1797 2600 1850 2638 ad

292 2673 327 2698 ιι.
341 2671 559 2698 u.c.D1.xrv
578 2659 624 2697 de
643 2660 777 2707 leqatis
794 2659 1109 2698 Placentinorum
1128 2659 1382 2709 querentibus
1407 2659 1584 2708 inopiam
1609 2658 1849 2707 colonorum,

293 2718 381 2757 aliis
399 2718 495 2756 belli
514 2717 680 2766 casibus,
699 2719 787 2758 aliis
806 2718 943 2757 morbo
963 2718 1195 2769 absumptis,
1217 2721 1251 2757 et
1268 2730 1366 2767 quae
1384 2718 1530 2757 similia
1541 2717 1718 2756 Liviana
1738 2718 1851 2756 attuli

291 2779 335 2815 in
346 2789 514 2826 prooem.
536 2774 725 2825 1892l93
739 2789 782 2825 p.
801 2786 837 2825 5.
861 2776 1145 2826 Comparabilis
1163 2779 1285 2816 oratio
1306 2779 1420 2816 etiam
1439 2777 1651 2816 Claudiani
1669 2789 1743 2815 vm
1765 2774 1846 2823 467

291 2837 455 2875 metitur
471 2837 611 2886 pellita
629 2836 829 2875 iuventus:
848 2849 940 2886 pars
959 2837 1109 2886 morbo,
1127 2849 1219 2887 pars
1240 2849 1330 2876 ense
1348 2836 1474 2887 penit,-
1498 2847 1592 2874 nam
1611 2836 1778 2874 eiusdem
1792 2837 1850 2884 yi-

290 2898 456 2944 yantom.
474 2890 520 2948 (c.
535 2907 583 2934 m.
598 2890 689 2949 Lm)
711 2904 780 2943 113
802 2896 958 2935 diversa
975 2899 1067 2935 swnt
