<?xml version="1.0" encoding="UTF-8"?>
<!DOCTYPE html PUBLIC "-//W3C//DTD XHTML 1.0 Transitional//EN"
    "http://www.w3.org/TR/xhtml1/DTD/xhtml1-transitional.dtd">
<html xmlns="http://www.w3.org/1999/xhtml" xml:lang="en" lang="en">
 <head>
  <title>
</title>
<meta http-equiv="Content-Type" content="text/html;charset=utf-8" />
  <meta name='ocr-system' content='tesseract 3.04.00' />
  <meta name='ocr-capabilities' content='ocr_page ocr_carea ocr_par ocr_line ocrx_word'/>
</head>
<body>
  <div class='ocr_page' id='page_1' title='image "./ennianaepoesisre00enniuoft_0141.png"; bbox 0 0 2004 3278; ppageno 0'>
   <div class='ocr_carea' id='block_1_1' title="bbox 617 185 1704 225">
    <p class='ocr_par' dir='ltr' id='par_1_1' title="bbox 617 185 1704 225">
     <span class='ocr_line' id='line_1_1' title="bbox 617 185 1704 225; baseline 0.003 -4"><span class='ocrx_word' id='word_1_1' title='bbox 617 185 874 222; x_wconf 86' lang='lat' dir='ltr'>EDITIONES</span> <span class='ocrx_word' id='word_1_2' title='bbox 899 187 1232 224; x_wconf 81' lang='lat' dir='ltr'>RECENTIORES</span> <span class='ocrx_word' id='word_1_3' title='bbox 1508 188 1704 225; x_wconf 86' lang='lat' dir='ltr'>CXXXVII</span> 
     </span>
    </p>
   </div>
   <div class='ocr_carea' id='block_1_2' title="bbox 141 297 1712 2183">
    <p class='ocr_par' dir='ltr' id='par_1_2' title="bbox 141 297 1712 1894">
     <span class='ocr_line' id='line_1_2' title="bbox 144 297 1707 350; baseline 0.001 -12"><span class='ocrx_word' id='word_1_4' title='bbox 144 312 235 338; x_wconf 88' lang='lat' dir='ltr'>rum</span> <span class='ocrx_word' id='word_1_5' title='bbox 260 298 350 338; x_wconf 92' lang='lat' dir='ltr'>usui</span> <span class='ocrx_word' id='word_1_6' title='bbox 372 297 519 336; x_wconf 87' lang='lat' dir='ltr'>habilis</span> <span class='ocrx_word' id='word_1_7' title='bbox 544 299 657 346; x_wconf 88' lang='lat' dir='ltr'>esset,</span> <span class='ocrx_word' id='word_1_8' title='bbox 684 299 908 348; x_wconf 74' lang='lat' dir='ltr'>perplacuit</span> <span class='ocrx_word' id='word_1_9' title='bbox 933 301 972 338; x_wconf 89' lang='lat' dir='ltr'>et</span> <span class='ocrx_word' id='word_1_10' title='bbox 996 300 1185 349; x_wconf 89' lang='lat' dir='ltr'>probatus</span> <span class='ocrx_word' id='word_1_11' title='bbox 1211 301 1281 349; x_wconf 90' lang='lat' dir='ltr'>est,</span> <span class='ocrx_word' id='word_1_12' title='bbox 1313 301 1494 350; x_wconf 90' lang='lat' dir='ltr'>quamvis</span> <span class='ocrx_word' id='word_1_13' title='bbox 1518 301 1560 339; x_wconf 93' lang='lat' dir='ltr'>in</span> <span class='ocrx_word' id='word_1_14' title='bbox 1587 302 1707 340; x_wconf 87' lang='lat' dir='ltr'>Enni-</span> 
     </span>
     <span class='ocr_line' id='line_1_3' title="bbox 147 356 1707 410; baseline 0.001 -13"><span class='ocrx_word' id='word_1_15' title='bbox 147 359 233 397; x_wconf 86' lang='lat' dir='ltr'>anis</span> <span class='ocrx_word' id='word_1_16' title='bbox 256 358 467 396; x_wconf 87' lang='lat' dir='ltr'>temeraria</span> <span class='ocrx_word' id='word_1_17' title='bbox 485 358 613 395; x_wconf 91' lang='lat' dir='ltr'>multa</span> <span class='ocrx_word' id='word_1_18' title='bbox 633 357 814 396; x_wconf 72' lang='lat' dir='ltr'><strong>exhibeat</strong></span> <span class='ocrx_word' id='word_1_19' title='bbox 833 360 872 396; x_wconf 91' lang='lat' dir='ltr'>et</span> <span class='ocrx_word' id='word_1_20' title='bbox 890 356 1072 408; x_wconf 73' lang='lat' dir='ltr'>inprimis</span> <span class='ocrx_word' id='word_1_21' title='bbox 1093 360 1295 398; x_wconf 90' lang='lat' dir='ltr'>annalium</span> <span class='ocrx_word' id='word_1_22' title='bbox 1313 361 1502 410; x_wconf 84' lang='lat' dir='ltr'>reliquias</span> <span class='ocrx_word' id='word_1_23' title='bbox 1521 374 1599 399; x_wconf 87' lang='lat' dir='ltr'>non</span> <span class='ocrx_word' id='word_1_24' title='bbox 1619 374 1707 399; x_wconf 89' lang='lat' dir='ltr'>raro</span> 
     </span>
     <span class='ocr_line' id='line_1_4' title="bbox 146 417 1705 466; baseline 0.001 -10"><span class='ocrx_word' id='word_1_25' title='bbox 146 418 260 456; x_wconf 88' lang='lat' dir='ltr'>vanis</span> <span class='ocrx_word' id='word_1_26' title='bbox 286 417 458 455; x_wconf 89' lang='lat' dir='ltr'>inventis</span> <span class='ocrx_word' id='word_1_27' title='bbox 483 417 797 466; x_wconf 75' lang='lat' dir='ltr'>locupletaverit.</span> <span class='ocrx_word' id='word_1_28' title='bbox 823 417 1061 457; x_wconf 85' lang='lat' dir='ltr'>Ribbeckius</span> <span class='ocrx_word' id='word_1_29' title='bbox 1087 420 1220 457; x_wconf 90' lang='lat' dir='ltr'>autem</span> <span class='ocrx_word' id='word_1_30' title='bbox 1243 420 1324 457; x_wconf 90' lang='lat' dir='ltr'>iam</span> <span class='ocrx_word' id='word_1_31' title='bbox 1344 432 1377 458; x_wconf 90' lang='lat' dir='ltr'>a.</span> <span class='ocrx_word' id='word_1_32' title='bbox 1401 420 1510 458; x_wconf 91' lang='lat'>1871</span> <span class='ocrx_word' id='word_1_33' title='bbox 1534 421 1573 458; x_wconf 89' lang='lat' dir='ltr'>et</span> <span class='ocrx_word' id='word_1_34' title='bbox 1595 420 1705 458; x_wconf 91' lang='lat'>1873</span> 
     </span>
     <span class='ocr_line' id='line_1_5' title="bbox 149 475 1708 529; baseline 0.001 -14"><span class='ocrx_word' id='word_1_35' title='bbox 149 477 391 528; x_wconf 77' lang='lat' dir='ltr'>tragicorum</span> <span class='ocrx_word' id='word_1_36' title='bbox 417 476 457 514; x_wconf 89' lang='lat' dir='ltr'>et</span> <span class='ocrx_word' id='word_1_37' title='bbox 481 476 719 514; x_wconf 87' lang='lat' dir='ltr'>comicorum</span> <span class='ocrx_word' id='word_1_38' title='bbox 737 475 961 527; x_wconf 86' lang='lat' dir='ltr'>fragmenta</span> <span class='ocrx_word' id='word_1_39' title='bbox 980 477 1158 516; x_wconf 89' lang='lat' dir='ltr'>secundis</span> <span class='ocrx_word' id='word_1_40' title='bbox 1177 477 1280 517; x_wconf 88' lang='lat' dir='ltr'>curis</span> <span class='ocrx_word' id='word_1_41' title='bbox 1298 479 1506 527; x_wconf 82' lang='lat' dir='ltr'>recensuit,</span> <span class='ocrx_word' id='word_1_42' title='bbox 1531 491 1708 529; x_wconf 90' lang='lat' dir='ltr'>quaeque</span> 
     </span>
     <span class='ocr_line' id='line_1_6' title="bbox 147 535 1707 587; baseline 0.001 -12"><span class='ocrx_word' id='word_1_43' title='bbox 147 536 242 575; x_wconf 89' lang='lat' dir='ltr'>olim</span> <span class='ocrx_word' id='word_1_44' title='bbox 275 536 318 573; x_wconf 89' lang='lat' dir='ltr'>in</span> <span class='ocrx_word' id='word_1_45' title='bbox 345 535 640 584; x_wconf 73' lang='lat' dir='ltr'>Quaestionibus</span> <span class='ocrx_word' id='word_1_46' title='bbox 667 536 826 573; x_wconf 73' lang='lat' dir='ltr'>scenicis</span> <span class='ocrx_word' id='word_1_47' title='bbox 858 535 908 573; x_wconf 88' lang='lat' dir='ltr'>ad</span> <span class='ocrx_word' id='word_1_48' title='bbox 938 537 1180 585; x_wconf 84' lang='lat' dir='ltr'>tragicorum</span> <span class='ocrx_word' id='word_1_49' title='bbox 1211 537 1433 587; x_wconf 84' lang='lat' dir='ltr'>fragmenta</span> <span class='ocrx_word' id='word_1_50' title='bbox 1465 538 1627 576; x_wconf 87' lang='lat' dir='ltr'>adiectis</span> <span class='ocrx_word' id='word_1_51' title='bbox 1660 538 1707 576; x_wconf 89' lang='lat' dir='ltr'>de</span> 
     </span>
     <span class='ocr_line' id='line_1_7' title="bbox 146 593 1707 646; baseline 0.001 -12"><span class='ocrx_word' id='word_1_52' title='bbox 146 594 443 646; x_wconf 88' lang='lat' dir='ltr'>tragoediarum</span> <span class='ocrx_word' id='word_1_53' title='bbox 475 593 718 646; x_wconf 85' lang='lat' dir='ltr'>argumentis</span> <span class='ocrx_word' id='word_1_54' title='bbox 751 595 791 632; x_wconf 92' lang='lat' dir='ltr'>et</span> <span class='ocrx_word' id='word_1_55' title='bbox 815 595 1098 643; x_wconf 89' lang='lat' dir='ltr'>compositione</span> <span class='ocrx_word' id='word_1_56' title='bbox 1124 597 1268 646; x_wconf 87' lang='lat' dir='ltr'>egerat,</span> <span class='ocrx_word' id='word_1_57' title='bbox 1300 595 1341 633; x_wconf 90' lang='lat' dir='ltr'>in</span> <span class='ocrx_word' id='word_1_58' title='bbox 1366 595 1467 634; x_wconf 91' lang='lat' dir='ltr'>libro</span> <span class='ocrx_word' id='word_1_59' title='bbox 1500 597 1707 635; x_wconf 85' lang='lat' dir='ltr'>vernacule</span> 
     </span>
     <span class='ocr_line' id='line_1_8' title="bbox 148 654 1707 704; baseline 0.001 -11"><span class='ocrx_word' id='word_1_60' title='bbox 148 655 296 704; x_wconf 90' lang='lat' dir='ltr'>scripto</span> <span class='ocrx_word' id='word_1_61' title='bbox 335 654 398 692; x_wconf 89' lang='lat' dir='ltr'>cui</span> <span class='ocrx_word' id='word_1_62' title='bbox 434 654 637 703; x_wconf 88' lang='lat' dir='ltr'>inscripsit</span> <span class='ocrx_word' id='word_1_63' title='bbox 674 654 751 692; x_wconf 83' lang='lat' dir='ltr'>Dic</span> <span class='ocrx_word' id='word_1_64' title='bbox 787 655 974 692; x_wconf 72' lang='lat' dir='ltr'>romische</span> <span class='ocrx_word' id='word_1_65' title='bbox 1012 654 1200 703; x_wconf 67' lang='lat' dir='ltr'>Traycdie</span> <span class='ocrx_word' id='word_1_66' title='bbox 1236 656 1291 692; x_wconf 84' lang='lat' dir='ltr'>im</span> <span class='ocrx_word' id='word_1_67' title='bbox 1322 655 1502 694; x_wconf 76' lang='lat' dir='ltr'>Zeitaltcr</span> <span class='ocrx_word' id='word_1_68' title='bbox 1536 656 1603 694; x_wconf 83' lang='lat' dir='ltr'>dcr</span> <span class='ocrx_word' id='word_1_69' title='bbox 1634 656 1707 694; x_wconf 84' lang='lat' dir='ltr'>Re-</span> 
     </span>
     <span class='ocr_line' id='line_1_9' title="bbox 141 712 1709 763; baseline 0 -11"><span class='ocrx_word' id='word_1_70' title='bbox 141 714 282 762; x_wconf 72' lang='lat' dir='ltr'>piiblik</span> <span class='ocrx_word' id='word_1_71' title='bbox 308 726 341 752; x_wconf 90' lang='lat' dir='ltr'>a.</span> <span class='ocrx_word' id='word_1_72' title='bbox 366 713 477 751; x_wconf 88' lang='lat'>1875</span> <span class='ocrx_word' id='word_1_73' title='bbox 511 713 632 751; x_wconf 91' lang='lat' dir='ltr'>latius</span> <span class='ocrx_word' id='word_1_74' title='bbox 658 713 898 762; x_wconf 80' lang='lat' dir='ltr'>explanavit.</span> <span class='ocrx_word' id='word_1_75' title='bbox 930 713 987 759; x_wconf 78' lang='lat' dir='ltr'>Et</span> <span class='ocrx_word' id='word_1_76' title='bbox 1008 712 1089 750; x_wconf 89' lang='lat' dir='ltr'>iam</span> <span class='ocrx_word' id='word_1_77' title='bbox 1114 713 1277 751; x_wconf 87' lang='lat' dir='ltr'>tertium</span> <span class='ocrx_word' id='word_1_78' title='bbox 1303 715 1544 752; x_wconf 88' lang='lat' dir='ltr'>scenicorum</span> <span class='ocrx_word' id='word_1_79' title='bbox 1574 717 1709 763; x_wconf 88' lang='lat' dir='ltr'>poeta-</span> 
     </span>
     <span class='ocr_line' id='line_1_10' title="bbox 149 772 1708 822; baseline -0.001 -11"><span class='ocrx_word' id='word_1_80' title='bbox 149 786 237 811; x_wconf 91' lang='lat' dir='ltr'>rum</span> <span class='ocrx_word' id='word_1_81' title='bbox 262 772 451 822; x_wconf 83' lang='lat' dir='ltr'>reliquias</span> <span class='ocrx_word' id='word_1_82' title='bbox 478 784 510 810; x_wconf 90' lang='lat' dir='ltr'>a.</span> <span class='ocrx_word' id='word_1_83' title='bbox 535 772 659 810; x_wconf 86' lang='lat'>1897.</span> <span class='ocrx_word' id='word_1_84' title='bbox 683 773 736 810; x_wconf 87' lang='lat'>98</span> <span class='ocrx_word' id='word_1_85' title='bbox 763 772 942 822; x_wconf 87' lang='lat' dir='ltr'>repetitis</span> <span class='ocrx_word' id='word_1_86' title='bbox 969 772 1110 811; x_wconf 89' lang='lat' dir='ltr'>studiis</span> <span class='ocrx_word' id='word_1_87' title='bbox 1136 772 1176 809; x_wconf 93' lang='lat' dir='ltr'>in</span> <span class='ocrx_word' id='word_1_88' title='bbox 1202 784 1316 810; x_wconf 89' lang='lat' dir='ltr'>usum</span> <span class='ocrx_word' id='word_1_89' title='bbox 1341 773 1509 811; x_wconf 86' lang='lat' dir='ltr'>maxime</span> <span class='ocrx_word' id='word_1_90' title='bbox 1534 773 1708 812; x_wconf 88' lang='lat' dir='ltr'>thesauri</span> 
     </span>
     <span class='ocr_line' id='line_1_11' title="bbox 149 829 1708 883; baseline 0 -13"><span class='ocrx_word' id='word_1_91' title='bbox 149 832 308 883; x_wconf 82' lang='lat' dir='ltr'>linguae</span> <span class='ocrx_word' id='word_1_92' title='bbox 332 831 500 870; x_wconf 86' lang='lat' dir='ltr'>Latinae</span> <span class='ocrx_word' id='word_1_93' title='bbox 525 832 770 870; x_wconf 88' lang='lat' dir='ltr'>retractavit.</span> <span class='ocrx_word' id='word_1_94' title='bbox 804 829 912 876; x_wconf 83' lang='lat' dir='ltr'>Quae</span> <span class='ocrx_word' id='word_1_95' title='bbox 937 833 1137 881; x_wconf 89' lang='lat' dir='ltr'>postrema</span> <span class='ocrx_word' id='word_1_96' title='bbox 1163 844 1248 870; x_wconf 91' lang='lat' dir='ltr'>sero</span> <span class='ocrx_word' id='word_1_97' title='bbox 1282 845 1371 870; x_wconf 91' lang='lat' dir='ltr'>mea</span> <span class='ocrx_word' id='word_1_98' title='bbox 1396 844 1515 882; x_wconf 89' lang='lat' dir='ltr'>opera</span> <span class='ocrx_word' id='word_1_99' title='bbox 1552 834 1708 871; x_wconf 88' lang='lat' dir='ltr'>tantum</span> 
     </span>
     <span class='ocr_line' id='line_1_12' title="bbox 149 890 1709 942; baseline -0.001 -12"><span class='ocrx_word' id='word_1_100' title='bbox 149 904 228 930; x_wconf 92' lang='lat' dir='ltr'>non</span> <span class='ocrx_word' id='word_1_101' title='bbox 254 890 436 941; x_wconf 81' lang='lat' dir='ltr'>absoluta</span> <span class='ocrx_word' id='word_1_102' title='bbox 462 890 511 929; x_wconf 91' lang='lat' dir='ltr'>ad</span> <span class='ocrx_word' id='word_1_103' title='bbox 536 903 598 928; x_wconf 90' lang='lat' dir='ltr'>me</span> <span class='ocrx_word' id='word_1_104' title='bbox 619 890 744 929; x_wconf 89' lang='lat' dir='ltr'>allata</span> <span class='ocrx_word' id='word_1_105' title='bbox 769 892 872 930; x_wconf 87' lang='lat' dir='ltr'>sunt.</span> <span class='ocrx_word' id='word_1_106' title='bbox 901 890 978 929; x_wconf 86' lang='lat' dir='ltr'>Sed</span> <span class='ocrx_word' id='word_1_107' title='bbox 1002 891 1044 928; x_wconf 91' lang='lat' dir='ltr'>in</span> <span class='ocrx_word' id='word_1_108' title='bbox 1068 891 1130 928; x_wconf 90' lang='lat' dir='ltr'>his</span> <span class='ocrx_word' id='word_1_109' title='bbox 1155 890 1266 929; x_wconf 89' lang='lat' dir='ltr'>libris</span> <span class='ocrx_word' id='word_1_110' title='bbox 1291 892 1417 942; x_wconf 89' lang='lat' dir='ltr'>magis</span> <span class='ocrx_word' id='word_1_111' title='bbox 1444 892 1564 930; x_wconf 91' lang='lat' dir='ltr'>etiam</span> <span class='ocrx_word' id='word_1_112' title='bbox 1590 904 1709 941; x_wconf 88' lang='lat' dir='ltr'>quam</span> 
     </span>
     <span class='ocr_line' id='line_1_13' title="bbox 147 949 1708 1001; baseline 0 -13"><span class='ocrx_word' id='word_1_113' title='bbox 147 952 189 989; x_wconf 91' lang='lat' dir='ltr'>in</span> <span class='ocrx_word' id='word_1_114' title='bbox 220 949 486 1000; x_wconf 89' lang='lat' dir='ltr'>superioribus</span> <span class='ocrx_word' id='word_1_115' title='bbox 517 951 645 988; x_wconf 89' lang='lat' dir='ltr'>multa</span> <span class='ocrx_word' id='word_1_116' title='bbox 676 951 768 989; x_wconf 91' lang='lat' dir='ltr'>sunt</span> <span class='ocrx_word' id='word_1_117' title='bbox 800 963 900 999; x_wconf 92' lang='lat' dir='ltr'>quae</span> <span class='ocrx_word' id='word_1_118' title='bbox 933 950 1032 988; x_wconf 89' lang='lat' dir='ltr'>mihi</span> <span class='ocrx_word' id='word_1_119' title='bbox 1062 962 1142 988; x_wconf 93' lang='lat' dir='ltr'>non</span> <span class='ocrx_word' id='word_1_120' title='bbox 1173 951 1299 1001; x_wconf 90' lang='lat' dir='ltr'>magis</span> <span class='ocrx_word' id='word_1_121' title='bbox 1337 950 1556 999; x_wconf 90' lang='lat' dir='ltr'>probantur</span> <span class='ocrx_word' id='word_1_122' title='bbox 1591 964 1708 1000; x_wconf 90' lang='lat' dir='ltr'>quam</span> 
     </span>
     <span class='ocr_line' id='line_1_14' title="bbox 151 1009 1710 1059; baseline -0.001 -11"><span class='ocrx_word' id='word_1_123' title='bbox 151 1010 214 1048; x_wconf 88' lang='lat' dir='ltr'>illi</span> <span class='ocrx_word' id='word_1_124' title='bbox 239 1022 338 1058; x_wconf 90' lang='lat' dir='ltr'>mea,</span> <span class='ocrx_word' id='word_1_125' title='bbox 364 1010 404 1048; x_wconf 86' lang='lat' dir='ltr'>et</span> <span class='ocrx_word' id='word_1_126' title='bbox 429 1022 473 1048; x_wconf 89' lang='lat' dir='ltr'>eo</span> <span class='ocrx_word' id='word_1_127' title='bbox 501 1011 675 1059; x_wconf 88' lang='lat' dir='ltr'>apertius</span> <span class='ocrx_word' id='word_1_128' title='bbox 700 1010 850 1048; x_wconf 83' lang='lat' dir='ltr'>factum</span> <span class='ocrx_word' id='word_1_129' title='bbox 870 1011 940 1055; x_wconf 84' lang='lat' dir='ltr'>est,</span> <span class='ocrx_word' id='word_1_130' title='bbox 966 1009 1013 1048; x_wconf 88' lang='lat' dir='ltr'>de</span> <span class='ocrx_word' id='word_1_131' title='bbox 1033 1022 1110 1059; x_wconf 91' lang='lat' dir='ltr'>quo</span> <span class='ocrx_word' id='word_1_132' title='bbox 1130 1021 1344 1058; x_wconf 89' lang='lat' dir='ltr'>numquam</span> <span class='ocrx_word' id='word_1_133' title='bbox 1365 1009 1554 1057; x_wconf 90' lang='lat' dir='ltr'>dubitavi,</span> <span class='ocrx_word' id='word_1_134' title='bbox 1580 1023 1649 1048; x_wconf 89' lang='lat' dir='ltr'>nos</span> <span class='ocrx_word' id='word_1_135' title='bbox 1668 1011 1710 1047; x_wconf 90' lang='lat' dir='ltr'>in</span> 
     </span>
     <span class='ocr_line' id='line_1_15' title="bbox 149 1068 1709 1120; baseline -0.001 -12"><span class='ocrx_word' id='word_1_136' title='bbox 149 1069 224 1108; x_wconf 88' lang='lat' dir='ltr'>hoc</span> <span class='ocrx_word' id='word_1_137' title='bbox 249 1082 390 1120; x_wconf 88' lang='lat' dir='ltr'>genere</span> <span class='ocrx_word' id='word_1_138' title='bbox 415 1069 635 1108; x_wconf 87' lang='lat' dir='ltr'>rationibus</span> <span class='ocrx_word' id='word_1_139' title='bbox 662 1070 722 1107; x_wconf 91' lang='lat' dir='ltr'>uti</span> <span class='ocrx_word' id='word_1_140' title='bbox 746 1082 825 1107; x_wconf 88' lang='lat' dir='ltr'>non</span> <span class='ocrx_word' id='word_1_141' title='bbox 845 1069 987 1107; x_wconf 89' lang='lat' dir='ltr'>leviter</span> <span class='ocrx_word' id='word_1_142' title='bbox 1004 1070 1110 1107; x_wconf 89' lang='lat' dir='ltr'>inter</span> <span class='ocrx_word' id='word_1_143' title='bbox 1128 1081 1168 1107; x_wconf 93' lang='lat' dir='ltr'>se</span> <span class='ocrx_word' id='word_1_144' title='bbox 1188 1068 1511 1118; x_wconf 84' lang='lat' dir='ltr'>discrepantibus.</span> <span class='ocrx_word' id='word_1_145' title='bbox 1536 1068 1599 1106; x_wconf 91' lang='lat' dir='ltr'>Me</span> <span class='ocrx_word' id='word_1_146' title='bbox 1618 1082 1709 1107; x_wconf 90' lang='lat' dir='ltr'>vero</span> 
     </span>
     <span class='ocr_line' id='line_1_16' title="bbox 149 1127 1709 1178; baseline -0.001 -11"><span class='ocrx_word' id='word_1_147' title='bbox 149 1141 228 1168; x_wconf 92' lang='lat' dir='ltr'>non</span> <span class='ocrx_word' id='word_1_148' title='bbox 248 1128 456 1167; x_wconf 86' lang='lat' dir='ltr'>descivisse</span> <span class='ocrx_word' id='word_1_149' title='bbox 476 1128 525 1167; x_wconf 88' lang='lat' dir='ltr'>ab</span> <span class='ocrx_word' id='word_1_150' title='bbox 544 1129 618 1167; x_wconf 90' lang='lat' dir='ltr'>hoc</span> <span class='ocrx_word' id='word_1_151' title='bbox 638 1140 753 1178; x_wconf 92' lang='lat' dir='ltr'>opere</span> <span class='ocrx_word' id='word_1_152' title='bbox 775 1130 814 1167; x_wconf 92' lang='lat' dir='ltr'>et</span> <span class='ocrx_word' id='word_1_153' title='bbox 833 1141 961 1177; x_wconf 90' lang='lat' dir='ltr'>onere,</span> <span class='ocrx_word' id='word_1_154' title='bbox 981 1127 1086 1178; x_wconf 90' lang='lat' dir='ltr'>quod</span> <span class='ocrx_word' id='word_1_155' title='bbox 1105 1127 1203 1166; x_wconf 91' lang='lat' dir='ltr'>mihi</span> <span class='ocrx_word' id='word_1_156' title='bbox 1217 1128 1347 1166; x_wconf 91' lang='lat' dir='ltr'>nescio</span> <span class='ocrx_word' id='word_1_157' title='bbox 1362 1140 1461 1176; x_wconf 89' lang='lat' dir='ltr'>quae</span> <span class='ocrx_word' id='word_1_158' title='bbox 1476 1140 1557 1166; x_wconf 89' lang='lat' dir='ltr'>sors</span> <span class='ocrx_word' id='word_1_159' title='bbox 1571 1129 1709 1178; x_wconf 88' lang='lat' dir='ltr'>iniqua</span> 
     </span>
     <span class='ocr_line' id='line_1_17' title="bbox 147 1187 1709 1238; baseline 0 -12"><span class='ocrx_word' id='word_1_160' title='bbox 147 1189 381 1238; x_wconf 90' lang='lat' dir='ltr'>imposuisse</span> <span class='ocrx_word' id='word_1_161' title='bbox 399 1188 486 1227; x_wconf 92' lang='lat' dir='ltr'>visa</span> <span class='ocrx_word' id='word_1_162' title='bbox 504 1189 574 1237; x_wconf 90' lang='lat' dir='ltr'>est,</span> <span class='ocrx_word' id='word_1_163' title='bbox 593 1189 656 1226; x_wconf 88' lang='lat' dir='ltr'>vel</span> <span class='ocrx_word' id='word_1_164' title='bbox 674 1188 736 1227; x_wconf 89' lang='lat' dir='ltr'>his</span> <span class='ocrx_word' id='word_1_165' title='bbox 756 1189 940 1227; x_wconf 82' lang='lat' dir='ltr'>extremis</span> <span class='ocrx_word' id='word_1_166' title='bbox 961 1188 1074 1226; x_wconf 88' lang='lat' dir='ltr'>annis</span> <span class='ocrx_word' id='word_1_167' title='bbox 1094 1200 1117 1225; x_wconf 91' lang='lat' dir='ltr'>a</span> <span class='ocrx_word' id='word_1_168' title='bbox 1136 1200 1198 1226; x_wconf 91' lang='lat' dir='ltr'>me</span> <span class='ocrx_word' id='word_1_169' title='bbox 1218 1187 1346 1225; x_wconf 89' lang='lat' dir='ltr'>editae</span> <span class='ocrx_word' id='word_1_170' title='bbox 1361 1188 1709 1226; x_wconf 88' lang='lat' dir='ltr'>commentationes</span> 
     </span>
     <span class='ocr_line' id='line_1_18' title="bbox 149 1245 1709 1297; baseline 0 -12"><span class='ocrx_word' id='word_1_171' title='bbox 149 1248 353 1286; x_wconf 86' lang='lat' dir='ltr'>Ennianae</span> <span class='ocrx_word' id='word_1_172' title='bbox 386 1259 484 1297; x_wconf 90' lang='lat' dir='ltr'>quas</span> <span class='ocrx_word' id='word_1_173' title='bbox 516 1260 636 1297; x_wconf 90' lang='lat' dir='ltr'>supra</span> <span class='ocrx_word' id='word_1_174' title='bbox 661 1247 883 1297; x_wconf 88' lang='lat' dir='ltr'>significavi</span> <span class='ocrx_word' id='word_1_175' title='bbox 913 1247 1060 1286; x_wconf 90' lang='lat' dir='ltr'>indicio</span> <span class='ocrx_word' id='word_1_176' title='bbox 1093 1259 1175 1286; x_wconf 86' lang='lat' dir='ltr'>esse</span> <span class='ocrx_word' id='word_1_177' title='bbox 1207 1248 1402 1296; x_wconf 88' lang='lat' dir='ltr'>poterant.</span> <span class='ocrx_word' id='word_1_178' title='bbox 1435 1245 1548 1291; x_wconf 84' lang='lat' dir='ltr'>Quod</span> <span class='ocrx_word' id='word_1_179' title='bbox 1579 1249 1709 1285; x_wconf 90' lang='lat' dir='ltr'>autem</span> 
     </span>
     <span class='ocr_line' id='line_1_19' title="bbox 148 1306 1709 1357; baseline -0.001 -11"><span class='ocrx_word' id='word_1_180' title='bbox 148 1320 191 1346; x_wconf 88' lang='lat' dir='ltr'>re</span> <span class='ocrx_word' id='word_1_181' title='bbox 210 1319 303 1345; x_wconf 89' lang='lat' dir='ltr'>vera</span> <span class='ocrx_word' id='word_1_182' title='bbox 322 1307 424 1345; x_wconf 89' lang='lat' dir='ltr'>hanc</span> <span class='ocrx_word' id='word_1_183' title='bbox 443 1306 656 1345; x_wconf 85' lang='lat' dir='ltr'>editionem</span> <span class='ocrx_word' id='word_1_184' title='bbox 677 1307 745 1345; x_wconf 87' lang='lat' dir='ltr'>diu</span> <span class='ocrx_word' id='word_1_185' title='bbox 758 1308 1050 1357; x_wconf 83' lang='lat' dir='ltr'>praeparatam,</span> <span class='ocrx_word' id='word_1_186' title='bbox 1070 1319 1185 1356; x_wconf 89' lang='lat' dir='ltr'>saepe</span> <span class='ocrx_word' id='word_1_187' title='bbox 1199 1307 1475 1355; x_wconf 88' lang='lat' dir='ltr'>intermissam,</span> <span class='ocrx_word' id='word_1_188' title='bbox 1495 1319 1709 1355; x_wconf 90' lang='lat' dir='ltr'>numquam</span> 
     </span>
     <span class='ocr_line' id='line_1_20' title="bbox 150 1364 1708 1417; baseline -0.001 -12"><span class='ocrx_word' id='word_1_189' title='bbox 150 1367 267 1417; x_wconf 89' lang='lat' dir='ltr'>plane</span> <span class='ocrx_word' id='word_1_190' title='bbox 293 1367 479 1405; x_wconf 89' lang='lat' dir='ltr'>omissam</span> <span class='ocrx_word' id='word_1_191' title='bbox 504 1367 665 1405; x_wconf 90' lang='lat' dir='ltr'>tandem</span> <span class='ocrx_word' id='word_1_192' title='bbox 689 1367 764 1405; x_wconf 90' lang='lat' dir='ltr'>hac</span> <span class='ocrx_word' id='word_1_193' title='bbox 790 1368 921 1405; x_wconf 90' lang='lat' dir='ltr'>aetate</span> <span class='ocrx_word' id='word_1_194' title='bbox 947 1367 987 1404; x_wconf 94' lang='lat' dir='ltr'>et</span> <span class='ocrx_word' id='word_1_195' title='bbox 1010 1366 1072 1405; x_wconf 91' lang='lat' dir='ltr'>his</span> <span class='ocrx_word' id='word_1_196' title='bbox 1098 1365 1268 1417; x_wconf 88' lang='lat' dir='ltr'>negotiis</span> <span class='ocrx_word' id='word_1_197' title='bbox 1295 1366 1334 1403; x_wconf 90' lang='lat' dir='ltr'>et</span> <span class='ocrx_word' id='word_1_198' title='bbox 1359 1364 1498 1404; x_wconf 87' lang='lat' dir='ltr'>officiis</span> <span class='ocrx_word' id='word_1_199' title='bbox 1524 1377 1708 1415; x_wconf 90' lang='lat' dir='ltr'>oppresso</span> 
     </span>
     <span class='ocr_line' id='line_1_21' title="bbox 149 1424 1711 1477; baseline -0.001 -13"><span class='ocrx_word' id='word_1_200' title='bbox 149 1426 318 1477; x_wconf 91' lang='lat' dir='ltr'>contigit</span> <span class='ocrx_word' id='word_1_201' title='bbox 350 1426 395 1464; x_wconf 91' lang='lat' dir='ltr'>ut</span> <span class='ocrx_word' id='word_1_202' title='bbox 427 1426 477 1464; x_wconf 91' lang='lat' dir='ltr'>ad</span> <span class='ocrx_word' id='word_1_203' title='bbox 507 1425 739 1464; x_wconf 83' lang='lat' dir='ltr'>umbilicum</span> <span class='ocrx_word' id='word_1_204' title='bbox 770 1426 1014 1474; x_wconf 87' lang='lat' dir='ltr'>adducerem,</span> <span class='ocrx_word' id='word_1_205' title='bbox 1046 1426 1129 1464; x_wconf 90' lang='lat' dir='ltr'>eius</span> <span class='ocrx_word' id='word_1_206' title='bbox 1159 1426 1218 1464; x_wconf 89' lang='lat' dir='ltr'>rei</span> <span class='ocrx_word' id='word_1_207' title='bbox 1250 1425 1420 1476; x_wconf 86' lang='lat' dir='ltr'>gratiam</span> <span class='ocrx_word' id='word_1_208' title='bbox 1451 1425 1551 1462; x_wconf 90' lang='lat' dir='ltr'>inire</span> <span class='ocrx_word' id='word_1_209' title='bbox 1583 1424 1711 1463; x_wconf 90' lang='lat' dir='ltr'>voluit</span> 
     </span>
     <span class='ocr_line' id='line_1_22' title="bbox 150 1484 1710 1537; baseline -0.002 -13"><span class='ocrx_word' id='word_1_210' title='bbox 150 1484 245 1524; x_wconf 88' lang='lat' dir='ltr'>Otto</span> <span class='ocrx_word' id='word_1_211' title='bbox 266 1485 518 1537; x_wconf 85' lang='lat' dir='ltr'>Plasbergius</span> <span class='ocrx_word' id='word_1_212' title='bbox 544 1498 665 1534; x_wconf 89' lang='lat' dir='ltr'>meus,</span> <span class='ocrx_word' id='word_1_213' title='bbox 691 1486 760 1535; x_wconf 89' lang='lat' dir='ltr'>qui</span> <span class='ocrx_word' id='word_1_214' title='bbox 786 1485 1081 1524; x_wconf 87' lang='lat' dir='ltr'>adnotationem</span> <span class='ocrx_word' id='word_1_215' title='bbox 1107 1484 1303 1535; x_wconf 84' lang='lat' dir='ltr'>duplicem</span> <span class='ocrx_word' id='word_1_216' title='bbox 1330 1496 1353 1521; x_wconf 90' lang='lat' dir='ltr'>a</span> <span class='ocrx_word' id='word_1_217' title='bbox 1371 1497 1433 1522; x_wconf 88' lang='lat' dir='ltr'>me</span> <span class='ocrx_word' id='word_1_218' title='bbox 1452 1485 1710 1533; x_wconf 86' lang='lat' dir='ltr'>perscriptam</span> 
     </span>
     <span class='ocr_line' id='line_1_23' title="bbox 150 1543 1710 1595; baseline -0.001 -12"><span class='ocrx_word' id='word_1_219' title='bbox 150 1545 190 1583; x_wconf 90' lang='lat' dir='ltr'>et</span> <span class='ocrx_word' id='word_1_220' title='bbox 220 1545 435 1584; x_wconf 90' lang='lat' dir='ltr'>constituto</span> <span class='ocrx_word' id='word_1_221' title='bbox 469 1545 597 1583; x_wconf 88' lang='lat' dir='ltr'>textui</span> <span class='ocrx_word' id='word_1_222' title='bbox 635 1546 876 1595; x_wconf 87' lang='lat' dir='ltr'>applicatam</span> <span class='ocrx_word' id='word_1_223' title='bbox 913 1545 1104 1583; x_wconf 90' lang='lat' dir='ltr'>revolutis</span> <span class='ocrx_word' id='word_1_224' title='bbox 1143 1544 1367 1583; x_wconf 87' lang='lat' dir='ltr'>auctoribus</span> <span class='ocrx_word' id='word_1_225' title='bbox 1405 1543 1615 1595; x_wconf 85' lang='lat' dir='ltr'>diligenter</span> <span class='ocrx_word' id='word_1_226' title='bbox 1651 1544 1710 1581; x_wconf 89' lang='lat' dir='ltr'>ita</span> 
     </span>
     <span class='ocr_line' id='line_1_24' title="bbox 150 1603 1710 1655; baseline -0.002 -12"><span class='ocrx_word' id='word_1_227' title='bbox 150 1603 304 1655; x_wconf 89' lang='lat' dir='ltr'>redegit</span> <span class='ocrx_word' id='word_1_228' title='bbox 329 1605 374 1642; x_wconf 93' lang='lat' dir='ltr'>ut</span> <span class='ocrx_word' id='word_1_229' title='bbox 405 1604 438 1643; x_wconf 91' lang='lat' dir='ltr'>si</span> <span class='ocrx_word' id='word_1_230' title='bbox 470 1617 571 1654; x_wconf 92' lang='lat' dir='ltr'>quae</span> <span class='ocrx_word' id='word_1_231' title='bbox 603 1604 734 1644; x_wconf 88' lang='lat' dir='ltr'>deesse</span> <span class='ocrx_word' id='word_1_232' title='bbox 766 1604 994 1643; x_wconf 91' lang='lat' dir='ltr'>viderentur</span> <span class='ocrx_word' id='word_1_233' title='bbox 1019 1604 1238 1654; x_wconf 89' lang='lat' dir='ltr'>suppleret,</span> <span class='ocrx_word' id='word_1_234' title='bbox 1265 1615 1365 1653; x_wconf 90' lang='lat' dir='ltr'>quae</span> <span class='ocrx_word' id='word_1_235' title='bbox 1391 1615 1483 1641; x_wconf 90' lang='lat' dir='ltr'>vero</span> <span class='ocrx_word' id='word_1_236' title='bbox 1509 1615 1710 1652; x_wconf 88' lang='lat' dir='ltr'>superesse</span> 
     </span>
     <span class='ocr_line' id='line_1_25' title="bbox 148 1661 1710 1715; baseline -0.002 -13"><span class='ocrx_word' id='word_1_237' title='bbox 148 1665 353 1712; x_wconf 89' lang='lat' dir='ltr'>resecaret,</span> <span class='ocrx_word' id='word_1_238' title='bbox 389 1676 506 1713; x_wconf 89' lang='lat' dir='ltr'>porro</span> <span class='ocrx_word' id='word_1_239' title='bbox 538 1665 580 1701; x_wconf 93' lang='lat' dir='ltr'>in</span> <span class='ocrx_word' id='word_1_240' title='bbox 612 1663 861 1703; x_wconf 87' lang='lat' dir='ltr'>conficiendis</span> <span class='ocrx_word' id='word_1_241' title='bbox 893 1665 933 1702; x_wconf 93' lang='lat' dir='ltr'>et</span> <span class='ocrx_word' id='word_1_242' title='bbox 963 1663 1204 1715; x_wconf 87' lang='lat' dir='ltr'>corrigendis</span> <span class='ocrx_word' id='word_1_243' title='bbox 1235 1662 1442 1711; x_wconf 76' lang='lat' dir='ltr'>indicibus,</span> <span class='ocrx_word' id='word_1_244' title='bbox 1474 1661 1640 1711; x_wconf 88' lang='lat' dir='ltr'>denique</span> <span class='ocrx_word' id='word_1_245' title='bbox 1668 1662 1710 1699; x_wconf 90' lang='lat' dir='ltr'>in</span> 
     </span>
     <span class='ocr_line' id='line_1_26' title="bbox 149 1721 1712 1774; baseline -0.002 -13"><span class='ocrx_word' id='word_1_246' title='bbox 149 1723 321 1774; x_wconf 88' lang='lat' dir='ltr'>regenda</span> <span class='ocrx_word' id='word_1_247' title='bbox 345 1723 645 1773; x_wconf 85' lang='lat' dir='ltr'>typothetarum</span> <span class='ocrx_word' id='word_1_248' title='bbox 670 1724 829 1763; x_wconf 90' lang='lat' dir='ltr'>inscitia</span> <span class='ocrx_word' id='word_1_249' title='bbox 854 1725 894 1762; x_wconf 91' lang='lat' dir='ltr'>et</span> <span class='ocrx_word' id='word_1_250' title='bbox 918 1723 1080 1762; x_wconf 87' lang='lat' dir='ltr'>licentia</span> <span class='ocrx_word' id='word_1_251' title='bbox 1106 1722 1394 1761; x_wconf 84' lang='lat' dir='ltr'>admirabiliter</span> <span class='ocrx_word' id='word_1_252' title='bbox 1418 1734 1479 1759; x_wconf 88' lang='lat' dir='ltr'>me</span> <span class='ocrx_word' id='word_1_253' title='bbox 1500 1721 1653 1760; x_wconf 86' lang='lat' dir='ltr'>adiuvit</span> <span class='ocrx_word' id='word_1_254' title='bbox 1672 1722 1712 1758; x_wconf 91' lang='lat' dir='ltr'>et</span> 
     </span>
     <span class='ocr_line' id='line_1_27' title="bbox 151 1781 1711 1832; baseline -0.001 -12"><span class='ocrx_word' id='word_1_255' title='bbox 151 1783 312 1821; x_wconf 91' lang='lat' dir='ltr'>omnino</span> <span class='ocrx_word' id='word_1_256' title='bbox 339 1795 409 1822; x_wconf 90' lang='lat' dir='ltr'>sua</span> <span class='ocrx_word' id='word_1_257' title='bbox 435 1794 554 1832; x_wconf 90' lang='lat' dir='ltr'>opera</span> <span class='ocrx_word' id='word_1_258' title='bbox 579 1783 775 1822; x_wconf 84' lang='lat' dir='ltr'>indefessa</span> <span class='ocrx_word' id='word_1_259' title='bbox 801 1783 930 1822; x_wconf 88' lang='lat' dir='ltr'>effecit</span> <span class='ocrx_word' id='word_1_260' title='bbox 961 1784 1006 1821; x_wconf 87' lang='lat' dir='ltr'>ut</span> <span class='ocrx_word' id='word_1_261' title='bbox 1036 1795 1123 1821; x_wconf 86' lang='lat' dir='ltr'>mea</span> <span class='ocrx_word' id='word_1_262' title='bbox 1155 1794 1276 1832; x_wconf 90' lang='lat' dir='ltr'>opera</span> <span class='ocrx_word' id='word_1_263' title='bbox 1306 1781 1602 1830; x_wconf 89' lang='lat' dir='ltr'>qualiscumque</span> <span class='ocrx_word' id='word_1_264' title='bbox 1633 1793 1711 1819; x_wconf 92' lang='lat' dir='ltr'>non</span> 
     </span>
     <span class='ocr_line' id='line_1_28' title="bbox 151 1836 1099 1894; baseline -0.001 -14"><span class='ocrx_word' id='word_1_265' title='bbox 151 1843 233 1881; x_wconf 88' lang='lat' dir='ltr'>sine</span> <span class='ocrx_word' id='word_1_266' title='bbox 259 1842 395 1892; x_wconf 89' lang='lat' dir='ltr'>aliqua</span> <span class='ocrx_word' id='word_1_267' title='bbox 420 1842 595 1881; x_wconf 68' lang='lat' dir='ltr'>utilitate</span> <span class='ocrx_word' id='word_1_268' title='bbox 621 1842 683 1881; x_wconf 89' lang='lat' dir='ltr'>edi</span> <span class='ocrx_word' id='word_1_269' title='bbox 708 1855 822 1892; x_wconf 88' lang='lat' dir='ltr'>posse</span> <span class='ocrx_word' id='word_1_270' title='bbox 847 1836 1099 1894; x_wconf 74' lang='lat' dir='ltr'>videretur.*)</span> 
     </span>
    </p>

    <p class='ocr_par' dir='ltr' id='par_1_3' title="bbox 150 1898 1712 2183">
     <span class='ocr_line' id='line_1_29' title="bbox 268 1898 1710 1951; baseline -0.003 -11"><span class='ocrx_word' id='word_1_271' title='bbox 268 1900 345 1940; x_wconf 86' lang='lat' dir='ltr'>Sed</span> <span class='ocrx_word' id='word_1_272' title='bbox 371 1913 450 1951; x_wconf 86' lang='lat' dir='ltr'>qua</span> <span class='ocrx_word' id='word_1_273' title='bbox 475 1902 702 1940; x_wconf 90' lang='lat' dir='ltr'>condicione</span> <span class='ocrx_word' id='word_1_274' title='bbox 727 1903 953 1940; x_wconf 85' lang='lat' dir='ltr'>litterarum</span> <span class='ocrx_word' id='word_1_275' title='bbox 982 1901 1031 1940; x_wconf 89' lang='lat' dir='ltr'>ad</span> <span class='ocrx_word' id='word_1_276' title='bbox 1062 1899 1331 1939; x_wconf 89' lang='lat' dir='ltr'>renovandum</span> <span class='ocrx_word' id='word_1_277' title='bbox 1361 1900 1435 1938; x_wconf 87' lang='lat' dir='ltr'>hoc</span> <span class='ocrx_word' id='word_1_278' title='bbox 1465 1911 1564 1949; x_wconf 91' lang='lat' dir='ltr'>opus</span> <span class='ocrx_word' id='word_1_279' title='bbox 1590 1898 1710 1936; x_wconf 84' lang='lat' dir='ltr'>Enni-</span> 
     </span>
     <span class='ocr_line' id='line_1_30' title="bbox 151 1958 1712 2011; baseline -0.003 -12"><span class='ocrx_word' id='word_1_280' title='bbox 151 1974 270 1999; x_wconf 90' lang='lat' dir='ltr'>anum</span> <span class='ocrx_word' id='word_1_281' title='bbox 296 1962 452 2009; x_wconf 87' lang='lat' dir='ltr'>accessi,</span> <span class='ocrx_word' id='word_1_282' title='bbox 478 1974 525 2000; x_wconf 85' lang='lat' dir='ltr'>ea</span> <span class='ocrx_word' id='word_1_283' title='bbox 549 1974 668 2011; x_wconf 90' lang='lat' dir='ltr'>quam</span> <span class='ocrx_word' id='word_1_284' title='bbox 693 1961 849 2000; x_wconf 88' lang='lat' dir='ltr'>diversa</span> <span class='ocrx_word' id='word_1_285' title='bbox 874 1961 952 1999; x_wconf 84' lang='lat' dir='ltr'>suit</span> <span class='ocrx_word' id='word_1_286' title='bbox 977 1960 1025 1999; x_wconf 90' lang='lat' dir='ltr'>ab</span> <span class='ocrx_word' id='word_1_287' title='bbox 1050 1961 1122 1999; x_wconf 91' lang='lat' dir='ltr'>illa</span> <span class='ocrx_word' id='word_1_288' title='bbox 1147 1972 1225 2010; x_wconf 91' lang='lat' dir='ltr'>qua</span> <span class='ocrx_word' id='word_1_289' title='bbox 1246 1960 1342 1998; x_wconf 89' lang='lat' dir='ltr'>olim</span> <span class='ocrx_word' id='word_1_290' title='bbox 1361 1959 1403 1997; x_wconf 90' lang='lat' dir='ltr'>in</span> <span class='ocrx_word' id='word_1_291' title='bbox 1422 1958 1652 2009; x_wconf 86' lang='lat' dir='ltr'>colligendis</span> <span class='ocrx_word' id='word_1_292' title='bbox 1671 1958 1712 1995; x_wconf 87' lang='lat' dir='ltr'>et</span> 
     </span>
     <span class='ocr_line' id='line_1_31' title="bbox 150 2018 1710 2070; baseline -0.003 -11"><span class='ocrx_word' id='word_1_293' title='bbox 150 2020 396 2060; x_wconf 86' lang='lat' dir='ltr'>recensendis</span> <span class='ocrx_word' id='word_1_294' title='bbox 421 2021 482 2060; x_wconf 91' lang='lat' dir='ltr'>his</span> <span class='ocrx_word' id='word_1_295' title='bbox 507 2021 687 2070; x_wconf 90' lang='lat' dir='ltr'>reliquiis</span> <span class='ocrx_word' id='word_1_296' title='bbox 718 2021 947 2059; x_wconf 88' lang='lat' dir='ltr'>tirocinium</span> <span class='ocrx_word' id='word_1_297' title='bbox 978 2020 1103 2069; x_wconf 90' lang='lat' dir='ltr'>posui.</span> <span class='ocrx_word' id='word_1_298' title='bbox 1138 2019 1296 2057; x_wconf 86' lang='lat' dir='ltr'>Etenim</span> <span class='ocrx_word' id='word_1_299' title='bbox 1328 2030 1460 2056; x_wconf 89' lang='lat' dir='ltr'>eorum</span> <span class='ocrx_word' id='word_1_300' title='bbox 1493 2018 1710 2063; x_wconf 87' lang='lat' dir='ltr'>auctorum,</span> 
     </span>
     <span class='ocr_line' id='line_1_32' title="bbox 151 2076 1711 2130; baseline -0.003 -13"><span class='ocrx_word' id='word_1_301' title='bbox 151 2079 293 2130; x_wconf 90' lang='lat' dir='ltr'>quibus</span> <span class='ocrx_word' id='word_1_302' title='bbox 318 2080 569 2129; x_wconf 85' lang='lat' dir='ltr'>potissimum</span> <span class='ocrx_word' id='word_1_303' title='bbox 593 2079 760 2119; x_wconf 89' lang='lat' dir='ltr'>testibus</span> <span class='ocrx_word' id='word_1_304' title='bbox 786 2079 976 2117; x_wconf 87' lang='lat' dir='ltr'>utendum</span> <span class='ocrx_word' id='word_1_305' title='bbox 1001 2079 1098 2126; x_wconf 90' lang='lat' dir='ltr'>erat,</span> <span class='ocrx_word' id='word_1_306' title='bbox 1129 2079 1214 2116; x_wconf 92' lang='lat' dir='ltr'>tum</span> <span class='ocrx_word' id='word_1_307' title='bbox 1239 2078 1306 2115; x_wconf 83' lang='lat' dir='ltr'>vix</span> <span class='ocrx_word' id='word_1_308' title='bbox 1330 2089 1430 2115; x_wconf 94' lang='lat' dir='ltr'>unus</span> <span class='ocrx_word' id='word_1_309' title='bbox 1456 2077 1496 2114; x_wconf 91' lang='lat' dir='ltr'>et</span> <span class='ocrx_word' id='word_1_310' title='bbox 1521 2076 1623 2114; x_wconf 86' lang='lat' dir='ltr'>alter</span> <span class='ocrx_word' id='word_1_311' title='bbox 1652 2076 1711 2113; x_wconf 90' lang='lat' dir='ltr'>ita</span> 
     </span>
     <span class='ocr_line' id='line_1_33' title="bbox 151 2136 1710 2183; baseline -0.003 -6"><span class='ocrx_word' id='word_1_312' title='bbox 151 2140 233 2178; x_wconf 90' lang='lat' dir='ltr'>iam</span> <span class='ocrx_word' id='word_1_313' title='bbox 258 2138 387 2178; x_wconf 88' lang='lat' dir='ltr'>editus</span> <span class='ocrx_word' id='word_1_314' title='bbox 413 2140 499 2177; x_wconf 87' lang='lat' dir='ltr'>erat</span> <span class='ocrx_word' id='word_1_315' title='bbox 522 2140 568 2177; x_wconf 94' lang='lat' dir='ltr'>ut</span> <span class='ocrx_word' id='word_1_316' title='bbox 593 2151 681 2177; x_wconf 91' lang='lat' dir='ltr'>cum</span> <span class='ocrx_word' id='word_1_317' title='bbox 706 2137 781 2176; x_wconf 89' lang='lat' dir='ltr'>fide</span> <span class='ocrx_word' id='word_1_318' title='bbox 807 2150 941 2177; x_wconf 91' lang='lat' dir='ltr'>eorum</span> <span class='ocrx_word' id='word_1_319' title='bbox 966 2136 1203 2176; x_wconf 89' lang='lat' dir='ltr'>testimoniis</span> <span class='ocrx_word' id='word_1_320' title='bbox 1229 2137 1289 2174; x_wconf 88' lang='lat' dir='ltr'>uti</span> <span class='ocrx_word' id='word_1_321' title='bbox 1320 2136 1468 2183; x_wconf 88' lang='lat' dir='ltr'>liceret,</span> <span class='ocrx_word' id='word_1_322' title='bbox 1500 2147 1545 2173; x_wconf 89' lang='lat' dir='ltr'>ac</span> <span class='ocrx_word' id='word_1_323' title='bbox 1575 2147 1710 2173; x_wconf 89' lang='lat' dir='ltr'>veren-</span> 
     </span>
    </p>
   </div>
   <div class='ocr_carea' id='block_1_3' title="bbox 247 2213 432 2218">
    <p class='ocr_par' dir='ltr' id='par_1_4' title="bbox 247 2213 432 2218">
     <span class='ocr_line' id='line_1_34' title="bbox 247 2213 432 2218; baseline 0 0"><span class='ocrx_word' id='word_1_324' title='bbox 247 2213 432 2218; x_wconf 95' lang='lat' dir='ltr'> </span> 
     </span>
    </p>
   </div>
   <div class='ocr_carea' id='block_1_4' title="bbox 150 2246 1711 2960">
    <p class='ocr_par' dir='ltr' id='par_1_5' title="bbox 150 2246 1711 2960">
     <span class='ocr_line' id='line_1_35' title="bbox 268 2246 1709 2297; baseline -0.004 -10"><span class='ocrx_word' id='word_1_325' title='bbox 268 2251 299 2297; x_wconf 80' lang='grc'>*)</span> <span class='ocrx_word' id='word_1_326' title='bbox 324 2251 408 2287; x_wconf 90' lang='lat' dir='ltr'>Non</span> <span class='ocrx_word' id='word_1_327' title='bbox 433 2262 585 2297; x_wconf 89' lang='lat' dir='ltr'>possum</span> <span class='ocrx_word' id='word_1_328' title='bbox 610 2250 682 2285; x_wconf 91' lang='lat' dir='ltr'>nisi</span> <span class='ocrx_word' id='word_1_329' title='bbox 707 2250 746 2285; x_wconf 92' lang='lat' dir='ltr'>in</span> <span class='ocrx_word' id='word_1_330' title='bbox 767 2249 1009 2286; x_wconf 87' lang='lat' dir='ltr'>adnotatione</span> <span class='ocrx_word' id='word_1_331' title='bbox 1027 2259 1231 2285; x_wconf 85' lang='lat' dir='ltr'>memorare</span> <span class='ocrx_word' id='word_1_332' title='bbox 1251 2260 1273 2284; x_wconf 88' lang='lat' dir='ltr'>a</span> <span class='ocrx_word' id='word_1_333' title='bbox 1291 2248 1478 2283; x_wconf 86' lang='lat' dir='ltr'>Ludovico</span> <span class='ocrx_word' id='word_1_334' title='bbox 1498 2246 1709 2293; x_wconf 89' lang='lat' dir='ltr'>Valmaggi,</span> 
     </span>
     <span class='ocr_line' id='line_1_36' title="bbox 152 2294 1710 2344; baseline -0.004 -10"><span class='ocrx_word' id='word_1_335' title='bbox 152 2299 256 2334; x_wconf 89' lang='lat' dir='ltr'>cuius</span> <span class='ocrx_word' id='word_1_336' title='bbox 288 2299 548 2334; x_wconf 84' lang='lat' dir='ltr'>adnotationes</span> <span class='ocrx_word' id='word_1_337' title='bbox 581 2298 763 2344; x_wconf 82' lang='lat' dir='ltr'>quasdam</span> <span class='ocrx_word' id='word_1_338' title='bbox 794 2297 840 2332; x_wconf 89' lang='lat' dir='ltr'>de</span> <span class='ocrx_word' id='word_1_339' title='bbox 868 2297 988 2332; x_wconf 85' lang='lat' dir='ltr'>Ennio</span> <span class='ocrx_word' id='word_1_340' title='bbox 1018 2297 1059 2332; x_wconf 91' lang='lat' dir='ltr'>in</span> <span class='ocrx_word' id='word_1_341' title='bbox 1091 2298 1187 2332; x_wconf 83' lang='lat' dir='ltr'>Boll.</span> <span class='ocrx_word' id='word_1_342' title='bbox 1220 2297 1261 2331; x_wconf 84' lang='lat' dir='ltr'>di</span> <span class='ocrx_word' id='word_1_343' title='bbox 1289 2297 1420 2342; x_wconf 68' lang='lat' dir='ltr'>filoloy.</span> <span class='ocrx_word' id='word_1_344' title='bbox 1452 2296 1554 2331; x_wconf 82' lang='lat' dir='ltr'>class.</span> <span class='ocrx_word' id='word_1_345' title='bbox 1589 2294 1710 2329; x_wconf 85' lang='lat' dir='ltr'>editas</span> 
     </span>
     <span class='ocr_line' id='line_1_37' title="bbox 154 2341 1710 2392; baseline -0.004 -10"><span class='ocrx_word' id='word_1_346' title='bbox 154 2347 321 2392; x_wconf 84' lang='lat' dir='ltr'>cognovi,</span> <span class='ocrx_word' id='word_1_347' title='bbox 341 2357 379 2381; x_wconf 75' lang='lat' dir='ltr'>a.</span> <span class='ocrx_word' id='word_1_348' title='bbox 396 2349 488 2382; x_wconf 87' lang='grc'><strong>1900</strong></span> <span class='ocrx_word' id='word_1_349' title='bbox 513 2357 598 2381; x_wconf 89' lang='lat' dir='ltr'>mea</span> <span class='ocrx_word' id='word_1_350' title='bbox 621 2356 793 2380; x_wconf 90' lang='lat' dir='ltr'>versuum</span> <span class='ocrx_word' id='word_1_351' title='bbox 818 2345 930 2379; x_wconf 89' lang='lat' dir='ltr'>Ennii</span> <span class='ocrx_word' id='word_1_352' title='bbox 954 2344 1168 2379; x_wconf 86' lang='lat' dir='ltr'>recensione</span> <span class='ocrx_word' id='word_1_353' title='bbox 1193 2343 1269 2378; x_wconf 87' lang='lat' dir='ltr'>iam</span> <span class='ocrx_word' id='word_1_354' title='bbox 1288 2343 1390 2388; x_wconf 88' lang='lat' dir='ltr'>prelo</span> <span class='ocrx_word' id='word_1_355' title='bbox 1411 2342 1579 2378; x_wconf 88' lang='lat' dir='ltr'>subiecta</span> <span class='ocrx_word' id='word_1_356' title='bbox 1599 2341 1710 2376; x_wconf 86' lang='lat' dir='ltr'>Ennii</span> 
     </span>
     <span class='ocr_line' id='line_1_38' title="bbox 152 2390 1711 2440; baseline -0.003 -11"><span class='ocrx_word' id='word_1_357' title='bbox 152 2394 344 2430; x_wconf 85' lang='lat' dir='ltr'>annalium</span> <span class='ocrx_word' id='word_1_358' title='bbox 368 2393 580 2440; x_wconf 84' lang='lat' dir='ltr'>fragmenta</span> <span class='ocrx_word' id='word_1_359' title='bbox 599 2393 702 2428; x_wconf 88' lang='lat' dir='ltr'>edita</span> <span class='ocrx_word' id='word_1_360' title='bbox 722 2404 801 2428; x_wconf 88' lang='lat' dir='ltr'>esse</span> <span class='ocrx_word' id='word_1_361' title='bbox 820 2392 948 2427; x_wconf 92' lang='lat' dir='ltr'>libello</span> <span class='ocrx_word' id='word_1_362' title='bbox 969 2392 1029 2427; x_wconf 89' lang='lat' dir='ltr'>cui</span> <span class='ocrx_word' id='word_1_363' title='bbox 1048 2391 1240 2436; x_wconf 85' lang='lat' dir='ltr'>inscripsit</span> <span class='ocrx_word' id='word_1_364' title='bbox 1262 2391 1301 2437; x_wconf 73' lang='lat' dir='ltr'>Q.</span> <span class='ocrx_word' id='word_1_365' title='bbox 1322 2392 1450 2426; x_wconf 75' lang='lat' dir='ltr'>Ennio</span> <span class='ocrx_word' id='word_1_366' title='bbox 1469 2391 1484 2425; x_wconf 83' lang='lat' dir='ltr'>i</span> <span class='ocrx_word' id='word_1_367' title='bbox 1500 2390 1711 2433; x_wconf 77' lang='lat' dir='ltr'>frammenti</span> 
     </span>
     <span class='ocr_line' id='line_1_39' title="bbox 151 2436 1711 2488; baseline -0.004 -11"><span class='ocrx_word' id='word_1_368' title='bbox 151 2442 247 2488; x_wconf 73' lang='lat' dir='ltr'>deqli</span> <span class='ocrx_word' id='word_1_369' title='bbox 271 2443 404 2478; x_wconf 78' lang='lat' dir='ltr'>annali</span> <span class='ocrx_word' id='word_1_370' title='bbox 427 2442 516 2478; x_wconf 80' lang='lat' dir='ltr'>editi</span> <span class='ocrx_word' id='word_1_371' title='bbox 539 2453 556 2477; x_wconf 84' lang='lat' dir='ltr'>e</span> <span class='ocrx_word' id='word_1_372' title='bbox 581 2442 758 2477; x_wconf 79' lang='lat' dir='ltr'>illustrati</span> <span class='ocrx_word' id='word_1_373' title='bbox 782 2441 832 2475; x_wconf 81' lang='lat' dir='ltr'>da</span> <span class='ocrx_word' id='word_1_374' title='bbox 855 2440 970 2485; x_wconf 74' lang='lat' dir='ltr'>Luiyi</span> <span class='ocrx_word' id='word_1_375' title='bbox 996 2440 1196 2485; x_wconf 77' lang='lat' dir='ltr'>Valmayyi.</span> <span class='ocrx_word' id='word_1_376' title='bbox 1228 2439 1361 2474; x_wconf 74' lang='lat' dir='ltr'>Torino</span> <span class='ocrx_word' id='word_1_377' title='bbox 1382 2440 1490 2480; x_wconf 84' lang='grc' dir='ltr'><strong>190ος</strong></span> <span class='ocrx_word' id='word_1_378' title='bbox 1517 2436 1581 2481; x_wconf 87' lang='lat' dir='ltr'>qui</span> <span class='ocrx_word' id='word_1_379' title='bbox 1605 2436 1711 2472; x_wconf 89' lang='lat' dir='ltr'>testi-</span> 
     </span>
     <span class='ocr_line' id='line_1_40' title="bbox 150 2483 1709 2534; baseline -0.004 -11"><span class='ocrx_word' id='word_1_380' title='bbox 150 2488 276 2524; x_wconf 88' lang='lat' dir='ltr'>monia</span> <span class='ocrx_word' id='word_1_381' title='bbox 302 2489 454 2534; x_wconf 89' lang='lat' dir='ltr'>quidem</span> <span class='ocrx_word' id='word_1_382' title='bbox 478 2499 649 2524; x_wconf 87' lang='lat' dir='ltr'>versuum</span> <span class='ocrx_word' id='word_1_383' title='bbox 674 2487 835 2523; x_wconf 89' lang='lat' dir='ltr'>breviter</span> <span class='ocrx_word' id='word_1_384' title='bbox 859 2486 1051 2530; x_wconf 88' lang='lat' dir='ltr'>indicavit,</span> <span class='ocrx_word' id='word_1_385' title='bbox 1084 2485 1264 2531; x_wconf 88' lang='lat' dir='ltr'>ampliore</span> <span class='ocrx_word' id='word_1_386' title='bbox 1293 2485 1418 2520; x_wconf 81' lang='lat' dir='ltr'>autem</span> <span class='ocrx_word' id='word_1_387' title='bbox 1444 2483 1709 2519; x_wconf 82' lang='lat' dir='ltr'>commentario</span> 
     </span>
     <span class='ocr_line' id='line_1_41' title="bbox 151 2530 1709 2579; baseline -0.004 -9"><span class='ocrx_word' id='word_1_388' title='bbox 151 2537 229 2571; x_wconf 86' lang='lat' dir='ltr'>tam</span> <span class='ocrx_word' id='word_1_389' title='bbox 256 2536 302 2570; x_wconf 89' lang='lat' dir='ltr'>de</span> <span class='ocrx_word' id='word_1_390' title='bbox 328 2547 437 2571; x_wconf 90' lang='lat' dir='ltr'>sensu</span> <span class='ocrx_word' id='word_1_391' title='bbox 456 2537 494 2571; x_wconf 91' lang='lat' dir='ltr'>et</span> <span class='ocrx_word' id='word_1_392' title='bbox 512 2536 595 2571; x_wconf 92' lang='lat' dir='ltr'>loco</span> <span class='ocrx_word' id='word_1_393' title='bbox 614 2547 740 2571; x_wconf 87' lang='lat' dir='ltr'>eorum</span> <span class='ocrx_word' id='word_1_394' title='bbox 760 2546 871 2579; x_wconf 90' lang='lat' dir='ltr'>quam</span> <span class='ocrx_word' id='word_1_395' title='bbox 892 2534 937 2568; x_wconf 85' lang='lat' dir='ltr'>de</span> <span class='ocrx_word' id='word_1_396' title='bbox 958 2533 1142 2578; x_wconf 86' lang='lat' dir='ltr'>scriptura</span> <span class='ocrx_word' id='word_1_397' title='bbox 1162 2534 1200 2568; x_wconf 88' lang='lat' dir='ltr'>et</span> <span class='ocrx_word' id='word_1_398' title='bbox 1218 2533 1327 2568; x_wconf 82' lang='lat' dir='ltr'>rebus</span> <span class='ocrx_word' id='word_1_399' title='bbox 1348 2531 1601 2578; x_wconf 87' lang='lat' dir='ltr'>grammaticis</span> <span class='ocrx_word' id='word_1_400' title='bbox 1621 2530 1709 2576; x_wconf 89' lang='lat' dir='ltr'>egit.</span> 
     </span>
     <span class='ocr_line' id='line_1_42' title="bbox 153 2577 1710 2628; baseline -0.004 -10"><span class='ocrx_word' id='word_1_401' title='bbox 153 2583 207 2618; x_wconf 86' lang='lat' dir='ltr'>Ex</span> <span class='ocrx_word' id='word_1_402' title='bbox 233 2583 337 2618; x_wconf 83' lang='lat' dir='ltr'>cuius</span> <span class='ocrx_word' id='word_1_403' title='bbox 362 2583 596 2628; x_wconf 88' lang='lat' dir='ltr'>praefatione</span> <span class='ocrx_word' id='word_1_404' title='bbox 622 2583 806 2626; x_wconf 85' lang='lat' dir='ltr'>quaedam</span> <span class='ocrx_word' id='word_1_405' title='bbox 832 2593 854 2617; x_wconf 92' lang='lat' dir='ltr'>a</span> <span class='ocrx_word' id='word_1_406' title='bbox 880 2581 999 2616; x_wconf 87' lang='lat' dir='ltr'>doctis</span> <span class='ocrx_word' id='word_1_407' title='bbox 1018 2580 1124 2616; x_wconf 87' lang='lat' dir='ltr'>Italis</span> <span class='ocrx_word' id='word_1_408' title='bbox 1148 2580 1384 2626; x_wconf 85' lang='lat' dir='ltr'>potissimum</span> <span class='ocrx_word' id='word_1_409' title='bbox 1404 2579 1507 2614; x_wconf 85' lang='lat' dir='ltr'>edita</span> <span class='ocrx_word' id='word_1_410' title='bbox 1527 2578 1573 2613; x_wconf 90' lang='lat' dir='ltr'>de</span> <span class='ocrx_word' id='word_1_411' title='bbox 1591 2577 1710 2612; x_wconf 87' lang='lat' dir='ltr'>Ennio</span> 
     </span>
     <span class='ocr_line' id='line_1_43' title="bbox 152 2626 1710 2676; baseline -0.004 -11"><span class='ocrx_word' id='word_1_412' title='bbox 152 2641 211 2665; x_wconf 88' lang='lat' dir='ltr'>me</span> <span class='ocrx_word' id='word_1_413' title='bbox 236 2630 377 2676; x_wconf 80' lang='lat' dir='ltr'>fugisse</span> <span class='ocrx_word' id='word_1_414' title='bbox 402 2630 581 2674; x_wconf 81' lang='lat' dir='ltr'>intellexi,</span> <span class='ocrx_word' id='word_1_415' title='bbox 608 2630 792 2665; x_wconf 91' lang='lat' dir='ltr'>doliturus</span> <span class='ocrx_word' id='word_1_416' title='bbox 816 2629 847 2664; x_wconf 91' lang='lat' dir='ltr'>si</span> <span class='ocrx_word' id='word_1_417' title='bbox 873 2629 964 2674; x_wconf 89' lang='lat' dir='ltr'>quid</span> <span class='ocrx_word' id='word_1_418' title='bbox 990 2628 1090 2673; x_wconf 89' lang='lat' dir='ltr'>quod</span> <span class='ocrx_word' id='word_1_419' title='bbox 1114 2628 1230 2673; x_wconf 91' lang='lat' dir='ltr'>probe</span> <span class='ocrx_word' id='word_1_420' title='bbox 1249 2628 1441 2662; x_wconf 89' lang='lat' dir='ltr'>inventum</span> <span class='ocrx_word' id='word_1_421' title='bbox 1460 2626 1509 2661; x_wconf 90' lang='lat' dir='ltr'>sit</span> <span class='ocrx_word' id='word_1_422' title='bbox 1527 2636 1586 2660; x_wconf 87' lang='lat' dir='ltr'>me</span> <span class='ocrx_word' id='word_1_423' title='bbox 1604 2634 1710 2669; x_wconf 86' lang='lat' dir='ltr'>prae-</span> 
     </span>
     <span class='ocr_line' id='line_1_44' title="bbox 152 2672 1708 2721; baseline -0.004 -8"><span class='ocrx_word' id='word_1_424' title='bbox 152 2678 304 2713; x_wconf 88' lang='lat' dir='ltr'>terierit.</span> <span class='ocrx_word' id='word_1_425' title='bbox 325 2678 466 2713; x_wconf 88' lang='lat' dir='ltr'>Eodem</span> <span class='ocrx_word' id='word_1_426' title='bbox 484 2689 581 2713; x_wconf 91' lang='lat' dir='ltr'>anno</span> <span class='ocrx_word' id='word_1_427' title='bbox 603 2677 754 2713; x_wconf 88' lang='lat' dir='ltr'>Carolus</span> <span class='ocrx_word' id='word_1_428' title='bbox 773 2676 904 2711; x_wconf 88' lang='lat' dir='ltr'>Pascal</span> <span class='ocrx_word' id='word_1_429' title='bbox 924 2675 1255 2721; x_wconf 84' lang='lat' dir='ltr'>quae&#39;singillatim</span> <span class='ocrx_word' id='word_1_430' title='bbox 1268 2676 1355 2710; x_wconf 90' lang='lat' dir='ltr'>ante</span> <span class='ocrx_word' id='word_1_431' title='bbox 1368 2673 1407 2708; x_wconf 91' lang='lat' dir='ltr'>in</span> <span class='ocrx_word' id='word_1_432' title='bbox 1422 2674 1567 2709; x_wconf 79' lang='lat' dir='ltr'>Rivista</span> <span class='ocrx_word' id='word_1_433' title='bbox 1580 2672 1621 2707; x_wconf 84' lang='lat' dir='ltr'>di</span> <span class='ocrx_word' id='word_1_434' title='bbox 1632 2672 1708 2714; x_wconf 74' lang='lat' dir='ltr'><em>filo-</em></span> 
     </span>
     <span class='ocr_line' id='line_1_45' title="bbox 155 2719 1709 2771; baseline -0.006 -11"><span class='ocrx_word' id='word_1_435' title='bbox 155 2726 251 2771; x_wconf 74' lang='lat' dir='ltr'>loqia</span> <span class='ocrx_word' id='word_1_436' title='bbox 270 2725 316 2760; x_wconf 87' lang='lat' dir='ltr'>de</span> <span class='ocrx_word' id='word_1_437' title='bbox 329 2725 440 2759; x_wconf 89' lang='lat' dir='ltr'>Ennii</span> <span class='ocrx_word' id='word_1_438' title='bbox 459 2724 683 2771; x_wconf 88' lang='lat' dir='ltr'>quibusdam</span> <span class='ocrx_word' id='word_1_439' title='bbox 703 2723 928 2759; x_wconf 86' lang='lat' dir='ltr'>carminibus</span> <span class='ocrx_word' id='word_1_440' title='bbox 948 2723 1174 2758; x_wconf 86' lang='lat' dir='ltr'>disseruerat</span> <span class='ocrx_word' id='word_1_441' title='bbox 1194 2722 1351 2757; x_wconf 88' lang='lat' dir='ltr'>collecta</span> <span class='ocrx_word' id='word_1_442' title='bbox 1365 2722 1402 2756; x_wconf 87' lang='lat' dir='ltr'>et</span> <span class='ocrx_word' id='word_1_443' title='bbox 1416 2719 1612 2755; x_wconf 88' lang='lat' dir='ltr'>coniuncta</span> <span class='ocrx_word' id='word_1_444' title='bbox 1625 2729 1709 2771; x_wconf 74' lang='lat' dir='ltr'>cum</span> 
     </span>
     <span class='ocr_line' id='line_1_46' title="bbox 153 2765 1710 2818; baseline -0.006 -11"><span class='ocrx_word' id='word_1_445' title='bbox 153 2771 199 2806; x_wconf 86' lang='lat' dir='ltr'>iis</span> <span class='ocrx_word' id='word_1_446' title='bbox 219 2783 315 2816; x_wconf 85' lang='lat' dir='ltr'>quae</span> <span class='ocrx_word' id='word_1_447' title='bbox 340 2772 386 2807; x_wconf 88' lang='lat' dir='ltr'>de</span> <span class='ocrx_word' id='word_1_448' title='bbox 411 2772 495 2807; x_wconf 90' lang='lat' dir='ltr'>aliis</span> <span class='ocrx_word' id='word_1_449' title='bbox 520 2772 642 2817; x_wconf 91' lang='lat' dir='ltr'>poetis</span> <span class='ocrx_word' id='word_1_450' title='bbox 667 2771 844 2807; x_wconf 84' lang='lat' dir='ltr'>Romanis</span> <span class='ocrx_word' id='word_1_451' title='bbox 870 2771 1114 2816; x_wconf 88' lang='lat' dir='ltr'>proposuerat</span> <span class='ocrx_word' id='word_1_452' title='bbox 1133 2770 1254 2805; x_wconf 90' lang='lat' dir='ltr'>denuo</span> <span class='ocrx_word' id='word_1_453' title='bbox 1280 2767 1422 2814; x_wconf 87' lang='lat' dir='ltr'>publici</span> <span class='ocrx_word' id='word_1_454' title='bbox 1446 2766 1537 2801; x_wconf 87' lang='lat' dir='ltr'>iuris</span> <span class='ocrx_word' id='word_1_455' title='bbox 1562 2765 1653 2818; x_wconf 65' lang='lat' dir='ltr'>fecit</span> <span class='ocrx_word' id='word_1_456' title='bbox 1671 2775 1710 2799; x_wconf 83' lang='lat' dir='ltr'>in</span> 
     </span>
     <span class='ocr_line' id='line_1_47' title="bbox 153 2811 1707 2865; baseline -0.005 -13"><span class='ocrx_word' id='word_1_457' title='bbox 153 2818 280 2854; x_wconf 89' lang='lat' dir='ltr'>libello</span> <span class='ocrx_word' id='word_1_458' title='bbox 300 2819 410 2855; x_wconf 74' lang='lat' dir='ltr'>studi·</span> <span class='ocrx_word' id='word_1_459' title='bbox 426 2821 524 2865; x_wconf 75' lang='lat' dir='ltr'>sziyli</span> <span class='ocrx_word' id='word_1_460' title='bbox 540 2820 700 2855; x_wconf 79' lang='lat' dir='ltr'>scrittori</span> <span class='ocrx_word' id='word_1_461' title='bbox 718 2819 862 2860; x_wconf 75' lang='lat' dir='ltr'>Latini,</span> <span class='ocrx_word' id='word_1_462' title='bbox 882 2819 1010 2853; x_wconf 74' lang='lat' dir='ltr'>Ennio</span> <span class='ocrx_word' id='word_1_463' title='bbox 1030 2818 1165 2853; x_wconf 78' lang='lat' dir='ltr'>Plauto</span> <span class='ocrx_word' id='word_1_464' title='bbox 1181 2818 1346 2853; x_wconf 79' lang='lat' dir='ltr'>Cicerone</span> <span class='ocrx_word' id='word_1_465' title='bbox 1359 2816 1426 2849; x_wconf 86' lang='lat' dir='ltr'>ete.</span> <span class='ocrx_word' id='word_1_466' title='bbox 1447 2813 1502 2847; x_wconf 90' lang='lat' dir='ltr'>De</span> <span class='ocrx_word' id='word_1_467' title='bbox 1522 2823 1593 2856; x_wconf 91' lang='lat' dir='ltr'>quo</span> <span class='ocrx_word' id='word_1_468' title='bbox 1613 2811 1707 2845; x_wconf 80' lang='lat' dir='ltr'>libro</span> 
     </span>
     <span class='ocr_line' id='line_1_48' title="bbox 155 2858 1708 2911; baseline -0.005 -11"><span class='ocrx_word' id='word_1_469' title='bbox 155 2867 192 2900; x_wconf 90' lang='lat' dir='ltr'>et</span> <span class='ocrx_word' id='word_1_470' title='bbox 210 2866 380 2911; x_wconf 88' lang='lat' dir='ltr'>inprimis</span> <span class='ocrx_word' id='word_1_471' title='bbox 401 2867 446 2901; x_wconf 91' lang='lat' dir='ltr'>de</span> <span class='ocrx_word' id='word_1_472' title='bbox 460 2867 640 2901; x_wconf 86' lang='lat' dir='ltr'>Ennianis</span> <span class='ocrx_word' id='word_1_473' title='bbox 654 2866 834 2901; x_wconf 87' lang='lat' dir='ltr'>iudicium</span> <span class='ocrx_word' id='word_1_474' title='bbox 849 2865 939 2900; x_wconf 84' lang='lat' dir='ltr'>fecit</span> <span class='ocrx_word' id='word_1_475' title='bbox 952 2865 993 2899; x_wconf 82' lang='lat' dir='ltr'>R.</span> <span class='ocrx_word' id='word_1_476' title='bbox 1009 2864 1177 2900; x_wconf 88' lang='lat' dir='ltr'>Helmius</span> <span class='ocrx_word' id='word_1_477' title='bbox 1193 2864 1306 2908; x_wconf 81' lang='lat' dir='ltr'>(Berl.</span> <span class='ocrx_word' id='word_1_478' title='bbox 1317 2861 1442 2907; x_wconf 77' lang='lat' dir='ltr'>philol.</span> <span class='ocrx_word' id='word_1_479' title='bbox 1466 2858 1708 2895; x_wconf 77' lang='lat' dir='ltr'>Wochcnschr.</span> 
     </span>
     <span class='ocr_line' id='line_1_49' title="bbox 156 2915 473 2960; baseline 0.006 -13"><span class='ocrx_word' id='word_1_480' title='bbox 156 2916 244 2947; x_wconf 82' lang='grc'><strong>1001</strong></span> <span class='ocrx_word' id='word_1_481' title='bbox 266 2925 300 2959; x_wconf 87' lang='lat' dir='ltr'>p.</span> <span class='ocrx_word' id='word_1_482' title='bbox 317 2915 473 2960; x_wconf 86' lang='lat' dir='ltr'>73sqq.).</span> 
     </span>
    </p>
   </div>
  </div>
 </body>
</html>
