2004 3278
244 166 323 203 CIV
798 164 825 200 Ι.
851 163 1080 200 HISTORIA
1102 162 1240 198 ENNII

362 278 410 316 In
434 279 483 316 iis
510 278 643 316 autem
667 276 905 317 testimoniis
931 274 1143 326 ServianiS,
1170 287 1270 324 quae
1288 287 1367 314 non
1389 276 1556 326 possunt
1573 275 1651 314 nisi
1670 275 1720 313 ad
1740 287 1807 314 an-

244 339 354 377 nales
378 336 529 384 referri,
556 348 602 374 ea
626 336 752 374 multo
779 336 871 374 sunt
896 335 1036 373 ceteris
1056 335 1242 385 graviora
1260 346 1361 383 quae
1380 347 1459 373 non
1477 335 1654 374 versibus
1674 335 1807 386 singu-

244 398 293 436 lis
325 395 493 435 citandis
525 395 794 442 continentur,
826 394 893 432 sed
927 393 1123 442 quaedam
1148 392 1368 444 generatim
1395 393 1563 432 afferunt
1589 394 1638 432 ad
1663 406 1725 432 res
1758 394 1807 432 ab

245 455 374 494 Ennio
400 455 637 504 compositas
661 454 912 503 pertinentia.
948 453 1086 502 anue
1111 452 1245 490 omnia
1271 464 1371 501 quae
1395 453 1511 492 huius
1537 454 1690 504 generis
1716 454 1809 492 sunt

248 515 360 553 unius
375 513 504 551 Servii
521 512 709 551 beneficio
728 513 921 550 nituntur.
947 508 1053 559 Dicof
1071 512 1188 550 talia:
1213 510 1310 549 Aen.
1330 523 1345 548 1
1366 512 1421 550 20
1442 508 1651 551 ‘audierat'
1672 524 1698 550 a
1716 512 1809 551 Iove

246 576 315 613 aut
339 585 365 611 a
388 573 482 621 fatis
503 603 511 610 .
533 602 541 610 .
563 602 571 610 .
597 575 632 610 et
647 573 772 620 perite
799 568 1025 610 ‘audierat'.·
1047 572 1092 609 in
1116 571 1249 608 Ennio
1275 571 1377 608 enim
1406 571 1606 610 inducitur
1629 571 1810 619 Iuppiter

239 633 469 682 promittens
500 632 692 670 Romanis
724 631 914 669 excidium
948 629 1207 678 Carthayinis.
1247 623 1324 682 (Cf.
1358 642 1458 679 quae
1491 630 1542 668 ad
1564 629 1662 668 Aen.
1682 643 1698 668 1
1724 631 1808 668 234

245 692 516 730 memorantur
535 691 731 730 sententia
749 702 828 728 non
848 690 965 739 plane
982 683 1148 741 eadem).
1169 689 1315 727 Versus
1335 689 1457 727 Ennii
1474 702 1554 728 non
1574 689 1722 739 attulit,
1742 690 1810 729 sed

246 750 444 803 significat
475 750 572 800 quid
603 750 735 788 actum
760 750 813 788 sit
839 748 944 798 apud
969 748 1142 786 Ennium
1166 749 1208 786 in
1234 748 1400 786 concilio
1427 748 1606 798 deorum,
1632 761 1810 798 quaeque

246 811 303 849 ibi
327 809 509 860 Iuppiter
533 809 771 859 promiserit,
798 821 845 846 ea
868 808 956 846 vult
979 807 1169 846 Iunonem
1194 807 1470 858 Vergilianam
1496 808 1711 857 audivisse,
1736 809 1810 847 hoc

249 882 294 909 eo
319 869 436 907 modo
462 869 509 906 de
536 881 613 918 quo
639 869 681 906 in
702 868 829 905 altera
853 868 967 916 parte
986 867 1102 905 huius
1121 867 1381 916 praefationis
1402 867 1452 905 ad
1471 880 1559 905 ann.
1583 868 1635 905 65
1656 868 1810 918 plenius

249 928 425 967 disserui.
453 926 551 965 Cum
575 927 646 965 illo
671 927 899 965 testimonio
926 927 1113 977 coniungi
1138 926 1306 975 oportet,
1332 927 1470 976 utpote
1497 926 1547 964 ad
1572 926 1727 965 easdem
1746 927 1809 964 Iu-

247 988 361 1027 nonis
382 987 587 1025 Ennianae
606 987 738 1036 partes
758 986 970 1035 pertinens,
996 985 1102 1035 quod
1119 985 1225 1023 idem
1245 984 1404 1024 Servius
1423 985 1560 1024 scribit
1579 985 1675 1024 Aen.
1689 999 1705 1024 1
1726 986 1806 1024 281

249 1044 428 1086 ‘consilia
451 1047 496 1084 in
519 1046 657 1084 melius
681 1042 847 1093 referet’,
872 1046 967 1093 quia
992 1044 1086 1083 bello
1110 1045 1259 1083 Punico
1283 1045 1462 1089 secando,
1491 1047 1535 1083 ut
1558 1046 1615 1083 ait
1639 1045 1813 1090 Ennius,

240 1107 403 1155 placata
422 1105 526 1143 Iwno
546 1106 666 1153 coepit
683 1106 814 1152 favere
833 1104 1040 1151 Romanis,
1062 1104 1131 1153 qui
1152 1116 1201 1142 ne
1220 1116 1324 1142 nunc
1343 1104 1502 1153 quidem
1521 1117 1678 1143 versum
1691 1104 1812 1143 Ennii

249 1165 386 1204 afferre
412 1165 553 1214 voluit,
584 1164 652 1203 sed
677 1164 915 1203 sententiam
939 1163 1126 1211 indicare,
1159 1175 1259 1212 quae
1285 1163 1452 1202 fortasse
1477 1163 1656 1213 pluribus
1682 1163 1811 1203 verbis

248 1225 428 1275 exposita
452 1225 547 1262 erat.
573 1223 762 1261 Videmus
784 1222 964 1260 Servium
990 1222 1192 1260 attendere
1211 1224 1245 1260 si
1265 1223 1360 1272 quid
1380 1224 1438 1262 est
1457 1224 1499 1261 in
1520 1223 1640 1261 Ennii
1661 1224 1812 1262 annali-

247 1284 319 1323 bus
347 1283 452 1333 quod
477 1284 702 1321 convertere
723 1282 773 1320 ad
791 1282 1131 1331 interpretandam
1150 1281 1320 1332 Vergilii
1339 1283 1663 1332 compositionem
1682 1283 1811 1321 liceat.

250 1342 437 1381 Eiusdem
463 1343 616 1394 generis
635 1342 732 1379 haec
753 1342 854 1380 sunt.
880 1339 977 1379 Aen.
997 1353 1013 1378 1
1033 1341 1116 1378 273
1137 1354 1175 1389 p.
1199 1342 1294 1389 102,
1316 1342 1367 1379 21
1381 1341 1482 1379 Thil.
1503 1341 1682 1391 phu-ibus
1702 1355 1811 1380 enar-

249 1401 348 1441 ratis
375 1401 421 1439 de
444 1401 646 1439 conditore
666 1400 786 1449 urbis,
812 1400 858 1438 de
879 1413 956 1449 quo
976 1401 1078 1438 varii
1097 1401 1217 1438 testes
1239 1401 1353 1438 varia
1372 1400 1585 1449 affirmant,
1610 1402 1706 1439 haec
1725 1401 1813 1440 sub-

249 1462 353 1500 iicit:
384 1461 560 1499 Naevius
592 1463 626 1498 et
653 1460 812 1498 Ennius
836 1457 992 1498 Aeneae
1023 1471 1068 1497 ex
1096 1459 1185 1506 lilia
1214 1461 1386 1508 nepotem
1411 1460 1623 1498 Romulum
1648 1460 1815 1499 condito-

248 1533 330 1560 rem
348 1520 457 1558 urbis
477 1520 638 1557 tradunt
657 1513 869 1572 (Daniel.):
890 1518 1123 1568 quibuscum
1142 1531 1276 1557 rursus
1298 1519 1571 1571 coniungenda
1590 1521 1693 1568 sunt,
1714 1533 1814 1570 quae

249 1581 291 1618 in
317 1580 487 1619 similem
506 1579 744 1617 sententiam
767 1579 809 1616 in
828 1577 925 1616 Aen.
945 1590 987 1616 VI
1010 1579 1092 1615 777
1112 1577 1341 1616 traduntur:
1370 1575 1481 1626 ‘quin
1500 1582 1533 1617 et
1552 1591 1624 1617 avo
1644 1581 1815 1619 comitem

249 1651 328 1678 sese
353 1639 577 1677 Mavortius
603 1638 717 1676 addet
740 1634 963 1676 Romulus':
983 1667 990 1674 .
1019 1666 1025 1673 .
1054 1667 1061 1675 .
1089 1648 1176 1685 erqo
1203 1633 1290 1675 ‘avo
1318 1649 1358 1676 se
1389 1638 1505 1677 addet
1534 1635 1721 1677 comitem’
1747 1642 1816 1677 aut

251 1699 353 1738 avito
378 1709 417 1736 se
441 1699 571 1746 iunyet
593 1698 754 1745 imperio
774 1699 844 1734 aut
861 1699 957 1735 certe
974 1697 1186 1735 secundum
1205 1696 1384 1735 Ennium
1405 1699 1591 1745 referetur
1608 1699 1709 1736 inter
1728 1698 1816 1736 deos

251 1770 338 1797 cum
368 1756 523 1796 Aenea:
557 1756 650 1795 dicit
678 1768 846 1804 namque
875 1756 1004 1794 Iliam
1038 1757 1162 1804 fuisse
1194 1756 1321 1802 filiam
1351 1754 1523 1801 Aeneae,
1560 1757 1662 1805 quod
1693 1759 1729 1796 si
1763 1761 1818 1796 cst

250 1816 405 1856 Aeneas
431 1827 528 1854 avus
554 1818 608 1854 est
632 1815 813 1861 Romuli;
844 1815 946 1853 unde
971 1816 1086 1853 etiam
1111 1814 1266 1853 addidit
1290 1811 1496 1854 ‘Assaraci
1520 1828 1631 1864 quem
1657 1818 1816 1866 sanqui-

253 1872 331 1914 nis’
354 1906 362 1913 .
385 1905 392 1913 .
414 1906 422 1913 .
441 1887 536 1913 nam
559 1873 784 1912 Assaracus
808 1877 925 1922 pater
950 1877 1004 1912 est
1031 1873 1201 1923 Capyos,
1237 1873 1366 1923 Capys
1390 1874 1603 1920 Anchisae,
1628 1873 1817 1915 Anchises

251 1934 422 1983 Aeneae,
462 1947 581 1983 quam
613 1933 887 1985 genealogiam
917 1934 1073 1983 saepius
1106 1946 1129 1971 a
1163 1931 1300 1972 Servio
1333 1936 1682 1973 commemoratam
1712 1935 1817 1974 idem

253 1994 405 2032 Ennius
425 1987 534 2046 (ann.
554 1993 610 2031 30
618 1987 693 2046 sq.)
714 1992 845 2032 refert.
872 1992 949 2031 Sed
970 1991 1141 2042 Servius,
1161 1992 1236 2030 etsi
1257 2005 1356 2042 quae
1375 1995 1538 2043 propria
1557 1994 1678 2032 fuerit
1697 1994 1818 2033 Ennii

254 2048 313 2107 (et
337 2047 499 2105 Naevii)
526 2053 717 2090 memoria
743 2051 858 2099 dicit,
890 2053 974 2101 ipse
999 2052 1077 2090 nisi
1104 2051 1327 2090 tralaticias
1360 2051 1407 2090 de
1440 2053 1606 2104 geminis
1639 2054 1678 2091 et
1709 2053 1817 2092 urbis

254 2111 482 2162 primordiis
508 2111 664 2150 fabulas
689 2123 769 2149 non
790 2112 969 2160 sequitur
989 2105 1118 2164 (velut
1136 2123 1178 2149 vl
1201 2112 1282 2148 777
1305 2112 1345 2149 et
1363 2124 1497 2150 rursus
1521 2113 1601 2151 779
1625 2114 1664 2151 et
1689 2107 1816 2165 alibi).

253 2171 367 2209 Addo
394 2172 475 2209 alia
501 2183 601 2220 quae
627 2171 840 2222 cognatum
865 2183 986 2222 genus
1012 2183 1107 2219 prae
1132 2183 1173 2209 se
1191 2169 1341 2208 ferunt:
1367 2170 1418 2208 ad
1436 2183 1478 2208 XI
1501 2172 1583 2210 608
1606 2171 1819 2210 adnotatur

256 2227 377 2269 ‘intra
401 2232 546 2269 iactum
571 2227 665 2268 teli’:
693 2230 798 2268 unde
821 2231 948 2277 possit
975 2230 1089 2268 hasta
1119 2231 1260 2268 emissa
1290 2230 1334 2267 in
1361 2231 1504 2269 hostem
1531 2232 1687 2269 venire.
1717 2261 1723 2267 .
1751 2262 1758 2269 .
1787 2234 1821 2269 et

255 2290 448 2328 Enniana
473 2292 527 2328 est
551 2290 676 2327 onmis
700 2290 793 2327 haec
818 2289 1024 2327 ambitiosa
1048 2289 1264 2338 descriptio.
1298 2286 1462 2327 Omissis
1494 2289 1672 2328 versibus
1699 2290 1820 2328 Ennii

254 2350 409 2398 partem
435 2348 634 2398 quandam
659 2349 900 2386 narrationis
926 2348 1132 2386 Ennianae
1155 2347 1317 2395 indicat,
1344 2361 1461 2397 quam
1486 2348 1665 2399 pluribus
1685 2350 1817 2387 imita-

254 2409 319 2446 tus
345 2409 398 2446 sit
416 2407 628 2459 Vergilius.
656 2407 742 2453 Qua
768 2420 813 2445 ex
838 2408 1063 2445 imitatione
1089 2409 1281 2457 quantum
1307 2408 1487 2457 cognosci
1506 2409 1640 2458 posset
1659 2408 1709 2446 ad
1729 2420 1818 2446 ann.

255 2466 323 2505 lib.
349 2468 423 2505 inc.
443 2478 556 2505 van
588 2461 753 2519 (librum
785 2467 890 2504 enim
922 2467 1125 2505 annalium
1156 2478 1235 2505 non
1264 2465 1442 2515 prodidit
1474 2460 1651 2519 Servius)
1683 2467 1738 2505 sic
1775 2469 1820 2504 ut

255 2526 372 2564 licuit
402 2525 633 2577 significavi.
667 2524 861 2563 Similiter
893 2525 943 2563 ad
967 2538 1041 2564 v111
1063 2526 1143 2563 631
1180 2521 1443 2573 ‘procubuisse
1474 2525 1620 2574 lupam,
1648 2527 1819 2574 ,qeminos

255 2581 396 2624 hustc'.·.
413 2614 443 2621 ..
469 2596 564 2623 sane
588 2588 688 2623 totus
712 2585 773 2623 hic
797 2585 902 2622 locus
922 2585 1135 2623 Ennianus
1160 2588 1224 2623 est.
1251 2583 1418 2633 Saepius
1443 2584 1502 2622 ita
1526 2584 1707 2634 loquitur
1732 2584 1818 2623 Ser-

257 2645 357 2692 vius,
382 2644 493 2682 velut
512 2656 538 2680 x
560 2645 643 2683 104
671 2640 845 2692 ‘accipite
868 2655 955 2692 erqo
980 2640 1154 2682 animis’:
1178 2647 1276 2682 totus
1299 2643 1361 2681 hic
1385 2644 1490 2682 locus
1516 2644 1562 2681 dc
1578 2645 1711 2692 primo
1736 2643 1820 2682 Lu-

258 2704 339 2741 cilii
357 2703 571 2741 translatus
591 2705 644 2742 est
662 2703 772 2748 libro,
791 2703 831 2740 et
850 2702 1066 2741 cavendum
1086 2704 1146 2742 est
1162 2716 1211 2741 ne
1230 2701 1396 2740 nimium
1416 2703 1588 2741 orationi
1599 2702 1819 2741 tribuamus

260 2759 326 2814 (cf.
348 2761 399 2800 ad
417 2774 460 2799 xi
479 2762 575 2800 483.
598 2756 715 2814 492),
747 2761 814 2800 sed
839 2762 886 2799 de
911 2762 1007 2811 lupa
1031 2763 1206 2812 geminos
1231 2762 1441 2810 nutricata,
1478 2774 1596 2811 quam
1621 2761 1819 2811 Vergilius

259 2822 302 2858 in
327 2820 484 2859 Aeneae
509 2821 635 2870 clipeo
668 2832 890 2870 expressam
921 2820 1109 2870 depinxit,
1140 2821 1330 2859 nonnulla
1361 2820 1478 2858 hodie
1511 2820 1615 2870 apud
1647 2820 1820 2857 Ennium

260 2880 447 2930 leguntur
472 2874 580 2932 (ann.
600 2892 615 2918 1
634 2880 680 2918 fr.
701 2892 780 2918 xm.
800 2874 930 2933 xnm).
958 2879 1064 2925 Quae
1091 2881 1160 2929 qui
1183 2878 1500 2928 consideraverit,
1526 2879 1637 2918 dabit
1654 2879 1820 2918 fortasse

1995 3179 2004 3232 i

1993 3233 2004 3278 2
