2054 3282
742 151 1001 187 ANNALIUM
1026 151 1112 186 LIB.
1133 151 1183 186 [X
1689 152 1746 193 55

948 270 982 305 V

181 332 266 374 309
298 331 492 375 Navibus
525 331 754 387 explebant
786 346 876 374 sese
908 334 1127 387 terrasque
1158 331 1393 387 replebant.

940 436 991 471 VI

182 498 270 540 310
301 496 447 540 Africa
477 497 660 539 terribili
693 497 840 539 tremit
870 497 1044 539 horrida
1074 498 1188 539 terra
1218 497 1408 539 tumultu

927 601 995 636 VH

181 663 263 705 311
695 662 880 717 perculsi
911 665 1086 717 pectora
1114 662 1248 704 Poeni

920 766 1005 801 VIII

180 830 265 871 312
476 828 723 871 «mortalem
756 842 969 870 summum
1001 827 1192 870 Fortuna
1222 830 1396 883 repente

300 900 503 942 Reddidit
534 914 554 942 e
585 915 751 942 summo
784 914 917 956 regno
949 903 995 942 ut
1015 900 1152 953 famul
1176 899 1362 953 infimus
1395 902 1515 942 esset.

297 1040 331 1075 V
351 1042 445 1086 (309)
497 1041 642 1075 Servius
668 1040 707 1075 in
732 1040 821 1074 Aen.
844 1053 880 1075 VI
907 1043 974 1074 545
1004 1039 1180 1085 ‘explebo
1207 1050 1400 1074 numerum
1422 1068 1427 1074 .
1452 1068 1457 1074 .
1481 1054 1488 1075 ε
1510 1039 1665 1085 explebo
1692 1042 1748 1075 est

177 1094 353 1129 minuam.
380 1105 468 1129 nam
497 1094 551 1128 ait
578 1094 720 1128 Ennius
747 1093 932 1130 «navibus
953 1104 982 1128 e.
1005 1103 1084 1128 sese
1105 1094 1171 1138 (e‘e
1197 1093 1307 1139 Flor.)
1327 1094 1352 1127 t.
1374 1093 1611 1138 replebant»,
1638 1104 1747 1138 quem

178 1147 296 1192 Caper
321 1149 467 1182 secutus
494 1159 577 1182 cum
603 1148 649 1182 de
673 1147 951 1192 praepositione
977 1158 1022 1182 ex
1049 1147 1229 1181 tractaret
1256 1146 1326 1181 hoc
1355 1146 1566 1192 exemplum
1593 1147 1745 1192 posuit'

177 1201 345 1236 Aliorum
361 1201 688 1246 grammaticorum
709 1200 847 1235 similia
869 1200 1098 1235 tradentium
1120 1200 1337 1235 testimonia
1359 1200 1619 1235 Lachmannus
1640 1199 1748 1235 affert

178 1255 225 1289 ad
246 1254 458 1289 Lucretium
479 1255 528 1299 (1v
548 1255 629 1299 532)
652 1254 809 1288 eandem
829 1255 867 1288 et
885 1253 1009 1298 ipsum
1029 1253 1316 1298 ambiguitatem
1336 1254 1513 1288 secutum.

296 1307 346 1342 VI
369 1309 464 1353 (310)
509 1308 639 1342 Festus
665 1320 700 1352 p.
725 1311 802 1350 140,
819 1311 862 1341 24
882 1307 948 1341 Th.
973 1306 1223 1351 ‘metonymia
1244 1335 1250 1340 .
1274 1335 1279 1340 .
1305 1335 1311 1340 .
1334 1317 1430 1351 quae
1456 1307 1622 1342 continet
1648 1308 1745 1352 quod

177 1361 396 1404 continetur,
417 1362 459 1395 ut
475 1361 616 1395 Ennius
638 1372 721 1395 cum
741 1360 796 1395 ait
816 1360 966 1395 «Africa
985 1361 1010 1394 t.
1027 1360 1169 1395 tremis.
1188 1388 1193 1394 .
1209 1359 1423 1395 tumultu».'
1512 1359 1637 1395 Cicero
1652 1362 1743 1395 orat.

178 1417 232 1456 27,
249 1417 292 1448 93
315 1414 436 1458 ‘quod
463 1424 690 1458 quamquam
715 1413 972 1447 transferendo
1000 1413 1051 1455 fit,
1078 1414 1205 1447 tamen
1226 1413 1299 1448 alio
1319 1414 1429 1448 modo
1450 1413 1644 1448 transtulit
1664 1425 1746 1448 cum

178 1467 273 1500 dixit
292 1466 432 1500 Ennius
453 1477 560 1503 «arce
580 1468 617 1501 et
635 1466 726 1501 urbe
746 1466 898 1502 orbam»
914 1470 1022 1511 (scen.
1039 1468 1109 1511 88),
1125 1466 1198 1501 alio
1218 1466 1328 1501 modo
1350 1467 1380 1501 si
1399 1477 1466 1511 pro
1486 1467 1611 1512 patria
1625 1478 1747 1501 arcem

178 1520 348 1563 dixisset3
375 1521 413 1554 et
439 1519 650 1556 «horridam
672 1519 838 1555 Africam
862 1519 1022 1554 terribili
1047 1521 1204 1554 tremere
1229 1519 1415 1555 tumultu»
1442 1531 1525 1554 cum
1551 1520 1653 1563 dicit,
1679 1531 1746 1565 pro

176 1572 275 1607 Afris
294 1573 469 1607 immutat
487 1572 679 1608 Africam.’
807 1573 910 1607 Idem
930 1573 976 1607 de
996 1574 1087 1607 orat.
1103 1586 1145 1607 111
1168 1577 1225 1616 42,
1243 1577 1309 1607 167
1328 1573 1394 1608 ‘ne
1414 1573 1481 1608 illa
1501 1574 1653 1618 quidem
1671 1575 1747 1608 tra-

177 1625 302 1660 ductio
329 1627 442 1670 atque
466 1625 665 1660 inmutatio
686 1626 725 1660 in
744 1626 854 1660 verbo
876 1626 1065 1671 quandam
1083 1625 1369 1661 fabricationem
1388 1626 1504 1661 habet
1522 1627 1587 1661 sed
1607 1627 1646 1661 in
1665 1638 1745 1661 ora-

175 1679 277 1714 tione
297 1678 448 1715 «Africa
466 1679 625 1713 terribili
646 1679 895 1724 (terribilis
915 1679 1052 1724 mutili)
1073 1680 1212 1714 tremit.
1230 1708 1236 1713 .
1251 1679 1465 1715 tumultu»)
1575 1679 1678 1714 Idem
1698 1680 1746 1714 ad

176 1732 280 1766 Varr.
299 1732 405 1777 epist.
422 1745 459 1766 1x
480 1736 510 1774 7,
526 1737 545 1766 2
570 1733 579 1749 ‘
591 1733 655 1767 sed
675 1733 835 1767 ridicula
853 1733 984 1776 missa3
1004 1733 1224 1777 praesertim
1244 1744 1328 1767 cum
1347 1733 1397 1767 sit
1415 1732 1510 1767 nihil
1531 1733 1629 1777 quod
1650 1733 1746 1767 ride-

177 1797 296 1820 amus:
310 1785 460 1821 «Africa
473 1787 498 1820 t.
512 1787 647 1821 tremit.
663 1815 668 1820 .
682 1786 895 1822 tumultu».'
913 1785 964 1821 Of.
975 1785 1092 1821 Varro
1107 1787 1174 1820 sat.
1188 1789 1256 1821 225
1269 1786 1307 1820 B.
1317 1798 1408 1820 mus.
1418 1786 1535 1820 Rhen.
1544 1799 1607 1821 x1v
1619 1799 1654 1831 p.
1664 1790 1744 1820 424.

295 1839 363 1873 VH
383 1840 478 1884 (311)
517 1839 697 1874 Columna
716 1852 750 1884 p.
773 1843 841 1874 239
865 1840 955 1874 ‘hoc
980 1839 1231 1885 fragmentum
1256 1839 1349 1874 mihi
1369 1850 1388 1873 e
1410 1839 1583 1874 Cosentia
1608 1839 1745 1874 Fabius

176 1892 343 1937 Aquinas
362 1892 481 1927 misit:
504 1893 603 1937 quod
624 1904 646 1927 a
666 1893 829 1938 quodam
849 1903 914 1928 suo
937 1893 1185 1927 vetustissimo
1207 1892 1319 1927 Statii
1338 1892 1541 1937 interprete
1560 1892 1608 1927 M.
1631 1892 1663 1927 S.
1686 1903 1746 1927 ex-

177 1945 329 1990 cerpsit:
351 1945 454 1980 cuius
474 1956 619 1989 nomen,
635 1958 719 1980 cum
732 1946 771 1981 in
785 1946 885 1981 illius
899 1946 987 1980 libri
1000 1946 1185 1991 principio
1200 1947 1238 1980 et
1251 1946 1323 1980 fine
1336 1946 1476 1980 multae
1491 1945 1747 1980 desiderentur

175 1998 348 2043 paginae,
374 2009 523 2043 prorsus
552 1999 756 2044 ignoratur.
788 2000 935 2034 constat
959 2001 1086 2034 tamen
1112 2010 1156 2033 ex
1176 1999 1376 2034 collatione
1395 2010 1469 2034 non
1489 2009 1568 2033 esse
1587 1999 1746 2033 Lactan-

175 2052 296 2086 tium.’
318 2052 411 2086 mihi
430 2063 504 2087 non
525 2052 676 2087 aliunde
695 2052 861 2087 innotuit
885 2052 1147 2098 fragmentum.
1170 2052 1342 2086 similiter
1363 2052 1474 2086 Silius
1494 2065 1559 2086 vm
1579 2055 1646 2086 242
1670 2052 1745 2087 ‘in-

179 2105 307 2139 stincti
325 2106 478 2149 pectora
498 2105 638 2139 Poeni.’

295 2157 379 2191 VHI
392 2159 487 2202 (312)
514 2158 656 2192 Nonius
670 2170 705 2202 p.
723 2162 802 2201 110,
818 2162 836 2192 7
855 2159 865 2175 ‘
875 2158 993 2192 famul
1006 2158 1178 2192 famulus.
1200 2158 1341 2192 Ennius
1355 2157 1419 2192 lib.
1434 2171 1514 2192 vnn
1528 2158 1745 2194 «mortalem

177 2222 360 2245 summum
380 2211 566 2255 (summa
585 2210 686 2245 Harl.
701 2223 748 2246 m.
763 2224 816 2256 pr.
833 2211 927 2246 Flor.
943 2211 1059 2256 Leid.)
1074 2210 1098 2245 f.
1114 2223 1140 2245 r.
1155 2211 1319 2246 reddidit
1335 2222 1473 2247 summo
1492 2222 1606 2257 regno
1626 2212 1746 2256 famul

176 2268 218 2299 ut
231 2265 388 2309 optimus
401 2265 547 2299 esset».'
633 2263 684 2299 Cf.
701 2265 892 2299 Lucretius
907 2277 948 2299 111
964 2267 1054 2299 1034
1071 2265 1082 2281 ‘
1093 2264 1299 2309 Scipiadas,
1314 2264 1404 2299 belli
1424 2264 1575 2308 fulmen,
1592 2265 1744 2300 Cartha-

298 2413 380 2450 312
397 2410 537 2450 Addas
551 2411 674 2457 Quem
692 2424 771 2450 non
881 2413 964 2450 313
987 2425 1006 2450 e
1027 2424 1178 2451 summo
1198 2425 1319 2464 regno
1339 2414 1384 2450 ut
1400 2411 1590 2460 Gifomius
1605 2426 1624 2451 e
1639 2424 1743 2458 sum-

177 2484 241 2510 mo
261 2473 306 2509 ut
324 2484 444 2522 regno
463 2472 635 2520 Scaligrer
654 2473 699 2510 ut
721 2483 872 2510 summo
893 2484 913 2509 e
932 2484 1052 2522 regno
1076 2471 1267 2511 Columna
1399 2472 1557 2510 infimus
1576 2472 1744 2521 Lipsius

178 2525 244 2583 (ef.
264 2531 396 2569 Plaut.
419 2534 514 2579 capt.
539 2539 619 2579 305
642 2544 714 2580 me,
742 2532 809 2580 qui
834 2531 932 2569 liber
957 2531 1119 2581 fueram,
1146 2544 1300 2570 servom
1326 2532 1430 2581 fecit,
1457 2544 1477 2569 e
1504 2544 1656 2570 summo
1684 2532 1743 2569 in—

177 2585 332 2642 fimum)
358 2591 521 2629 ultimus
541 2591 590 2629 N.
608 2590 739 2628 Faber
865 2589 1062 2628 Orationis
1086 2591 1215 2638 forma
1239 2592 1332 2629 haee
1358 2594 1412 2629 est
1436 2591 1615 2629 Fortuna
1640 2604 1742 2629 sum-

177 2663 284 2687 mum
313 2650 521 2687 mortalem
546 2650 719 2688 reddidit
745 2643 875 2702 (fecit)
901 2650 946 2687 ut
972 2651 1073 2688 esset
1099 2663 1118 2688 e
1143 2663 1264 2701 regno
1290 2651 1484 2696 famulus;
1510 2651 1678 2697 loquitur
1702 2653 1745 2687 ut

181 2708 382 2747 Terentius
401 2707 526 2747 Andr.
544 2718 629 2757 390
647 2709 711 2747 hic
735 2708 872 2747 reddes
892 2710 1024 2746 omnia
1044 2722 1143 2759 quae
1163 2723 1266 2748 nunc
1286 2711 1379 2748 sunt
1398 2710 1504 2747 certa
1524 2710 1559 2747 ei
1579 2709 1743 2747 consilia

177 2768 328 2805 incerta
347 2769 392 2805 ut
411 2769 524 2816 sient,
543 2769 601 2806 vel
619 2769 787 2806 Plautus
807 2768 926 2806 aulul.
949 2777 1032 2815 443
1054 2781 1126 2820 ego
1145 2771 1184 2807 te
1203 2770 1348 2807 faciam
1370 2769 1612 2806 miserrimus
1640 2780 1742 2806 mor-

178 2827 271 2865 talis
291 2827 351 2865 uti
371 2828 434 2875 sis,
457 2830 490 2864 et
507 2839 621 2875 saepe
639 2828 835 2873 similite&
848 2829 1010 2866 ceterum
1028 2829 1126 2867 nihil
1146 2831 1201 2867 est
1218 2829 1318 2877 quod
1337 2829 1556 2875 temptetur:
1570 2827 1617 2874 cf.
1632 2828 1739 2865 relat.

181 2886 288 2924 acad.
311 2898 345 2924 a.
368 2883 474 2922 1888
493 2899 535 2935 p.
553 2894 606 2934 45
625 2898 702 2934 sqq.

1703 2974 1705 2976 ’
1739 2978 1743 3005 ὶ
