2020 3334
362 215 476 250 LXIV
918 214 945 249 I.
971 213 1200 249 HISTORIA
1223 213 1360 249 ENNII

362 329 475 366 erant
505 328 586 364 iam
617 326 734 364 nimis
765 326 893 364 multa
923 327 1025 364 sunt.
1057 325 1195 375 Nuper
1220 326 1326 364 enim
1356 325 1428 364 Ed.
1447 325 1704 365 Woelfflinus
1735 321 1797 380 (in
1823 338 1921 365 mus.

362 386 485 424 Rhen.
511 398 536 422 L
559 385 670 423 1895
691 398 728 434 p.
753 379 855 437 152)
887 397 966 422 non
1003 397 1122 423 sanae
1158 384 1372 435 cupiditati
1407 397 1542 424 versus
1572 385 1694 423 Ennii
1730 398 1777 424 ex
1806 384 1922 423 Livio

362 444 624 494 recuperandi
654 456 727 482 sua
758 445 996 482 auctoritate
1026 456 1173 482 novum
1209 444 1404 482 fervorem
1441 444 1596 482 addidit
1631 457 1758 493 neque
1796 444 1924 482 defuit

363 515 570 542 successor.
609 503 770 540 Etenim
806 514 896 541 cum
933 503 1039 552 apud
1069 502 1230 541 Livium
1260 497 1322 555 (111
1350 504 1418 551 41,
1447 497 1520 556 18)
1551 503 1701 554 legeret
1737 507 1772 542 et
1799 504 1924 542 sicubi

363 566 418 601 est
447 565 655 606 certamen,
690 563 809 600 scutis
838 563 964 610 mayis
995 574 1113 610 quam
1142 562 1289 611 yladiis
1322 564 1471 611 yeritur
1506 573 1586 607 res,
1623 562 1797 600 advertit
1834 575 1925 600 eum

363 623 460 660 haec
491 621 710 669 collocatio,
742 633 842 670 quae
873 620 1095 670 pedestrem
1126 622 1358 671 scriptorem
1388 634 1530 671 parum
1559 621 1726 670 deceret,
1760 624 1800 659 et
1831 622 1926 670 quia

363 681 599 719 meminerat
624 680 730 730 apud
748 680 923 717 Ennium
950 681 1031 731 legi
1054 682 1181 719 iniicit
1202 682 1399 725 inritatus,
1424 683 1522 719 tenet
1545 691 1714 725 occasus,
1737 682 1849 719 iuvat
1864 691 1926 718 res

365 742 405 778 et
427 739 590 787 pavitur
620 751 639 778 e
662 739 787 777 mecho
816 741 1022 787 sapientia,
1057 741 1098 778 vi
1124 741 1274 788 qeritur
1303 751 1376 784 res,
1407 740 1600 778 conclusit
1623 740 1831 788 rationem,
1860 739 1926 776 Li-

365 801 475 837 vium
504 799 605 837 hanc
634 798 854 836 hexametri
884 799 1123 848 particulam
1149 801 1299 847 yeritur
1328 810 1390 837 res
1421 799 1469 837 ab
1495 799 1623 836 Ennio
1655 800 1824 848 petitam
1849 810 1927 836 ser-

366 870 488 896 vasse.
520 857 644 895 Miror
673 858 747 895 hoc
777 857 969 895 iudicium
999 858 1041 895 in
1071 858 1229 896 homine
1261 858 1295 896 si
1321 859 1408 907 quis
1434 858 1535 896 alius
1559 857 1667 895 Livii
1690 857 1927 906 Livianique

367 917 557 956 sermonis
588 917 840 966 peritissimo.
876 917 981 954 Nam
1011 930 1059 954 ne
1097 916 1243 966 dicam,
1280 918 1315 955 si
1350 918 1455 955 recte
1492 917 1810 966 pronuntiaveris
1849 929 1928 954 non

364 976 513 1025 yeritzir
541 987 604 1014 res
635 975 702 1014 sed
729 975 876 1024 ylddiis
903 975 1053 1024 yeritur
1082 988 1144 1014 res
1174 989 1222 1014 ne
1254 976 1385 1014 audiri
1410 976 1568 1025 quidem
1593 976 1833 1025 dactylicum
1857 988 1927 1013 nu-

368 1048 537 1084 merum,
574 1035 782 1073 collocatio
813 1036 909 1083 ista,
948 1047 1048 1084 quae
1079 1036 1321 1085 principium
1351 1035 1430 1072 fuit
1460 1036 1621 1082 erroris,
1655 1035 1838 1083 frequens
1869 1037 1930 1072 est

369 1094 475 1144 apud
499 1093 670 1142 Livium,
700 1094 811 1132 velut
835 1106 861 1130 x
882 1095 950 1142 43,
972 1095 995 1131 6
1027 1094 1095 1132 sed
1125 1096 1298 1132 cominus
1325 1095 1530 1143 gerebatur
1553 1106 1627 1138 res,
1659 1095 1726 1142 44,
1750 1096 1770 1131 1
1800 1094 1848 1132 ab
1874 1093 1930 1131 al-

369 1157 451 1192 tera
469 1155 585 1200 parte
608 1153 769 1201 feliciter
791 1156 898 1201 qesta
922 1165 983 1191 res
990 1167 1005 1199 ,·
1028 1165 1157 1191 xxvm
1177 1155 1213 1202 2,
1236 1154 1259 1190 6
1288 1156 1321 1191 et
1341 1154 1487 1202 yladiis
1508 1155 1593 1202 μενῶ
1616 1164 1678 1191 res
1703 1155 1833 1200 coepta
1858 1155 1933 1199 est;

371 1215 442 1251 aut
461 1225 486 1249 x
508 1212 582 1260 36,
604 1213 657 1249 12
690 1212 785 1250 adeo
816 1213 932 1260 facile
961 1212 1152 1250 inclinata
1181 1224 1243 1250 res
1274 1207 1341 1265 (cf.
1369 1212 1463 1250 ibid.
1488 1207 1562 1265 13)
1598 1212 1662 1250 vel
1694 1224 1790 1250 xxxv
1813 1212 1884 1260 15,
1907 1212 1929 1248 7

370 1274 414 1310 in
444 1272 607 1309 dubium
638 1271 807 1309 adducta
838 1283 919 1309 res:
948 1271 1044 1309 haec
1076 1271 1180 1309 enim
1213 1284 1312 1320 quae
1344 1271 1582 1321 paucissima
1613 1274 1706 1310 sunt
1736 1284 1783 1309 ex
1816 1271 1932 1320 longe

370 1331 552 1380 plurimis
579 1331 648 1378 qui
669 1330 978 1368 consideraverit
995 1330 1195 1381 intelliget
1213 1330 1372 1369 Livium
1390 1331 1491 1368 hanc
1517 1332 1779 1380 postpositam
1798 1342 1934 1368 vocem

371 1389 686 1438 monosyllabam
710 1388 873 1426 minime
899 1388 1113 1428 fastidiisse
1138 1403 1265 1438 neque
1292 1391 1334 1427 in
1360 1402 1406 1427 ea
1424 1402 1465 1427 re
1486 1390 1615 1428 alieno
1635 1389 1812 1439 exemplo
1832 1389 1933 1426 duci.

494 1448 643 1486 Woelff
647 1448 719 1486 lini
750 1448 1016 1498 praeceptoris
1047 1448 1108 1486 sui
1140 1449 1305 1487 consilia
1337 1450 1539 1487 exsecutus
1571 1461 1697 1499 nuper
1722 1448 1760 1486 S.
1781 1446 1824 1486 G.
1847 1447 1933 1486 Sta-

374 1519 491 1557 ceyus
525 1502 585 1559 (in
610 1507 836 1545 Woelfflini
867 1508 971 1545 arch.
998 1520 1025 1544 x
1050 1521 1086 1557 p.
1118 1503 1284 1560 17sqq.)
1316 1520 1405 1546 cum
1436 1508 1520 1546 stili
1550 1507 1709 1546 Liviani
1744 1508 1861 1545 initia
1895 1508 1936 1544 et

373 1579 601 1617 progressus
615 1568 889 1616 pertractaret,
903 1567 946 1604 in
959 1566 1205 1616 praefatione
1225 1568 1264 1605 et
1283 1567 1394 1605 illam
1413 1567 1640 1617 opinionem
1651 1567 1800 1605 Woelff
1803 1567 1877 1604 lini
1896 1568 1936 1603 et

376 1639 477 1674 quae
514 1625 619 1663 idem
649 1627 691 1663 in
722 1625 826 1663 bello
857 1625 1114 1675 Hispaniensi
1144 1626 1292 1664 similia
1322 1627 1553 1675 temptavit,
1587 1626 1635 1663 de
1668 1626 1809 1674 quibus
1841 1624 1935 1674 quid

374 1685 561 1723 sentirem
598 1697 719 1734 supra
749 1698 786 1733 p.
810 1697 891 1721 xxx
924 1685 1024 1733 dixi,
1061 1697 1240 1734 expresse
1271 1685 1474 1734 probavit,
1512 1684 1706 1733 quaedam
1736 1684 1858 1722 etiam
1889 1684 1936 1721 de

377 1743 509 1781 Coelio
534 1743 750 1793 Antipatro
775 1743 896 1780 Ennii
927 1744 1082 1782 aemulo
1113 1745 1154 1781 111
1186 1757 1274 1782 eam
1305 1745 1552 1793 sententiam,
1585 1757 1704 1793 quam
1734 1756 1854 1794 supra
1878 1756 1936 1781 re-

375 1802 551 1852 pudiavi,
582 1802 779 1850 disseruit,
810 1804 853 1839 in
883 1803 972 1852 ipsa
1003 1805 1136 1841 autem
1167 1803 1434 1852 disputatione
1460 1806 1506 1841 ut
1530 1803 1721 1841 Livianae
1746 1803 1937 1841 orationis

377 1862 546 1899 colorem
577 1862 776 1911 poeticum
807 1861 1041 1910 declararet,
1074 1863 1218 1900 multos
1250 1862 1404 1900 dicendi
1435 1862 1570 1901 modos
1604 1863 1672 1911 qui
1702 1864 1795 1900 sunt
1833 1861 1938 1911 apud

376 1920 535 1959 Livium
567 1923 607 1958 et
636 1920 678 1957 in
703 1921 825 1958 Ennii
855 1921 1033 1969 reliquiis
1066 1923 1260 1971 apparent
1285 1923 1355 1959 aut
1380 1922 1485 1971 apud
1511 1922 1610 1960 alios
1636 1924 1784 1970 poetas,
1815 1921 1938 1970 inpri-

377 1981 452 2018 mis
483 1979 724 2030 Vergilium,
761 1981 987 2028 occurrunt,
1026 1982 1067 2018 et
1097 1979 1226 2018 Ennio
1264 1982 1442 2030 principe
1479 1981 1661 2019 inventos
1696 1983 1736 2018 et
1766 1979 1857 2018 inde
1889 1979 1939 2017 ad

377 2038 538 2077 Livium
557 2040 798 2089 propagatos
819 2039 1086 2077 demonstrare
1107 2039 1269 2078 studuit.
1290 2040 1333 2077 In
1357 2040 1498 2088 quibus
1520 2041 1595 2078 etsi
1607 2052 1685 2077 non
1698 2052 1799 2090 nego
1813 2039 1940 2076 multa

379 2098 591 2148 diligenter
621 2100 660 2135 et
691 2099 845 2135 utiliter
876 2111 957 2136 esse
989 2099 1207 2147 observata,
1238 2101 1371 2137 tamen
1402 2099 1572 2136 multum
1603 2099 1714 2137 abest
1738 2101 1783 2135 ut
1808 2099 1940 2135 omnia

381 2170 482 2206 quae
519 2157 607 2195 vult
644 2170 689 2194 ex
727 2158 950 2195 imitatione
989 2157 1172 2196 Enniana
1208 2157 1366 2196 fluxisse
1404 2159 1623 2196 concedam.
1660 2157 1830 2196 Omnino
1866 2157 1941 2194 hac

380 2218 457 2265 via,
489 2218 535 2254 ut
564 2217 656 2254 hinc
687 2216 799 2254 illinc
830 2217 1009 2255 sublatae
1041 2217 1232 2256 dictiones
1258 2218 1299 2254 in
1324 2220 1465 2267 poetae
1490 2230 1563 2256 usu
1589 2219 1628 2255 et
1653 2216 1759 2266 apud
1783 2216 1942 2254 Livium

381 2275 651 2323 ostendantur,
676 2276 774 2312 mihi
798 2275 883 2314 fieri
909 2288 986 2314 non
1012 2288 1125 2326 posse
1150 2277 1317 2325 videtur,
1349 2279 1395 2314 ut
1419 2289 1512 2315 vera
1536 2278 1681 2314 natura
1706 2276 1854 2324 eloquii
1876 2274 1942 2312 Li-

381 2334 490 2373 viani
524 2336 564 2372 et
595 2334 691 2383 quid
723 2336 775 2372 sit
805 2336 848 2372 in
879 2347 923 2373 eo
955 2335 1105 2374 decoris
1138 2337 1285 2385 poetici
1314 2338 1418 2373 recte
1448 2338 1618 2374 taxetur.
1650 2336 1695 2372 In
1728 2347 1807 2384 qua
1837 2347 1878 2372 re
1909 2334 1943 2371 31

384 2394 479 2442 quid
510 2394 635 2432 sentio
666 2393 739 2431 hoc
770 2394 951 2443 inprimis
984 2394 1181 2444 agendum
1211 2396 1282 2443 est,
1312 2396 1358 2432 ut
1388 2394 1526 2432 Livius
1564 2407 1652 2432 cum
1682 2393 1797 2432 Livio
1832 2405 1943 2431 accu-

383 2453 581 2490 ratissime
607 2453 833 2490 conferatur
863 2454 900 2492 h.
927 2466 958 2491 0.
984 2456 1030 2491 ut
1054 2466 1147 2492 usus
1172 2453 1361 2491 Livianus
1387 2454 1646 2491 subtilissima
1671 2453 1943 2491 observatione

384 2513 521 2561 pateat
550 2513 677 2549 totus:
708 2513 772 2549 vel
803 2525 929 2561 pauca
962 2525 1062 2561 quae
1094 2525 1214 2562 supra
1238 2513 1356 2562 tetigi
1381 2513 1564 2550 videntur
1588 2512 1736 2549 indicio
1761 2523 1857 2558 esse,
1888 2511 1943 2548 sic

384 2570 541 2608 demum
561 2570 772 2609 diiudicari
790 2583 904 2621 posse
921 2584 1020 2620 quae
1040 2571 1147 2609 Livii
1165 2573 1327 2621 propria
1347 2573 1427 2609 sint
1446 2574 1486 2609 et
1506 2584 1605 2620 quae
1627 2572 1766 2609 aliena.
1793 2570 1943 2608 Deinde

387 2642 463 2678 quo
495 2642 597 2667 nunc
626 2630 686 2667 uti
712 2630 839 2668 solent
864 2631 1122 2669 concludendi
1146 2631 1274 2680 modo,
1305 2632 1351 2668 ut
1375 2644 1421 2668 ex
1447 2630 1596 2668 duobus
1622 2631 1726 2668 notis
1755 2630 1946 2680 colligant

386 2690 550 2726 tertium
582 2689 686 2737 quod
712 2691 771 2727 est
795 2691 987 2739 ignotum,
1018 2691 1052 2728 is
1078 2690 1177 2727 mihi
1201 2691 1359 2728 videtur
1384 2690 1598 2728 seminator
1623 2702 1705 2727 esse
1731 2689 1946 2726 multorum

386 2749 566 2786 inanium
597 2749 636 2786 et
666 2749 974 2786 incredibilium:
1007 2750 1101 2797 quia
1125 2749 1197 2787 hoc
1221 2749 1341 2787 habet
1364 2748 1501 2786 Livius
1528 2750 1568 2785 et
1590 2749 1711 2786 habet
1734 2747 1947 2798 Vergilius,

390 2808 459 2855 qui
487 2806 648 2844 tandem
680 2820 725 2843 ex
757 2820 802 2845 ea
833 2820 874 2845 re
901 2808 985 2845 sola
1011 2809 1296 2846 consectarium
1321 2807 1403 2856 fiat,
1428 2820 1519 2857 ergo
1547 2808 1621 2845 hoc
1646 2807 1843 2856 peperisse
1867 2806 1946 2843 En-

389 2864 526 2903 nium?
557 2865 738 2915 Denique
776 2868 818 2904 in
848 2868 911 2915 iis,
944 2880 1043 2916 quae
1079 2880 1199 2917 supra
1237 2867 1342 2917 apud
1373 2866 1531 2904 Livium
1568 2867 1741 2904 concessi
1778 2867 1947 2903 retinere

390 2925 621 2962 memoriam
652 2925 784 2974 Ennii,
815 2938 877 2964 res
910 2928 949 2964 et
979 2928 1177 2965 sententia
1208 2928 1450 2964 momentum
1481 2926 1691 2973 faciebant,
1723 2927 1761 2962 et
1791 2925 1864 2964 hoc
1889 2925 1948 2962 ita
