2004 3278
739 211 999 247 ANNALIUM
1026 212 1112 247 LIB.
1134 213 1149 247 I
1628 212 1718 249 CLV

160 324 248 363 dem
273 335 362 362 cum
386 323 688 373 reprehenderet
712 324 896 373 Ennium,
921 336 1000 362 non
1024 324 1101 363 nisi
1127 324 1174 363 de
1200 324 1313 364 annis
1339 325 1609 365 communibus
1635 338 1718 365 sen-

159 383 303 422 tiebat:
329 394 456 432 neque
476 395 568 422 vero
590 383 679 422 aliis
698 395 815 422 usum
835 395 916 421 esse
935 384 1095 433 poetam
1116 383 1348 424 Censorinus
1367 385 1413 423 de
1434 384 1496 423 die
1515 386 1595 423 nat.
1617 398 1646 423 c.
1665 387 1717 424 19

159 443 330 482 testatur
355 438 448 495 (inc.
469 437 619 496 xxxn):
644 443 712 481 hoc
737 444 883 490 tempus
908 436 978 494 (sc.
1006 438 1151 495 annus)
1177 446 1266 491 quot
1289 444 1440 483 dierum
1459 447 1552 483 esset
1570 445 1623 483 ad
1641 456 1717 484 cer-

160 505 241 541 tum
264 502 438 540 nondum
463 502 645 550 astroloyi
669 502 836 549 reperire
853 504 1073 548 potuerant.
1105 502 1306 541 Philolaus
1331 499 1480 542 amcam
1501 505 1720 543 naturalem

160 563 242 600 dies
253 561 391 600 habere
397 561 575 609 prodidit
589 572 775 599 occzxmr
785 563 819 599 et
836 560 1083 598 dimidiatum
1097 590 1105 598 .
1122 591 1128 597 .
1146 590 1153 598 .
1174 563 1214 599 at
1232 564 1359 600 noster
1375 562 1532 601 Ennius
1549 575 1665 602 occu
1671 575 1718 601 VJ.

163 620 302 659 Altera
320 619 533 658 Niebuhrii
550 619 666 669 ratio,
692 632 814 669 quam
833 619 1112 668 simpliciorem
1130 619 1214 669 ipse
1235 620 1461 670 arbitratur,
1485 623 1532 659 ut
1551 623 1610 660 est
1629 623 1718 660 sim-

161 680 305 730 plicior
330 692 376 718 ac
400 678 644 729 probabilior
667 679 732 717 vel
758 691 815 726 eo,
841 678 949 727 quod
972 679 1006 716 is
1032 680 1296 717 trecentorum
1322 680 1488 730 triginta
1512 681 1633 718 trium
1652 694 1719 719 an-

160 752 301 778 norum
325 752 511 778 numerus
536 738 628 776 huic
653 739 793 788 poetae
818 737 979 775 minime
1010 738 1222 786 peculiaris
1255 740 1356 778 esset
1385 739 1554 788 futurus,
1584 740 1642 778 ita
1672 753 1719 778 ne

160 798 310 838 leviora
342 798 539 849 attingam
569 799 658 847 ipsa
690 797 810 835 Ennii
840 797 951 846 poesi
983 796 1192 845 evertitur,
1229 798 1261 835 si
1293 797 1451 847 quidem
1482 811 1619 837 verum
1650 801 1720 848 est,

161 857 265 908 quod
291 870 410 908 supra
435 858 658 905 statuimus,
683 856 899 895 Romulum
924 857 1108 905 nepotem
1132 855 1252 895 fuisse
1276 856 1431 896 Aeneae
1457 870 1527 896 nec
1551 858 1720 908 amplius

161 918 456 969 quinquaginta
482 917 596 955 annis
623 916 671 954 ab
696 916 862 954 interitu
887 915 1028 953 Troiae
1053 913 1201 953 Romae
1234 916 1425 967 originem
1451 917 1634 956 abfuisse.
1665 917 1722 956 Ut

160 977 284 1028 igitur
307 977 471 1025 Ennius,
503 989 579 1026 quo
607 975 701 1014 anni
727 974 967 1025 septingenti
996 974 1254 1023 efficerentur,
1286 975 1434 1014 Romae
1466 975 1573 1014 urbis
1604 976 1722 1015 initia

160 1050 208 1075 ne
232 1048 323 1075 raro
350 1036 508 1086 quidem
532 1036 596 1074 vel
616 1035 811 1086 singulari
830 1034 1007 1084 exemplo
1026 1035 1067 1071 in
1087 1033 1217 1072 medio
1238 1035 1393 1073 saeculo
1413 1047 1516 1074 nono
1535 1036 1720 1085 posuerit,

160 1109 208 1134 ne
234 1096 290 1135 sic
315 1095 473 1145 quidem
498 1096 610 1134 ratus
629 1094 678 1133 ab
699 1094 805 1133 omni
824 1095 937 1143 parte
958 1093 1130 1132 calculus
1151 1093 1292 1132 evadit.
1319 1094 1598 1134 Eratosthenes
1619 1095 1721 1133 enim

161 1167 250 1194 cum
281 1155 441 1194 Troiam
475 1156 634 1204 captam
666 1166 748 1193 esse
781 1166 815 1192 a.
845 1153 957 1192 1184
986 1166 1019 1191 a.
1048 1152 1135 1191 Chr.
1161 1166 1198 1190 n.
1225 1154 1512 1203 constituisset,
1543 1154 1658 1191 illum
1689 1154 1722 1192 si

161 1214 399 1264 sequebatur
418 1214 583 1264 Ennius,
604 1225 846 1263 consequens
868 1214 927 1252 est
945 1212 1036 1250 inde
1057 1211 1105 1250 ab
1126 1225 1170 1250 eo
1189 1213 1366 1262 tempore
1386 1213 1434 1251 ad
1454 1215 1594 1262 poetae
1615 1215 1720 1252 aeta-

159 1276 241 1313 tem
271 1286 351 1312 non
382 1275 652 1325 septingentos
685 1272 751 1312 sed
785 1272 894 1311 mille
926 1271 1082 1310 circiter
1113 1284 1235 1310 annos
1271 1272 1544 1311 intercessisse.
1584 1273 1722 1322 Neque

159 1335 293 1373 tamen
325 1333 510 1372 credibile
542 1334 602 1372 est
632 1345 762 1371 rerum
788 1330 1027 1370 Graecarum
1059 1331 1344 1381 peritissimum
1368 1333 1524 1382 poetam
1551 1332 1599 1370 ab
1625 1332 1722 1370 Era-

159 1392 341 1432 tosthene
373 1394 492 1443 atque
539 1392 635 1431 adeo
672 1392 754 1431 iam
792 1392 883 1430 ante
914 1391 1218 1430 Eratosthenem
1256 1390 1304 1429 ab
1342 1391 1431 1430 aliis
1463 1392 1721 1430 constitutam

160 1453 356 1492 Troianae
382 1452 622 1491 calamitatis
649 1452 821 1490 aetatem
845 1451 1057 1501 ignorasse,
1085 1451 1284 1500 cognitam
1302 1450 1414 1489 illam
1434 1452 1473 1489 et
1492 1450 1722 1499 adhibitam,

159 1514 205 1550 ut
235 1512 434 1560 novimus,
467 1512 515 1550 ab
546 1510 667 1549 Ennii
699 1510 863 1560 aequale
895 1508 1056 1548 Catone.
1098 1508 1154 1548 Of.
1186 1508 1455 1560 Schweglerus
1475 1510 1499 1548 l.
1520 1510 1544 1547 1.
1565 1524 1601 1560 p.
1624 1511 1719 1548 410.

161 1570 264 1616 Quid
289 1569 440 1621 igitur?
465 1571 525 1610 Ne
551 1572 659 1609 certa
683 1569 958 1608 incertioribus
984 1568 1069 1620 regi
1095 1570 1165 1608 aut
1185 1570 1311 1607 everti
1328 1570 1542 1619 patiamur,
1567 1569 1721 1607 Ennius

159 1630 358 1680 putandus
385 1631 444 1669 est
468 1630 598 1670 nescio
619 1629 760 1679 quibus
779 1629 1002 1668 rationibus
1024 1630 1093 1667 aut
1112 1641 1228 1678 quem
1247 1628 1495 1679 potissimum
1521 1630 1722 1667 auctorem

160 1691 316 1729 secutus
341 1691 517 1740 tempore
543 1691 626 1728 tam
650 1689 862 1728 removisse
883 1688 1023 1727 Troiae
1047 1688 1316 1727 calamitatem
1336 1700 1456 1738 quam
1474 1687 1623 1726 Romae
1642 1688 1720 1738 pri-

160 1749 314 1789 mordia
338 1749 592 1799 promovisse.

277 1808 386 1847 Haec
410 1822 472 1847 me
498 1808 671 1847 nondum
690 1807 889 1858 paenituit
909 1807 1122 1857 scripsisse,
1148 1819 1388 1857 quamquam
1407 1806 1506 1844 nihil
1525 1806 1575 1845 iis
1595 1806 1722 1845 decla-

158 1869 240 1907 rari
259 1868 464 1907 Ribbeckii
484 1868 712 1907 humanitas
734 1867 908 1906 affirmat
927 1861 1043 1919 (mus.
1063 1867 1186 1905 Rhen.
1207 1878 1232 1903 x
1250 1866 1361 1904 1856
1382 1879 1418 1915 p.
1441 1867 1524 1904 272
1534 1860 1628 1919 sq.);
1656 1865 1722 1905 sed

160 1927 357 1978 duplicem
382 1927 591 1966 Niebuhrii
616 1927 811 1966 rationem
836 1926 997 1976 probari
1022 1939 1100 1964 non
1130 1937 1243 1974 posse
1275 1925 1374 1963 mihi
1405 1925 1532 1963 adhuc
1562 1937 1721 1975 persua-

160 1987 291 2035 detur3
324 1989 364 2026 et
395 1987 563 2037 cyclicos
594 1987 753 2036 quidem
784 1998 907 2024 annos
939 1985 989 2024 ab
1014 1985 1144 2023 Ennio
1175 1984 1349 2035 intelligi
1381 1978 1493 2036 (nam
1523 1984 1570 2022 de
1596 1984 1722 2022 altera

159 2047 313 2086 ratione
333 2047 438 2086 infra
458 2041 630 2099 dicetur)
649 2046 803 2085 levibus
824 2044 1056 2095 quibusdam
1079 2043 1330 2093 opinionibus
1351 2042 1491 2092 quibus
1506 2042 1720 2081 Ribbeckio

159 2106 300 2145 lusisse
324 2106 477 2156 placuit
502 2106 626 2144 nihilo
654 2104 879 2143 credibilius
908 2103 1095 2142 redditur.

278 2165 414 2204 Aliam
438 2165 547 2203 viam
571 2165 837 2202 Mommsenus
865 2163 959 2200 iniit
984 2156 1228 2214 (chronolog.
1254 2160 1364 2199 Rom.
1385 2173 1422 2210 p.
1446 2161 1527 2198 152
1537 2155 1626 2213 sq),
1653 2161 1721 2210 qui

163 2236 240 2274 quo
267 2236 390 2262 annos
417 2223 467 2262 ab
493 2224 660 2274 augurio
686 2222 795 2261 urbis
822 2222 872 2261 ad
897 2221 1019 2259 Ennii
1044 2221 1216 2259 aetatem
1242 2219 1510 2271 septingentos
1538 2219 1721 2267 efficeret,

160 2296 239 2322 non
265 2296 288 2322 a
313 2283 440 2321 Roma
466 2282 626 2321 condita
657 2282 725 2321 sed
757 2281 805 2319 ab
831 2280 988 2319 Aeneae
1020 2279 1192 2318 adventu
1222 2280 1265 2317 in
1289 2279 1451 2317 Italiam
1476 2278 1720 2328 Lavinioque

160 2343 306 2392 oppido
339 2343 550 2390 exstructo,
583 2354 683 2391 quae
714 2352 776 2380 res
809 2340 965 2379 saeculo
996 2340 1078 2377 fere
1109 2339 1145 2376 h.
1173 2352 1204 2377 e.
1236 2338 1363 2376 tribus
1394 2340 1545 2390 γενεαῖς
1570 2338 1719 2376 Romae

163 2403 358 2453 originem
384 2402 668 2449 antecessisset,
694 2400 892 2450 principia
911 2398 1018 2436 urbis
1039 2398 1130 2436 duci
1148 2397 1317 2447 putabat
1336 2397 1622 2448 auguriumque
1642 2396 1721 2435 dici

160 2474 384 2500 mensarum
399 2462 722 2510 consumptarum
737 2472 851 2498 omen
866 2471 888 2496 a
901 2457 1080 2509 Vergilio
1094 2458 1299 2495 narratum
1308 2450 1423 2509 (Aen.
1438 2468 1496 2494 vn
1512 2457 1532 2493 1
1542 2456 1593 2493 16
1603 2450 1719 2508 sqq).

163 2519 240 2559 Sed
265 2533 313 2559 ne
338 2520 412 2558 hoc
439 2520 597 2570 quidem
622 2519 828 2569 probabile
852 2517 1011 2556 videtur
1034 2528 1106 2555 nec
1126 2516 1222 2566 quid
1241 2515 1416 2554 obstaret
1434 2515 1721 2554 Mommsenum

160 2580 292 2628 ipsum
317 2580 439 2630 fugit:
472 2591 565 2617 nam
590 2591 662 2617 nec
688 2578 809 2616 Ennii
833 2577 954 2615 verba
984 2588 1110 2625 neque
1141 2588 1234 2614 vero
1260 2574 1452 2613 Varronis
1485 2575 1553 2623 qui
1584 2572 1722 2612 attulit

160 2639 247 2687 pati
259 2638 444 2678 videntur
459 2635 686 2689 ‘augustum
707 2637 919 2688 augurium
938 2648 1015 2685 quo
1035 2635 1175 2673 inclita
1194 2634 1353 2673 condita
1372 2634 1498 2671 Roma
1518 2629 1590 2671 est’
1612 2632 1720 2670 aliud

161 2698 335 2749 intelligi
367 2710 486 2747 quam
519 2710 596 2747 quo
629 2698 745 2746 capto
772 2695 924 2733 Ennius
954 2693 1132 2733 versibus
1163 2694 1374 2732 luculentis
1403 2692 1485 2731 edit
1508 2691 1719 2729 Romulum

160 2756 298 2795 urbem
323 2756 552 2795 condidisse.

280 2815 484 2854 Postremo
510 2815 553 2853 L.
574 2815 788 2853 Muellerus
813 2813 890 2851 sibi
915 2813 1022 2851 visus
1049 2814 1108 2851 est
1133 2812 1296 2850 solvisse
1324 2809 1591 2859 quaestionem
1611 2820 1634 2845 a
1653 2820 1718 2844 ne-

161 2875 266 2912 mine
292 2874 386 2912 dum
411 2875 593 2922 solutam,
627 2874 695 2923 qui
719 2873 870 2923 Ungeri
895 2872 1164 2922 disputatione
1197 2865 1312 2922 (mus.
1333 2869 1454 2906 Rhen.
1474 2878 1583 2905 xxxv
1605 2866 1717 2904 1880

161 2945 198 2981 p.
222 2928 295 2986 24)
322 2935 367 2971 ut
391 2933 550 2972 videtur
575 2933 800 2972 admonitus
825 2932 868 2970 in
892 2931 994 2970 libro
1021 2943 1137 2981 quem
1162 2930 1257 2968 fecit
1282 2928 1328 2966 de
1349 2926 1392 2972 Q.
1413 2926 1541 2964 Ennio
1566 2926 1609 2963 in
1637 2925 1717 2963 stu-

1787 2973 1791 2997 ³
