2004 3278
688 682 1004 727 ANNALIUM
1035 682 1142 726 LIB.
1167 682 1187 725 I

929 789 945 822 I

162 854 182 894 1
217 852 364 894 Musae
397 866 504 907 quae
535 851 714 906 pedibus
745 864 949 906 magnum
981 849 1161 905 pulsatis
1194 848 1425 905 Olympum

923 955 957 989 II

159 1019 186 1060 2
219 1017 364 1060 Musas
395 1032 498 1072 quas
531 1019 780 1071 memorant,
811 1030 938 1058 nosce
969 1030 1047 1058 nos
1079 1031 1169 1058 esse
1203 1015 1409 1059 Camenas

917 1121 968 1155 ΙΠ

163 1184 190 1225 3
221 1182 335 1227 Nam
365 1183 476 1226 latos
508 1182 691 1238 populos
722 1198 789 1225 res
821 1185 948 1238 atque
979 1184 1178 1237 poemata
1208 1185 1354 1224 nostra

159 1255 188 1296 4
1101 1253 1300 1296 eluebant

280 1383 367 1417 LIB.
389 1383 405 1417 Ι
453 1383 470 1416 Ι
490 1384 539 1428 (1)
565 1382 682 1417 Varro
708 1393 775 1417 rer.
797 1383 885 1417 rust.
907 1392 923 1416 Ι
945 1386 974 1424 1,
996 1386 1017 1416 4
1046 1382 1236 1426 ‘quoniam
1262 1383 1305 1416 ut
1330 1381 1436 1416 aiunt
1461 1382 1522 1416 dei
1547 1380 1727 1416 facientes

163 1436 353 1478 adiuvant,
381 1436 484 1481 prius
510 1435 690 1470 invocabo
716 1447 777 1470 eos
802 1446 870 1470 nec
895 1436 938 1470 ut
959 1436 1139 1470 Homerus
1166 1436 1204 1469 et
1229 1435 1369 1469 Ennius
1395 1435 1520 1470 Musas
1547 1435 1612 1469 sed
1638 1434 1727 1468 duo-

164 1490 285 1525 decim
315 1490 402 1524 deos
429 1489 640 1524 consentis'
762 1489 865 1523 Idem
891 1489 937 1523 de
963 1488 985 1522 1,
1008 1489 1045 1522 L.
1068 1501 1119 1523 v11
1141 1491 1183 1522 19
1213 1488 1344 1522 ‘Ennii
1366 1489 1476 1534 [scen.
1501 1489 1583 1534 150]
1607 1516 1612 1521 .
1637 1516 1642 1521 .
1667 1516 1672 1521 .
1698 1487 1730 1506 2⁰

164 1543 316 1579 «Musae
349 1555 382 1587 q.
409 1542 568 1587 pedibus
600 1554 773 1588 maynam
804 1542 963 1587 pulsatis
997 1541 1219 1587 Olimpum».
1258 1541 1402 1576 caelum
1435 1542 1565 1576 dicunt
1597 1540 1729 1575 Graeci

165 1595 363 1640 Olimpum,
390 1596 554 1631 montem
578 1595 617 1629 in
642 1594 864 1630 Macedonia
889 1606 1031 1630 omnes:
1059 1606 1081 1630 a
1107 1606 1179 1639 quo
1205 1595 1329 1639 potius
1349 1596 1440 1639 puto
1461 1594 1586 1629 Musas
1607 1594 1727 1628 dictas

164 1648 423 1693 Olimpiadas.’
525 1648 670 1683 Servius
684 1648 724 1682 in
736 1648 826 1683 Aen.
842 1661 879 1682 XI
894 1652 962 1683 660
984 1648 1171 1693 ‘pulsantz
1187 1648 1328 1682 Ennius
1343 1648 1391 1682 ad
1405 1648 1529 1682 Musas
1545 1647 1704 1694 (enniu
1714 1658 1729 1680 s

163 1712 314 1737 musae
335 1701 484 1737 Carolir.
502 1701 627 1747 Sang.)
649 1712 768 1747 «quae
783 1702 939 1746 pedibus
959 1701 1171 1747 (pedibus
1192 1713 1261 1736 om.
1278 1701 1412 1746 eidem)
1427 1702 1589 1746 pulsatis
1603 1700 1728 1745 Olym—

164 1767 254 1800 pum
274 1755 425 1800 (olypu
446 1754 596 1790 Carolir.
619 1755 779 1800 olimpi
798 1755 928 1800 Regin.
951 1755 1067 1800 olipi
1086 1754 1286 1800 Hamb.)».’

282 1808 316 1842 H
334 1810 383 1854 (2)
432 1808 550 1843 Varro
577 1809 622 1843 de
648 1808 670 1842 l.
693 1809 730 1842 L.
752 1822 803 1843 v11
824 1811 867 1843 25
896 1809 1055 1843 ‘cornua
1080 1819 1102 1843 a
1128 1819 1278 1843 curvore
1299 1808 1410 1851 dicta,
1433 1808 1533 1853 quod
1552 1807 1731 1852 pleraque

166 1863 395 1906 curvam;Ac
414 1873 506 1906 quas
531 1861 729 1907 (curva.2⁶
743 1862 919 1898 «Musas
946 1872 1056 1906 quas
1089 1861 1267 1906 Scaliger)
1294 1862 1501 1896 memorant
1531 1872 1640 1895 nosce
1666 1871 1731 1895 nos

166 1914 212 1950 ‘effi
231 1926 468 1950 camenarum
492 1915 655 1960 priscum
680 1915 901 1950 vocabulum
926 1915 981 1949 ita
1006 1916 1136 1949 natum
1162 1925 1205 1949 ac
1231 1914 1410 1959 scriptum
1436 1915 1492 1948 est
1517 1914 1619 1948 alibi.
1648 1913 1731 1948 Car-

166 1979 297 2003 menae
317 1968 364 2003 ab
385 1968 516 2003 eadem
536 1968 679 2013 origine
700 1969 786 2003 sunt
805 1968 1041 2003 declinatae.’
1160 1967 1279 2003 Ennio
1300 1967 1467 2013 Scaliger
1485 1967 1628 2009 tribuit,
1650 1978 1733 2001 cum

168 2022 356 2067 superiore
376 2021 568 2056 coniunxit
587 2021 740 2056 Merula.

284 2074 335 2108 III
355 2076 404 2120 (3)
452 2074 526 2109 Inc.
549 2075 595 2109 de
613 2074 679 2109 ult.
702 2074 782 2119 syll.
800 2074 840 2109 G.
856 2075 893 2108 L.
910 2075 952 2109 Κ.
974 2088 1011 2110 1v
1030 2087 1064 2119 p.
1082 2078 1161 2117 231,
1191 2078 1234 2108 16
1257 2075 1407 2109 ‘neutro
1427 2084 1562 2119 genere
1581 2073 1619 2108 in
1640 2073 1732 2108 casi-

290 2199 312 2235 2
345 2197 580 2236 Sententiam
606 2198 720 2235 talem
749 2198 872 2244 faisse
902 2199 1077 2246 suspicor
1103 2197 1199 2236 Grai
1223 2197 1357 2236 Musas
1388 2211 1486 2247 quas
1512 2199 1733 2235 memorant

168 2269 283 2296 nosce
310 2250 409 2310 (sive
433 2258 579 2306 noscet,
604 2250 759 2309 nosces)
786 2269 856 2295 nos
882 2269 965 2295 esse
994 2255 1184 2295 Camenas
1204 2256 1355 2295 Dicere.
1370 2257 1426 2294 Et
1445 2256 1540 2295 Grai
1559 2258 1615 2295 sic
1626 2258 1734 2305 posi-

170 2319 250 2354 tam
274 2315 481 2354 Lucretius
505 2316 718 2354 vindicabit
741 2328 771 2353 11
793 2313 875 2363 629
904 2315 1068 2355 Curetas
1094 2316 1251 2354 nomine
1279 2315 1375 2354 Grai
1395 2329 1493 2366 quos
1513 2318 1735 2354 memorant

169 2375 387 2426 Phrygios;
419 2387 501 2414 esse
529 2374 719 2413 Camenas
746 2375 873 2413 dicere
904 2376 939 2413 h.
965 2387 992 2413 e.
1017 2375 1237 2425 appellare:
1265 2374 1395 2414 Cicero
1430 2375 1495 2423 (de
1524 2378 1604 2414 nat.
1631 2377 1733 2414 deor.

170 2447 200 2471 11
222 2444 289 2482 41,
315 2429 414 2487 105)
446 2435 489 2472 in
519 2433 678 2473 Arateis
711 2447 757 2472 ex
787 2435 848 2473 his
875 2435 1002 2472 altera
1029 2435 1135 2484 apud
1161 2434 1301 2473 Graios
1328 2434 1532 2484 Cynosura
1557 2437 1734 2483 vocatur,

172 2494 300 2530 altera
332 2493 477 2531 dicitur
509 2506 591 2532 esse
623 2493 778 2542 Helice,
813 2506 912 2541 quac
945 2493 1091 2532 Graece
1121 2495 1303 2533 dicamur
1334 2507 1367 2532 v,
1394 2492 1447 2540 36
1474 2492 1540 2533 καὶ
1565 2493 1637 2544 τὴν
1664 2491 1734 2544 μὲν

171 2551 433 2603 Κυνόσουραν
465 2550 666 2602 ἐπίκλησιν
700 2550 891 2600 καλέουσι,
923 2551 995 2603 τὴν
1022 2548 1058 2591 δ’
1081 2551 1215 2605 ἑτέρην
1233 2548 1415 2604 Ἑλίκην;
1447 2554 1593 2592 similia
1619 2554 1734 2598 alibi,-

172 2623 300 2656 nosce,
321 2612 422 2659 quod
440 2612 597 2650 verba-m
615 2613 745 2660 ipsam
765 2613 908 2660 eyreyte
919 2613 1082 2659 ponitur
1096 2607 1163 2665 (ex
1181 2612 1298 2651 factis
1318 2625 1434 2651 nosce
1453 2625 1537 2650 rem
1555 2613 1732 2656 Plautus,

174 2682 293 2719 quam
311 2670 424 2708 varia
450 2670 530 2709 sint
548 2683 694 2721 genera
713 2672 989 2720 poematorum
1014 2683 1129 2709 nosce
1149 2666 1312 2725 Accius)
1337 2675 1468 2710 utram
1493 2672 1591 2718 ferri
1608 2672 1735 2718 possit

174 2741 227 2767 an
239 2741 374 2767 nosces
388 2731 468 2767 sive
481 2732 615 2768 noscet
634 2731 768 2778 reponi
781 2732 960 2777 oporteat,
976 2742 1138 2778 quorum
1156 2733 1361 2778 atramque
1373 2731 1559 2769 orationis
1573 2730 1734 2767 ambitui

173 2789 280 2826 nullo
299 2789 445 2836 negotio
466 2790 746 2827 accommodari
758 2791 922 2836 poterat,
942 2790 985 2827 in
1003 2791 1126 2828 medio
1152 2791 1335 2837 relinquo.
1360 2789 1427 2827 Ex
1452 2790 1542 2827 aliis
1568 2789 1733 2825 aliorum

175 2849 392 2885 commentis
418 2848 538 2894 affero
563 2848 598 2886 I.
619 2848 796 2895 Maehlyt
821 2849 1075 2887 coniecturam
1096 2845 1168 2886 ‘M.
1191 2862 1227 2898 q.
1253 2862 1303 2886 m.
1330 2860 1400 2887 nos
1426 2847 1625 2885 noscimus
1651 2859 1733 2885 esse

178 2902 393 2943 Camenas.'
414 2906 554 2944 harum
573 2920 629 2957 pr.
726 2908 752 2944 4
779 2906 963 2945 eluebant
989 2909 1137 2956 ambiyo
1158 2909 1211 2946 ad
1228 2908 1296 2945 hoe
1316 2907 1529 2955 exemplum
1540 2907 1735 2954 pertinere

246 2982 397 3009 ENNIUS
426 2984 471 3009 ed.
491 2985 617 3009 Vahlen.
1503 2975 1519 3004 1

1770 839 1988 866 EXORDIUM

1830 889 1929 907 1—x11
