2020 3334
813 235 861 270 M.
884 234 1048 270 VARRO
1599 238 1717 272 XXXI

156 358 235 384 non
272 358 362 384 raro
400 346 470 383 aut
507 345 649 383 citasse
680 346 852 384 Ennium
891 349 961 385 aut
999 348 1082 385 eius
1113 347 1333 385 orationem
1363 348 1556 387 imitando
1587 349 1714 386 reddi-

158 404 278 453 disse,
310 403 419 442 cuius
451 404 605 454 generis
637 405 814 454 exempla
847 406 1041 455 quaedam
1069 406 1222 444 Nonius
1254 408 1439 456 servavit,
1471 409 1539 457 qui
1570 408 1715 446 multos

157 464 277 501 Ennii
302 475 437 502 versus
461 464 588 513 ipsius
614 464 782 513 nomine,
808 465 1017 503 nonnullos
1044 477 1132 502 cum
1157 465 1384 515 Menippeas
1404 469 1626 516 excerperet
1645 467 1715 505 sub

156 523 346 561 Varronis
377 522 496 560 titulo
527 523 569 560 in
601 523 917 572 compendiosam
949 524 1168 562 doctrinam
1198 525 1364 562 rettulit.
1426 525 1569 570 Qualia
1607 528 1715 564 sunt:

156 581 521 633 gerontodidascalo
547 594 589 619 1x
624 594 703 620 non
733 582 839 620 vides
871 583 978 630 apud
1010 583 1188 620 Ennium
1219 594 1297 621 esse
1326 586 1512 631 scriptum
1544 582 1614 623 ‘ter
1644 586 1715 623 sub

157 643 279 679 armis
304 642 446 679 ¹malim
476 642 598 679 vitam
628 653 780 680 cernere
811 653 929 689 quam
958 642 1073 679 semel
1108 642 1219 679 modo
1250 639 1408 689 parere'
1441 656 1486 680 ex
1516 644 1653 682 Medea
1679 657 1714 682 v.

155 700 338 738 Bimarco
370 712 423 739 xv
462 712 548 738 cum
586 700 792 748 Quintipor
831 700 996 738 Clodius
1029 703 1080 738 tot
1109 701 1323 739 comoedias
1353 703 1436 739 sine
1466 703 1550 740 ulla
1586 705 1718 750 feeerit

157 760 292 804 Musa,
330 770 395 808 eqo
426 772 550 797 unum
580 760 751 798 libellum
782 771 860 797 non
893 760 1046 804 edolem,
1076 762 1120 797 ut
1150 761 1206 797 ait
1236 760 1406 805 Ennius,
1438 761 1483 798 cf.
1517 762 1590 800 inc.
1612 774 1716 800 xmv.

157 817 304 863 Quibus
338 818 482 856 addam
506 818 695 868 Pompilii
726 819 1068 869 epigrammation,
1100 818 1147 856 de
1173 831 1250 867 quo
1280 831 1399 868 supra
1429 833 1467 868 p.
1494 832 1593 857 XXIII
1626 821 1717 867 dixi,

139 877 262 926 ⁴quod
293 878 420 916 Varro
458 879 500 915 in
538 879 715 916 saturam
739 874 853 923 ’Όνος
884 877 1003 929 λύρας
1036 872 1115 931 (rx)
1146 878 1311 927 recepit,
1352 891 1430 916 non
1471 881 1718 929 cognoscitur

157 949 234 985 quo
273 937 452 985 consilio,
492 938 613 975 Pacvi
649 938 864 985 discipulus
901 938 1024 981 dicor,
1054 948 1176 984 porro
1213 938 1247 975 is
1283 939 1361 984 fuit
1396 938 1523 982 Enni,
1561 939 1718 976 Ennius

156 997 381 1041 Musarum,
411 996 628 1044 Pompilius
659 997 796 1035 clueor.
828 996 918 1034 Non
950 997 1153 1034 nominato
1186 996 1313 1034 Ennio
1346 997 1538 1047 sexagessi
1558 1010 1587 1034 11
1613 998 1719 1036 adest

156 1057 227 1103 fam
250 1056 426 1093 involuta
450 1056 640 1100 incendio,
667 1057 824 1105 sumpta
851 1068 896 1093 ex
915 1055 1140 1094 Alexandro
1160 1067 1232 1093 vm
1251 1068 1286 1093 v.
1310 1057 1375 1093 63.
1409 1056 1659 1094 Testamento
1673 1068 1718 1094 111

157 1126 175 1152 e
205 1126 291 1152 mea
314 1115 611 1162 philophthonia
641 1117 745 1153 natis
777 1126 870 1163 quos
902 1116 1114 1162 Menippea
1145 1115 1313 1152 haeresis
1343 1117 1539 1153 nutricata
1570 1119 1623 1153 est
1660 1119 1716 1153 tu-

157 1176 254 1211 tores
280 1174 327 1211 do
356 1171 437 1221 ‘qui
461 1185 542 1212 rem
567 1175 789 1213 Romanam
808 1174 1045 1222 Latiumque
1070 1185 1269 1222 auqescere
1293 1170 1425 1212 vultis'
1446 1187 1490 1212 ex
1511 1187 1599 1212 ann.
1622 1176 1716 1213 466.

157 1232 391 1281 Endymion.
418 1245 463 1270 111
494 1234 588 1272 dum
617 1245 789 1272 sermone
820 1234 997 1271 cenulam
1026 1235 1246 1278 variamus,
1283 1235 1429 1271 interea
1461 1229 1599 1272 etonuit
1630 1235 1719 1272 bene

156 1295 371 1339 tempestate
407 1289 559 1331 serena'
599 1306 644 1331 ex
676 1306 764 1331 ann.
800 1293 895 1330 527.
936 1290 1034 1344 Περὶ
1065 1290 1260 1344 ἐξαγωγῆς
1285 1304 1300 1328 1
1330 1305 1535 1340 quemnam
1572 1296 1604 1331 te
1641 1305 1719 1332 esse

157 1351 285 1389 dicam
309 1353 395 1399 fera
420 1354 487 1400 qui
511 1364 634 1390 manu
659 1354 829 1400 corporis
848 1352 1017 1399 fervidos
1036 1353 1203 1399 fontium
1228 1354 1356 1399 aperis
1382 1353 1490 1390 lacus
1514 1354 1719 1400 sanyuz'nis

157 1411 243 1448 coll.
276 1411 433 1460 Thyest.
455 1424 522 1449 vn.
554 1411 751 1449 Prometh.
772 1423 813 1450 VI
837 1412 1031 1449 humanae
1062 1411 1262 1458 quandam
1289 1414 1437 1459 yentem
1466 1413 1601 1459 stirpis
1632 1423 1717 1450 con-

157 1471 293 1517 coquit,
318 1471 446 1518 friyus
466 1471 591 1508 calore
611 1473 723 1518 atque
742 1471 899 1508 humore
918 1470 1154 1508 aritudinem
1172 1472 1304 1508 miscet
1322 1470 1407 1508 coll.
1435 1470 1657 1519 Epicharin.
1678 1483 1718 1508 11.

159 1527 260 1566 Sunt
297 1529 418 1567 etiam
457 1529 537 1567 alia
575 1529 758 1567 Enniana
790 1542 813 1567 a
844 1529 1022 1567 Varrone
1059 1531 1216 1578 praeter
1249 1529 1478 1579 Menippeas
1515 1532 1718 1579 usurpata,

156 1588 266 1626 velut
291 1601 407 1636 quem
433 1588 585 1626 Nonius
617 1601 663 1626 ex
689 1588 976 1637 antiquitatum
1002 1587 1113 1626 libris
1140 1588 1278 1626 attulit
1302 1601 1457 1626 versum
1484 1583 1591 1640 (ann.
1615 1584 1717 1641 617)

157 1660 235 1695 qua
264 1659 422 1685 murum
452 1648 540 1694 fieri
570 1648 707 1692 voluit,
737 1659 922 1696 uryemur
951 1649 995 1686 in
1024 1659 1165 1692 unum,
1203 1649 1237 1685 si
1270 1647 1385 1685 modo
1417 1647 1450 1685 is
1482 1648 1566 1685 iure
1599 1648 1717 1685 Enni—

158 1708 244 1745 anis
276 1706 496 1755 adscriptus
529 1709 605 1755 est,
642 1708 682 1744 et
713 1719 813 1756 quae
844 1706 949 1744 idem
980 1706 1132 1744 Nonius
1167 1718 1212 1744 ex
1250 1707 1424 1744 Varrone
1459 1706 1572 1745 affert
1609 1719 1719 1755 quem

156 1766 322 1804 simulac
351 1766 519 1804 Romam
549 1767 696 1804 venisse
726 1767 823 1804 mihi
853 1767 979 1814 attiyit
1003 1777 1118 1804 aures
1141 1767 1315 1810 nuntius,
1342 1766 1523 1813 eoetemplo
1550 1777 1652 1804 meos
1676 1768 1719 1804 in

157 1826 395 1864 curriculum
420 1826 564 1864 contuli
587 1836 754 1873 propere
771 1825 903 1873 pedes,
935 1837 1035 1874 quae
1061 1825 1157 1862 satis
1183 1837 1303 1874 prope
1329 1825 1512 1863 videntur
1538 1825 1588 1863 ad
1613 1826 1718 1862 simi-

157 1884 366 1922 litudinem
405 1897 539 1922 eorum
578 1884 761 1922 accedere
797 1897 899 1934 quae
938 1897 983 1922 ex
1016 1883 1212 1922 Ciceronis
1250 1885 1472 1922 imitatione
1512 1885 1638 1933 petita
1670 1884 1719 1921 ad

157 1943 407 1994 Iphigeniam
439 1938 548 1996 (vm)
579 1944 705 1982 relata
737 1945 839 1982 sunt.
874 1938 952 1982 Sed
984 1944 1140 1994 singula
1172 1955 1348 1993 quaeque
1381 1943 1428 1982 de
1459 1943 1587 1981 Ennio
1619 1955 1719 1992 quae

159 2015 182 2041 a
206 2003 489 2052 posterioribus
514 2002 682 2041 testibus
709 2016 755 2041 ex
779 2003 973 2041 Varronis
997 2003 1154 2051 scriptis
1181 2002 1408 2051 afferuntur,
1433 2003 1505 2040 hoc
1531 2002 1615 2040 loco
1642 2002 1719 2040 col-

159 2062 280 2112 ligere
312 2063 433 2111 nolui,
465 2074 707 2111 quamquam
736 2062 798 2100 his
825 2074 979 2111 quoque
1005 2061 1193 2100 adhibitis
1220 2074 1264 2099 eo
1289 2063 1416 2112 magis
1441 2061 1620 2110 patefieri
1650 2074 1719 2110 po-

158 2122 237 2159 test
268 2123 418 2170 quanta
442 2133 534 2170 pars
559 2122 819 2170 reliquiarum
845 2121 1117 2159 Ennianarum
1144 2121 1193 2159 ad
1218 2121 1334 2158 unius
1360 2120 1548 2158 Varronis
1574 2132 1717 2157 memo-

157 2181 258 2218 riam
277 2180 422 2219 redeat.
444 2179 520 2218 Sed
541 2180 587 2217 de
608 2181 764 2228 saturis,
783 2180 877 2218 licet
895 2193 1029 2218 earum
1046 2192 1203 2229 quoque
1216 2181 1401 2217 notitiam
1414 2192 1492 2217 non
1505 2178 1718 2216 habeamus

160 2252 204 2277 ex
230 2240 338 2288 ipsis,
371 2240 451 2277 alia
481 2251 542 2277 res
574 2240 643 2276 est.
675 2239 722 2276 In
749 2238 889 2288 quibus
916 2239 1020 2287 quod
1046 2238 1172 2276 Varro
1198 2240 1281 2276 tam
1306 2239 1476 2276 multum
1500 2240 1540 2276 et
1564 2238 1718 2276 varium

158 2310 272 2336 usum
304 2298 521 2336 carminum
546 2298 817 2336 Ennianorum
848 2298 952 2346 fecit,
985 2298 1171 2346 quoniam
1203 2310 1267 2335 eas
1294 2310 1318 2335 a
1341 2298 1477 2335 multis
1509 2297 1599 2347 legi,
1631 2297 1717 2334 doc-

158 2358 211 2395 tis
244 2358 283 2394 et
314 2356 645 2408 intelligentibus,
684 2357 822 2405 voluit,
856 2357 1080 2406 argumenti
1112 2357 1207 2394 satis
1240 2358 1299 2395 est
1329 2357 1406 2394 ista
1439 2358 1568 2394 aetate
1600 2355 1719 2393 Ennii

158 2417 389 2454 memoriam
414 2428 492 2454 non
512 2416 760 2465 obsolevisse,
786 2416 854 2454 sed
873 2427 1007 2454 versus
1027 2416 1270 2454 celeberrimi
1289 2417 1429 2466 poetae
1448 2415 1584 2453 multis
1605 2417 1718 2453 notos

159 2474 279 2513 fuisse
310 2476 374 2513 vel
405 2488 483 2513 non
514 2477 717 2513 nominato
750 2476 918 2513 auctore.

277 2534 444 2573 Uberior
474 2535 562 2573 fons
594 2547 776 2573 versuum
802 2534 1073 2572 Ennianorum
1103 2536 1195 2572 sunt
1220 2534 1312 2572 libri
1340 2535 1385 2572 de
1409 2534 1545 2582 linqua
1569 2534 1719 2572 Latina

160 2594 263 2631 circa
295 2607 328 2632 a.
359 2607 396 2631 u.
433 2595 516 2632 710
555 2594 651 2631 editi
689 2595 728 2632 et
766 2593 816 2632 ad
855 2592 1079 2631 Ciceronem
1116 2594 1236 2632 missi.
1298 2593 1402 2631 Nam
1438 2606 1570 2631 rerum
1600 2594 1716 2630 rusti-

160 2664 294 2690 carum
337 2653 428 2690 libri
471 2653 551 2691 illis
595 2654 830 2702 posteriores
872 2665 1070 2702 perpauca
1111 2652 1276 2701 habent,
1319 2653 1419 2690 illud
1457 2652 1560 2701 quod
1600 2663 1718 2700 supra

161 2705 216 2763 (p.
243 2705 343 2764 xxx)
374 2713 590 2750 memoravi
621 2712 667 2749 de
693 2712 863 2750 Homero
895 2713 935 2750 et
965 2712 1106 2760 Ennio,
1143 2724 1278 2750 versus
1310 2711 1406 2749 duos
1438 2710 1485 2748 de
1522 2711 1717 2748 vetustate

160 2770 268 2808 urbis
305 2770 453 2809 Romae
492 2784 537 2809 ex
575 2771 782 2808 annalibus
820 2772 966 2819 petitos
1002 2765 1104 2824 (501
1122 2766 1217 2823 sq.),
1255 2770 1331 2808 duo
1368 2771 1571 2819 praeterea
1607 2768 1715 2805 testi-

160 2830 310 2878 monia,
355 2830 523 2868 alterum
561 2825 595 2883 (1
627 2832 671 2878 4,
700 2824 743 2883 1)
789 2843 865 2878 quo
909 2830 1174 2881 agriculturae
1217 2830 1414 2879 principia
1457 2827 1590 2866 eadem
1635 2838 1715 2863 esse

162 2887 298 2926 scribit
329 2901 428 2938 quae
459 2889 612 2926 Ennius
645 2888 799 2937 mundi,
837 2901 980 2937 aquam
1011 2893 1154 2928 terram
1185 2890 1360 2927 animam
1391 2890 1424 2925 et
1452 2887 1584 2929 solem,
1617 2897 1716 2933 quae

162 2958 240 2985 non
270 2949 456 2996 poterant
479 2948 557 2986 nisi
588 2949 637 2986 ad
664 2948 945 2997 Epicharmum
971 2942 1054 3000 (ΠΙ)
1085 2949 1233 2996 referri,
1266 2949 1305 2984 et
1330 2947 1496 2984 alterum
1527 2956 1715 2993 perquam
