2020 3334
874 226 975 262 ENN
979 227 1010 262 11
1035 227 1150 263 VITA
1740 229 1788 263 XI

226 340 371 389 ayebat.
404 339 464 377 Ex
490 352 535 378 ea
561 340 665 377 enim
690 340 892 388 memoria,
918 352 1039 390 quam
1065 338 1109 379 O.
1129 339 1293 378 Iahnius
1320 335 1450 394 (relat.
1476 340 1583 391 Lips.
1611 353 1645 379 a.
1671 342 1783 379 1856

225 413 263 449 p.
286 393 483 452 294sqq.)
522 400 676 449 egregie
715 400 932 448 enarravit,
968 399 1084 437 facile
1122 399 1363 450 intelligitur
1399 400 1494 449 quid
1525 401 1645 438 suerit
1683 401 1786 450 quod

227 458 400 496 Ennium
442 460 534 508 post
570 458 677 497 Livii
719 460 898 507 tempora
940 459 982 496 in
1019 458 1217 497 Aventino
1254 460 1386 497 monte
1424 459 1460 497 h.
1488 472 1518 497 e.
1561 460 1662 498 circa
1701 472 1788 498 eam

229 517 364 556 aedem
414 530 513 566 quae
562 517 604 556 in
653 518 762 556 illius
811 517 998 555 honorem
1046 518 1173 567 poetis
1221 518 1557 568 histrionibusque
1607 530 1788 558 concessa

227 578 330 626 erat,
361 577 559 616 habitasse
598 577 731 615 dicant
762 577 803 614 in
836 576 1048 626 eodemque
1080 589 1168 614 cum
1206 577 1336 615 Ennio
1369 578 1623 616 contubernio
1657 577 1786 617 Caeci-

226 636 325 674 lium
362 638 522 686 poetam
559 637 843 675 commoratum
884 648 965 674 esse
1004 630 1251 688 (Hieronym.
1283 650 1320 685 p.
1356 637 1408 674 26
1442 632 1587 689 Reiff)
1631 637 1695 675 Ad
1731 638 1786 675 10-

228 708 315 734 cum
352 695 610 734 habitationis
647 694 752 732 haud
790 694 868 733 scio
907 707 958 733 an
995 695 1198 733 referenda
1236 696 1315 734 sint
1346 707 1447 745 quae
1478 695 1605 734 Varro
1637 697 1683 734 de
1714 697 1788 734 lin-

227 767 305 805 gua
336 754 482 793 Latina
520 751 562 805 (v
590 749 693 806 163)
732 755 960 803 scripserat:
996 767 1089 792 nam
1126 766 1229 792 nunc
1265 755 1356 805 post
1392 767 1581 805 magnum
1615 755 1787 794 intersti-

226 814 329 854 tium
365 814 461 852 haec
498 815 657 852 tantum
694 813 881 864 leguntur
912 834 970 839 —
1011 835 1057 839 —
1089 814 1268 862 liqionem
1299 814 1460 852 Porcius
1499 814 1673 863 desiynat
1703 827 1789 853 cum

227 874 272 912 de
302 873 436 912 Ennio
472 874 642 912 scribens
673 873 766 911 dicit
796 885 882 912 cum
913 873 1073 912 coluisse
1108 873 1302 912 Tutilinae
1338 874 1432 912 loca.
1469 875 1642 922 sequitur
1671 877 1789 922 porta

225 933 380 972 Naevia
419 945 496 982 eqs.
539 932 723 971 Porcium
767 945 883 981 quem
927 932 1022 970 dicit
1066 932 1251 971 Porcium
1294 932 1475 970 Licinum
1517 933 1788 983 intelligimus,

230 992 396 1031 eundem
436 993 507 1041 qui
544 991 590 1029 de
630 992 813 1030 Terentio
853 993 1027 1042 scripsit,
1068 992 1113 1030 de
1155 1004 1232 1041 quo
1270 1004 1403 1031 versus
1441 993 1648 1031 nonnullos
1693 1005 1789 1041 quos

227 1052 375 1090 fecerat
411 1051 574 1090 liberius
612 1053 657 1088 ut
692 1053 811 1101 poeta
848 1063 918 1089 nec
957 1051 1006 1088 ad
1044 1052 1220 1089 exactam
1257 1064 1390 1089 rerum
1427 1051 1543 1089 fidem
1577 1051 1788 1089 Suetonius

227 1112 270 1150 in
306 1111 391 1149 vita
429 1111 667 1149 Terentiana
712 1109 894 1149 servavit.
963 1110 1001 1149 Is
1038 1112 1181 1161 igitur,
1218 1112 1263 1148 ut
1300 1111 1357 1149 ait
1395 1110 1539 1159 Varro,
1577 1111 1623 1149 de
1660 1110 1789 1148 Ennio

228 1171 403 1221 scripsit3
441 1171 551 1209 cuius
591 1171 782 1220 scriptum
814 1182 903 1208 cum
933 1170 1001 1208 ille
1034 1170 1235 1220 cognitum
1265 1169 1428 1208 haberet
1461 1172 1547 1208 tum
1578 1182 1690 1208 nosse
1721 1182 1787 1219 po-

227 1231 308 1269 tuit
340 1229 560 1268 Suetonius.
605 1229 732 1268 Hodie
766 1242 856 1267 cum
888 1229 988 1267 nihil
1020 1230 1097 1267 nisi
1128 1242 1209 1268 una
1241 1231 1437 1268 sententia
1463 1230 1643 1279 supersit,
1675 1241 1789 1279 aegre

228 1289 432 1328 ferendum
470 1291 528 1327 est
567 1289 670 1338 quod
707 1302 754 1327 ne
797 1301 842 1326 ea
886 1288 1044 1338 quidem
1086 1290 1243 1340 integra
1286 1289 1367 1326 frui
1410 1289 1519 1337 licet,
1563 1289 1702 1327 saltem
1747 1290 1790 1326 ut

230 1349 276 1387 de
321 1361 435 1387 sensu
480 1350 694 1387 constaret:
737 1349 959 1398 putaverim
1005 1350 1136 1386 autem
1179 1348 1400 1396 reliqionem
1443 1349 1633 1398 scriptum
1669 1348 1789 1385 fuisse

230 1409 270 1446 et
300 1407 486 1446 Porcium
524 1420 612 1446 cum
642 1408 817 1445 Ennium
849 1407 955 1445 dicat
989 1408 1184 1446 Tutilinae
1220 1409 1303 1446 loca
1335 1408 1494 1446 coluisse
1524 1419 1602 1445 non
1633 1406 1788 1456 proprie

231 1467 297 1506 sed
335 1467 504 1517 figurate
536 1468 712 1505 locutum
744 1479 836 1505 esse.
883 1466 924 1504 Si
961 1468 1065 1504 recte
1104 1467 1313 1514 statuitur,
1348 1466 1452 1515 quod
1490 1479 1535 1504 ex
1567 1465 1701 1504 ordine
1733 1466 1788 1504 lo-

231 1539 364 1565 corum
395 1527 464 1576 qui
496 1528 555 1565 est
587 1526 691 1576 apud
715 1525 934 1564 Varronem
965 1526 1099 1577 colligi
1130 1538 1243 1576 posse
1276 1526 1561 1573 existimarunt,
1596 1526 1790 1563 Tutilinae

229 1587 313 1624 loca
364 1585 413 1623 ad
456 1585 702 1624 Aventinum
744 1586 918 1623 montem
966 1587 1203 1635 pertinuisse
1248 1586 1317 1622 aut
1356 1585 1397 1622 in
1441 1585 1587 1623 vicinia
1632 1584 1789 1633 quidem

231 1644 422 1683 Aventini
458 1645 596 1693 fuisse,
635 1645 684 1683 ad
715 1644 948 1694 Hieronymi
979 1644 1096 1683 fidem
1128 1644 1279 1694 aliquid
1314 1657 1358 1682 ex
1389 1643 1520 1682 Porcii
1550 1643 1694 1681 indicio
1728 1655 1788 1680 ac-

231 1698 443 1757 cesseritss)
507 1704 659 1754 Ecquid
697 1704 799 1742 effici
838 1705 965 1753 possit
1002 1704 1049 1742 de
1087 1704 1207 1742 Ennii
1244 1703 1488 1741 habitatione
1527 1715 1572 1741 ex
1602 1704 1651 1741 iis
1689 1715 1787 1751 quae

233 1763 366 1802 Cicero
404 1763 541 1802 scribit
573 1758 743 1816 (Lucull.
774 1764 839 1811 16,
867 1758 941 1816 51)
973 1775 1068 1801 num
1105 1774 1231 1802 censes
1263 1763 1441 1801 Ennium
1478 1774 1564 1800 cum
1597 1763 1641 1800 in
1670 1763 1789 1799 hortis

231 1836 318 1862 cum
343 1822 475 1862 Servio
505 1823 634 1862 Galba
664 1824 819 1862 vicino
850 1834 931 1861 suo
964 1823 1238 1861 ambulavisset
1268 1823 1411 1860 dixisse
1438 1818 1560 1859 ‘visus
1584 1833 1671 1859 sum
1695 1822 1790 1858 milei

232 1895 318 1922 cum
346 1882 475 1921 Galba
504 1878 732 1931 ambulare',
765 1894 853 1919 cum
879 1881 1045 1920 Galbam
1070 1883 1112 1920 in
1138 1883 1247 1920 cuius
1272 1882 1397 1920 hortis
1425 1880 1647 1919 ambularet
1671 1880 1790 1917 Ennii

230 1943 406 1980 vicinum
437 1941 545 1991 dicit,
576 1941 674 1979 mihi
706 1941 914 1980 obscurum
946 1943 1015 1980 est.

349 2001 446 2040 Vita
471 2014 592 2051 quam
617 2001 764 2040 Romae
791 2001 900 2052 degit
923 2001 1074 2040 Ennius
1100 2000 1294 2050 principio
1322 1999 1478 2050 quidem
1504 1999 1633 2048 qualis
1659 1999 1790 2046 fuerit,

233 2061 467 2100 documento
500 2062 592 2100 sunt
623 2073 723 2110 quae
756 2060 966 2099 Suetonius
997 2061 1039 2098 in
1070 2060 1203 2098 libello
1236 2060 1283 2098 de
1315 2058 1581 2110 grammaticis
1613 2057 1790 2105 tradidit,

233 2134 321 2158 cum
358 2120 405 2158 de
442 2121 568 2158 initiis
600 2121 883 2170 grammaticae
920 2120 1120 2158 Romanae
1158 2120 1217 2158 ita
1253 2119 1360 2157 dicat
1390 2112 1432 2169 (1
1461 2131 1497 2166 p.
1528 2110 1684 2168 lOOR.)
1714 2117 1788 2154 ini-

232 2182 329 2218 tium
356 2180 635 2228 yrammaticae
665 2179 852 2217 mediocre
883 2181 1032 2223 exstitit,
1063 2180 1098 2216 si
1123 2178 1275 2226 quidem
1300 2177 1560 2225 antiquissimi
1585 2176 1790 2219 doctorum,

233 2240 300 2286 qui·
334 2238 452 2277 iidem
489 2241 523 2277 et
551 2241 688 2286 poetae
726 2241 759 2276 ct
793 2239 1017 2286 semiyracci
1054 2240 1180 2282 erant,
1218 2237 1380 2275 Livium
1417 2238 1451 2273 et
1486 2235 1664 2273 Ennium
1695 2234 1790 2278 dico,

233 2309 326 2346 quos
368 2300 531 2345 utraque
570 2298 707 2346 linqua
746 2297 850 2335 domi
891 2298 1062 2345 forisque
1104 2297 1276 2334 docuisse
1318 2296 1545 2334 adnotatum
1587 2296 1650 2338 est,
1692 2293 1791 2331 nihil

233 2357 403 2405 amplius
446 2369 563 2405 quam
606 2356 774 2395 Graecos
816 2356 1170 2403 interpretabantur
1212 2358 1281 2393 aut
1321 2356 1357 2393 si
1399 2354 1493 2403 quid
1534 2354 1611 2401 ipsi
1647 2352 1789 2390 Latine

233 2417 532 2464 composuissent
566 2416 850 2464 praeleyebant.
913 2414 1015 2459 Quos
1057 2414 1204 2453 Graeca
1241 2413 1462 2464 Latinaque
1505 2413 1642 2462 lingua
1685 2411 1790 2448 domi

232 2476 407 2525 forisque
451 2475 626 2514 docuisse
671 2488 694 2513 a
737 2487 814 2524 quo
858 2474 1048 2524 quibusve
1086 2474 1312 2512 adnotatum
1351 2474 1469 2511 fuerit
1506 2473 1539 2510 si
1576 2470 1789 2520 quaeritur,

232 2547 366 2574 rursus
409 2535 625 2573 relabimur
669 2535 718 2572 ad
758 2534 995 2582 Varronem,
1034 2546 1110 2583 quo
1154 2545 1268 2572 nemo
1311 2533 1450 2571 melius
1495 2530 1542 2568 de
1585 2529 1788 2579 principiis

234 2595 517 2645 grammaticae
554 2594 728 2632 iudicare
765 2594 907 2642 potuit.
969 2593 1027 2631 De
1059 2592 1173 2631 Livio
1211 2593 1293 2631 solo
1330 2592 1403 2630 hoc
1433 2590 1538 2628 idem
1569 2589 1632 2626 vel
1662 2587 1788 2626 simile

234 2653 498 2703 Hieronymus
537 2667 582 2692 ex
621 2653 827 2701 Suetonio,
865 2652 932 2691 sed
969 2665 1014 2690 ex
1053 2653 1130 2691 alio
1169 2665 1246 2701 quo
1284 2652 1370 2690 loco
1410 2651 1633 2699 opinamur,
1672 2646 1720 2684 ad
1754 2658 1786 2682 a.

234 2712 381 2750 Abrah.
411 2713 524 2751 1830
556 2707 609 2765 (a.
636 2726 673 2750 u.
701 2725 731 2750 c.
760 2706 864 2764 567)
897 2711 1120 2750 adnotavit:
1158 2712 1202 2749 ob
1240 2711 1385 2759 ingenii
1415 2709 1593 2747 meritum
1623 2718 1648 2743 a
1672 2705 1788 2742 Livio

234 2771 454 2810 Salinatore
491 2773 601 2811 cuius
639 2772 777 2810 liberos
814 2771 1012 2809 erudiebat
1048 2771 1219 2809 libertate
1256 2770 1421 2807 donatus
1462 2769 1551 2812 est‚·-
1577 2764 1622 2801 de
1660 2763 1787 2799 Ennio

353 2908 383 2953 ²⁸)
409 2908 464 2943 De
490 2908 657 2942 Tutilina
689 2910 726 2942 et
757 2906 945 2941 Tutilinae
976 2906 1068 2941 locis
1099 2906 1184 2941 vide
1215 2916 1312 2941 nunc
1338 2904 1378 2938 G.
1405 2902 1586 2936 Wissowa
1619 2898 1787 2943 Reliyion

235 2955 314 2991 und
342 2956 468 2992 Cultus
493 2957 556 2992 der
581 2957 714 2992 Ro'mer
738 2954 938 3000 (Miinchen
966 2956 1070 2999 1902)
1096 2966 1129 2998 p.
1153 2956 1230 2987 195.

1715 3073 1719 3098 l
