2020 3334
646 184 898 222 HORATIUS.
937 187 1235 225 PROPERTIUS
1640 194 1719 229 LIX

281 294 448 333 Horatio
481 296 638 346 oportet
663 296 810 336 amicus
836 299 918 337 eius
945 299 1182 351 adiungatur
1200 301 1323 342 Iulius
1349 303 1499 352 Florus,
1527 304 1576 342 ad
1603 318 1717 354 quem

165 354 264 392 duae
296 355 388 392 sunt
412 353 571 392 Horatii
603 355 792 405 epistolae
823 370 837 394 1
865 358 888 395 3
917 360 955 396 et
979 372 1009 396 11
1037 361 1073 397 2.
1110 361 1169 398 De
1202 373 1277 410 quo
1311 361 1531 412 Porphyrio
1562 363 1719 402 Horatii

164 413 357 464 interpres
389 412 439 451 ad
470 425 485 450 1
512 414 535 450 3
569 416 779 452 memoriae
811 416 1001 465 prodidit:
1039 419 1099 456 liic
1126 420 1275 458 Florus
1305 422 1432 459 scriba
1461 424 1538 470 fuit
1566 426 1719 462 satura-

164 485 252 511 rum
283 473 459 520 scriptor,
497 473 607 510 cuius
637 476 729 511 εαατ
760 474 893 513 electae
925 487 968 513 ex
993 477 1125 515 Ennio
1156 478 1310 517 Lucilio
1349 480 1521 519 Varrone
1550 485 1718 521 saturae.

165 531 422 582 Florilegium
459 531 583 582 igitur
622 531 818 580 quoddam
856 534 1024 572 confecit
1056 548 1131 584 quo
1163 538 1316 576 saturas
1347 538 1568 589 principum
1598 541 1719 578 trium

163 592 386 629 saturarum
418 590 654 641 scriptorum
685 591 854 642 collegit.

281 649 377 688 Post
407 649 620 688 Horatium
651 649 831 689 Tibullus
869 651 1143 690 memorandus
1181 655 1282 692 esset
1318 654 1351 692 si
1390 658 1584 694 constaret
1617 658 1718 706 quod

163 709 268 746 Frid.
294 708 513 747 Hankelius
546 703 606 762 (in
631 708 838 747 Ritschelii
864 710 960 748 actis
993 723 1066 750 soc,
1093 711 1188 761 phil.
1210 711 1422 762 Lipsiensis
1442 727 1467 753 v
1492 729 1528 764 p.
1550 712 1716 768 45sqq.)

164 768 430 807 demonstrare
463 769 624 806 conatus
657 769 727 817 est,
759 770 1040 820 panegyricum
1071 770 1112 807 in
1137 770 1361 810 Messallam
1387 785 1410 810 a
1436 773 1591 811 Tibullo
1618 786 1718 812 com-

163 828 335 877 positum
366 828 408 864 in
440 840 562 876 eoque
595 827 767 865 carmine
799 829 894 866 satis
927 830 1033 866 certa
1071 829 1218 867 indicia
1254 831 1486 870 imitationis
1518 833 1719 871 Ennianae

163 887 356 937 cognosci.
384 885 460 925 Sed
485 899 556 924 nec
574 886 687 924 illam
707 887 898 937 originem
918 889 1147 938 panegyrici
1165 889 1280 927 facile
1301 892 1564 935 concesserim,
1585 904 1719 940 quam-

165 958 283 995 quam
316 945 478 983 dubium
509 958 587 984 non
620 946 678 985 est
704 946 785 984 eius
813 948 1012 985 auctorem
1038 947 1185 985 Tibulli
1212 949 1339 986 aetate
1366 950 1497 997 fuisse,
1530 963 1653 999 neque
1679 951 1718 988 in

163 1004 340 1043 versibus
380 1005 512 1043 allatis
551 1017 637 1043 eam
676 1005 976 1043 similitudinem
1013 1019 1102 1044 cum
1139 1007 1330 1046 Ennianis
1368 1021 1574 1058 agnoscere
1617 1011 1718 1058 licet,

165 1077 265 1114 quae
297 1064 448 1102 auctori
480 1064 601 1102 Ennii
633 1065 808 1103 carmina
838 1066 933 1103 nota
964 1065 1083 1103 fuisse
1115 1066 1263 1116 probet.

281 1123 479 1174 Propertii
517 1122 616 1162 duae
655 1125 747 1162 sunt
784 1124 949 1174 elegiae,
989 1137 1088 1173 quae
1123 1125 1239 1162 Ennii
1278 1126 1515 1164 mentionem
1553 1128 1719 1165 faciunt:

161 1196 203 1222 iv
226 1184 262 1232 1,
285 1184 336 1220 61

372 1241 448 1280 Sed
479 1245 606 1280 tamen
638 1243 771 1291 exiguo
803 1243 1063 1291 quodcumque
1095 1254 1112 1281 e
1136 1246 1288 1291 pectore
1319 1245 1395 1282 rivi

445 1302 639 1346 Finxerit,
671 1302 738 1339 hoc
761 1303 920 1349 patriae
950 1303 1087 1340 serviet
1112 1313 1220 1340 omne
1250 1314 1366 1341 meae.

374 1361 532 1399 Ennius
563 1361 716 1399 hirsuta
747 1362 875 1409 cinycit
905 1373 979 1399 εαα
1011 1361 1113 1399 dicta
1144 1372 1304 1400 corona:

443 1421 508 1457 Mi
538 1420 636 1467 folia
668 1432 712 1458 eoe
743 1420 883 1458 hedera
907 1422 1077 1468 porrige,
1109 1421 1273 1465 Bacche,
1305 1424 1383 1465 iiia,

383 1479 431 1518 Ut
461 1480 603 1517 nostris
636 1481 844 1527 tumefacta
873 1480 1072 1527 superbiat
1111 1480 1273 1518 Umbria
1304 1481 1427 1524 libris,

454 1538 616 1577 Umbria
647 1539 818 1577 Romami
842 1540 979 1587 patria
1014 1538 1253 1577 Callimachi.

160 1598 330 1635 Tantum
363 1597 603 1636 afferendum
634 1599 718 1635 erat
749 1599 794 1636 ut
826 1598 1021 1636 sententia
1052 1597 1265 1647 patefieret,
1303 1610 1402 1646 quae
1434 1597 1596 1635 mixtam
1630 1610 1717 1635 cum

158 1657 450 1707 vituperatione
470 1656 628 1695 laudem
649 1657 833 1695 continet.
860 1657 1005 1707 Agitur
1026 1658 1157 1695 autem
1177 1656 1223 1695 de
1245 1656 1448 1694 annalibus
1470 1655 1606 1694 Ennii:
1628 1657 1719 1705 quia

159 1717 262 1754 enim
288 1715 518 1766 Propertius
551 1728 707 1754 carmen
739 1715 903 1754 condere
935 1717 1045 1766 cupit
1078 1715 1181 1765 quod
1206 1715 1358 1766 patriae
1384 1715 1494 1753 laudi
1519 1716 1719 1763 inserviat,

159 1775 277 1813 Ennii
308 1788 457 1813 memor
489 1777 559 1824 est,
592 1777 660 1824 qui
693 1771 862 1825 ‘panxit'
895 1775 989 1813 olim
1016 1771 1202 1813 ‘maxima
1227 1774 1334 1813 facta
1360 1770 1532 1824 patrum'
1559 1776 1604 1812 ut
1635 1775 1718 1823 ipse

158 1835 226 1883 ait,
258 1836 297 1872 et
335 1835 401 1883 qui
435 1833 619 1873 Cicerone
650 1836 750 1873 teste
783 1835 976 1872 clarorum
1012 1835 1185 1872 virorum
1222 1833 1404 1872 laudibus
1444 1845 1539 1882 quas
1580 1834 1720 1871 cecinit

158 1894 274 1932 simul
306 1893 444 1944 populi
475 1894 644 1932 Romani
676 1894 843 1944 gloriam
869 1894 1124 1943 exaggeravit
1156 1888 1263 1945 (ann.
1285 1905 1342 1930 ΧΗ
1361 1893 1406 1930 fr.
1429 1886 1497 1945 lv).
1532 1891 1606 1930 Sed
1634 1893 1715 1930 eius

158 1954 284 1991 oratio
319 1954 412 2002 quia
443 1954 652 1991 recentiori
682 1953 829 1991 iudicio
861 1965 1001 2003 parum
1033 1953 1158 2002 polita
1189 1952 1356 2000 videtur,
1389 1964 1531 1989 corona
1557 1951 1717 2000 quidem

157 2013 297 2050 merito
335 2014 474 2062 poetae
512 2025 590 2050 non
622 2012 848 2063 denegatur,
887 2011 954 2050 sed
986 2024 1032 2049 ea
1062 2024 1139 2049 non
1171 2013 1302 2061 potest
1332 2011 1409 2049 nisi
1440 2011 1591 2048 hirsuta
1623 2022 1718 2057 esse,

159 2084 236 2120 qua
266 2084 345 2110 non
377 2074 496 2121 caput
531 2071 597 2109 sed
628 2084 699 2109 sua
730 2070 847 2118 dicta,
885 2072 1022 2120 utpote
1054 2070 1218 2118 hirsuta,
1256 2071 1407 2119 cingat:
1445 2068 1521 2106 sibi
1553 2067 1715 2106 Graeco-

158 2144 245 2168 rum
271 2132 422 2181 poesim
447 2143 541 2180 prae
567 2142 606 2168 se
632 2129 775 2167 ferenti
799 2129 983 2167 hederam
1009 2130 1160 2178 porrigi
1185 2129 1321 2177 poscit.
1348 2128 1495 2165 Iterum
1516 2127 1719 2165 annalium

158 2190 279 2227 Ennii
310 2202 350 2228 se
382 2201 593 2226 memorem
625 2188 767 2237 probat
797 2187 1024 2237 Propertius
1045 2200 1089 2224 111
1112 2190 1134 2224 3

380 2248 495 2286 Visus
528 2259 634 2285 cram
663 2247 770 2284 molli
801 2247 990 2284 recubans
1021 2247 1221 2284 Heliconis
1252 2247 1295 2284 in
1328 2246 1476 2289 cimbra,

442 2307 748 2354 Bellerophontei·
779 2318 856 2354 qua
886 2306 974 2352 fluit
1003 2306 1141 2343 humor
1172 2306 1268 2352 equi,

370 2366 503 2414 Rcycs,
535 2364 651 2410 Alba,
683 2368 766 2403 tuos
798 2367 831 2403 ei
861 2376 993 2413 remim
1023 2365 1129 2412 facia
1160 2366 1325 2408 tuorum,

446 2426 614 2463 Tantum
645 2425 781 2472 operis,
812 2425 940 2462 nervis
971 2424 1113 2462 hiscere
1137 2434 1252 2470 posse
1283 2424 1388 2466 meis,

370 2485 576 2532 Parvaque
607 2487 686 2521 tam
716 2484 869 2531 maynis
901 2483 1103 2520 admoram
1133 2483 1304 2530 fontibus
1336 2493 1417 2525 ονα,

450 2544 559 2582 Unde
583 2546 698 2591 pater
728 2544 860 2581 sitiens
892 2542 1050 2580 Ennius
1082 2544 1169 2580 anic
1201 2542 1303 2579 bibit.

370 2603 425 2640 Et
456 2603 574 2640 cecini
608 2601 746 2640 Ourios
776 2603 919 2649 fratres
951 2604 984 2639 ci
1015 2601 1186 2638 Horatia
1210 2601 1310 2648 pila,

441 2662 636 2710 chiaquc
667 2659 838 2698 Aemilia
869 2663 974 2698 vecta
1005 2663 1163 2707 tropaea
1193 2662 1275 2697 rate
1301 2671 1377 2707 eqs.

158 2721 216 2757 De
255 2721 395 2769 quibus
433 2720 605 2758 breviter
642 2720 724 2758 dixi
762 2721 803 2756 in
836 2720 934 2757 actis
967 2719 1136 2757 academ.
1171 2731 1203 2756 a.
1235 2718 1344 2755 1886
1379 2709 1508 2764 (Uber
1538 2716 1598 2753 dic
1630 2713 1715 2751 An-

155 2780 272 2818 nalem
303 2780 368 2818 des
394 2779 570 2827 Ennius)
603 2794 638 2828 p.
662 2779 705 2827 ὃς
737 2778 892 2829 singula
924 2780 1105 2816 accurate
1132 2779 1332 2815 exsecutus
1358 2777 1417 2813 est
1443 2773 1711 2811 Rothsteinius

156 2839 198 2875 in
229 2840 520 2877 commentario.
559 2838 640 2876 Nos
673 2839 827 2875 tantum
861 2837 1036 2886 dicimus,
1076 2849 1172 2886 quas
1202 2849 1241 2874 se
1274 2835 1456 2872 cecinisse
1490 2832 1587 2870 dicit
1618 2830 1710 2868 Pro-

156 2898 323 2948 pertius,
361 2911 421 2936 res
459 2899 627 2938 maxime
665 2897 936 2936 memorabiles
970 2897 1158 2935 historiae
1193 2895 1409 2940 Romanae,
1447 2892 1511 2929 vix
1550 2889 1711 2928 dubium
