2054 3282
741 157 999 192 ANNALIUM
1024 157 1111 191 LIB.
1132 157 1148 190 Ι
1673 156 1724 197 17

908 276 971 310 LV

165 337 250 380 104
715 337 966 380 «Nerienem
991 336 1197 378 Mavortis
1230 338 1273 377 et
1303 334 1456 377 Herem

905 441 986 476 LVI

166 502 249 546 105
282 502 416 546 «Nam
450 503 492 544 vi
524 503 767 558 depugnare
799 517 895 545 sues
928 501 1074 544 stolidi
1107 501 1219 543 soliti
1252 505 1363 543 sunt.

892 607 990 641 LVII
1821 649 1826 653 p

166 669 248 711 106
282 667 539 711 «Aeternum
571 669 746 711 seritote
778 669 889 709 diem
922 667 1190 710 concorditer
1221 667 1346 708 ambo
1790 659 1939 727 ἓξὲξ

885 773 999 807 LVHI

163 835 247 878 107
281 834 369 877 «Ea
399 834 506 876 mihi
537 834 726 889 reliquae
758 834 858 876 fidei
889 848 1021 889 regno
1048 833 1266 888 vobisque,
1293 832 1485 887 Quiritis,

279 905 334 948 Se
359 906 611 947 fortunatim
638 904 820 948 feliciter
845 919 893 947 ac
917 905 1025 946 bene
1051 906 1203 946 vortat.

280 1039 343 1074 LV
363 1041 458 1087 (104)
507 1039 648 1075 Gellius
668 1054 734 1075 XIII
756 1044 810 1082 23,
828 1043 870 1073 18
892 1039 1112 1085 (Nerienem,
1135 1039 1266 1073 Martis
1287 1039 1493 1084 coniugem,
1513 1039 1635 1083 prima
1654 1039 1726 1083 syl-

160 1093 248 1128 laba
268 1094 447 1138 correpta,
468 1093 582 1128 tertIa
600 1094 783 1138 producta
803 1093 892 1138 dici)
921 1092 1083 1127 ‘Ennius
1110 1094 1235 1127 autem
1255 1092 1294 1126 in
1313 1093 1433 1137 primo
1454 1092 1580 1127 annali
1599 1093 1638 1126 in
1658 1092 1728 1126 hoc

161 1157 266 1180 versu
293 1145 515 1182 «Nerienem
540 1145 588 1180 M.
611 1148 649 1181 et
666 1147 816 1182 herotem
835 1146 999 1192 (erdem
1019 1146 1122 1180 Voss.
1143 1146 1270 1191 min.)»
1292 1146 1323 1180 si
1344 1146 1442 1189 quod
1461 1146 1614 1180 minime
1635 1145 1729 1180 solet

161 1210 354 1234 numerum
375 1199 542 1242 servavit,
558 1199 716 1244 primam
731 1199 915 1244 syllabam
928 1199 1104 1242 intendit,
1118 1199 1270 1234 tertiam
1284 1199 1488 1243 corripuit’
1565 1198 1617 1233 Cf.
1632 1198 1727 1233 Pau-

160 1252 217 1287 lus
231 1252 332 1287 Festi
351 1265 385 1297 p.
404 1256 456 1295 71,
475 1256 518 1286 14
532 1252 597 1287 Th.
622 1253 632 1270 ‘
642 1253 777 1288 Herem
791 1253 974 1288 Marteam
989 1252 1135 1296 antiqui
1150 1253 1305 1297 accepta
1318 1252 1527 1286 hereditate
1543 1252 1725 1293 colebant,

161 1316 257 1349 quae
278 1317 300 1340 a
318 1305 467 1340 nomine
487 1306 750 1351 appellabatur
775 1306 954 1341 heredum
974 1307 1012 1341 et
1031 1317 1110 1340 esse
1129 1317 1205 1340 una
1225 1317 1269 1340 ex
1288 1305 1419 1339 Martis
1441 1305 1639 1340 comitibus
1659 1317 1726 1350 pu-

160 1359 338 1394 tabatur.’
432 1359 486 1394 De
505 1359 725 1394 Nerienes
744 1360 894 1395 nomine
914 1359 1119 1394 sententias
1134 1359 1328 1394 doctorum
1341 1359 1529 1394 recensuit
1542 1359 1725 1393 Hertzius.

279 1412 359 1447 LVI
374 1413 470 1458 (105)
508 1413 638 1447 Festus
652 1425 687 1457 p.
703 1416 782 1456 460,
797 1416 839 1447 13
855 1413 920 1447 Th.
938 1413 1116 1448 ‘stolidus
1131 1413 1275 1447 stultus.
1293 1413 1433 1447 Ennius
1447 1413 1470 1447 l.
1487 1427 1498 1447 I
1515 1423 1624 1449 «nam
1638 1413 1721 1447 vide

161 1476 328 1510 pugnare
349 1477 375 1499 s.
397 1466 440 1499 st.
461 1466 571 1501 solidi
590 1467 698 1501 sunt»
719 1467 757 1500 et
776 1466 815 1500 in
835 1466 1045 1501 Alexandro
1068 1467 1145 1512 [1v].

279 1518 376 1552 LVII
397 1519 492 1564 (106)
536 1518 724 1554 Charisius
750 1533 777 1553 11
796 1532 830 1564 p.
850 1523 926 1561 196,
944 1523 987 1554 16
1007 1520 1049 1554 K.
1074 1520 1321 1554 ‘concorditer
1345 1520 1486 1554 Ennius
1515 1524 1614 1555 anna
1634 1519 1697 1554 lib.
1715 1532 1725 1553 1

163 1573 378 1608 «aeternum
400 1599 405 1605 .
423 1600 428 1605 .
447 1600 452 1605 .
475 1572 634 1608 ambo».'

280 1624 394 1659 LVIII
414 1626 510 1670 (107)
536 1625 678 1660 Nonius
692 1638 727 1670 p.
740 1630 817 1669 111,
828 1630 872 1660 33
890 1626 1129 1661 ‘fortunatim
1142 1637 1328 1671 prospere.
1346 1625 1486 1660 Ennius
1502 1626 1699 1661 annalibus
1714 1639 1724 1659 1

169 1689 237 1714 «ea
255 1678 347 1713 mihi
368 1678 536 1722 reliquae
556 1679 643 1714 fidei
663 1691 690 1713 r.
712 1692 742 1714 v.
765 1680 920 1722 Quiritis
943 1709 948 1714 .
966 1708 972 1714 .
991 1708 996 1714 .
1018 1680 1188 1715 vortat».'
1213 1679 1264 1714 Cf.
1282 1679 1318 1714 C.
1335 1679 1389 1714 Grl.
1406 1680 1443 1713 L.
1459 1693 1495 1714 VI
1511 1684 1526 1714 1
1544 1683 1671 1724 9465.

285 1828 367 1865 104
388 1827 532 1866 Herem
552 1827 773 1867 Meursius:
792 1827 962 1866 herclem
1066 1829 1147 1866 105
1169 1829 1209 1866 vi
1229 1827 1455 1878 depugnare
1477 1827 1726 1867 Gulielmius:

163 1886 252 1924 vide
283 1899 460 1936 pugnare
552 1888 660 1926 soliti
684 1888 873 1936 Scaliyer:
900 1887 1016 1926 solidi
1107 1888 1214 1925 soliti
1247 1889 1339 1926 sunt
1362 1889 1397 1925 h.
1425 1900 1453 1925 e.
1479 1887 1656 1931 εἰώθασι,
1683 1890 1727 1925 ut

164 1947 359 1994 quaerunt
374 1946 416 1983 111
434 1946 561 1995 scirpo
582 1947 720 1985 soliti
740 1947 862 1996 quod
882 1946 1040 1984 dicere
1060 1946 1206 1985 nodum
1225 1948 1268 1985 in
1286 1949 1357 1985 sat.
1376 1944 1452 1994 76,·
1471 1948 1516 1994 cf.
1533 1959 1625 1985 arm.
1644 1954 1691 1981 22
1705 1956 1718 1981 I

264 2017 352 2044 sues
379 2008 413 2043 et
436 2008 553 2044 totam
570 2008 797 2045 sententiam
815 2018 894 2044 non
912 2006 1157 2044 aversabitur
1175 2007 1241 2053 qui
1259 2016 1403 2044 memor
1423 2008 1476 2043 est
1493 2007 1724 2043 monitorum

162 2064 326 2103 Hesiodi
359 2073 440 2112 273
475 2077 552 2113 sqq.
578 2066 735 2103 Kirehk.
854 2066 935 2103 107
972 2064 1073 2103 Olim
1103 2066 1243 2112 scripsi
1274 2064 1379 2113 quod
1410 2064 1507 2101 mihi
1537 2077 1725 2113 meaeque

162 2122 237 2161 fide
264 2125 314 2171 et,
341 2126 375 2161 et
397 2123 495 2160 mihi
514 2136 703 2173 meaeque
724 2126 758 2162 et
774 2123 850 2161 fide
871 2125 910 2161 et
928 2125 1009 2161 iam
1031 2122 1270 2169 Grauertus;
1295 2136 1433 2172 resque
1460 2136 1507 2161 ea
1530 2124 1597 2172 mi,
1622 2123 1725 2172 fidei,

162 2195 192 2219 r.
225 2181 510 2220 Baehrensius:
549 2194 613 2231 690
641 2185 778 2230 postea
812 2183 1044 2230 temptabam
1078 2195 1122 2220 ea
1157 2182 1217 2219 uti
1251 2195 1312 2221 res
1348 2178 1453 2235 (sive
1487 2195 1532 2220 ea
1566 2195 1627 2221 res
1662 2179 1725 2234 ut)

163 2241 297 2290 Mique
321 2254 509 2290 meaeque
534 2241 609 2279 fide
636 2243 675 2279 et
699 2254 729 2279 r.
749 2241 960 2279 Formulae
990 2253 1105 2279 usum
1136 2242 1232 2279 satis
1263 2244 1496 2280 constantem
1527 2242 1632 2280 docet
1656 2242 1726 2280 Li-

163 2301 251 2338 vius
270 2312 368 2337 XXXI
390 2309 427 2348 5,
444 2310 467 2347 4
495 2313 583 2338 cum
608 2301 832 2350 precatione
853 2313 911 2348 ea,
938 2300 1043 2349 quod
1069 2301 1227 2339 senatus
1252 2301 1499 2350 populusque
1524 2301 1725 2339 Romanus

164 2359 210 2397 de
236 2372 277 2397 re
303 2373 340 2409 p.
362 2359 486 2408 deque
512 2359 682 2398 ineundo
714 2372 815 2398 novo
846 2359 950 2397 bello
982 2359 1022 2396 in
1053 2359 1182 2398 animo
1208 2359 1383 2411 haberet,
1409 2373 1455 2398 ea
1485 2373 1546 2398 res
1572 2362 1632 2398 uti
1656 2373 1725 2410 po-

163 2419 257 2467 pulo
286 2418 464 2457 Romano
491 2419 683 2468 sociisque
717 2432 762 2457 ac
787 2419 937 2457 nomini
968 2418 1111 2457 Latino
1142 2418 1241 2457 bene
1266 2432 1312 2457 ac
1337 2420 1505 2458 feliciter
1530 2421 1725 2466 eveniret;

166 2490 263 2514 XXXI
279 2486 316 2525 7,
336 2488 349 2513 1
361 2486 383 2525 5
394 2491 409 2524 ,·
422 2490 562 2516 XXXVII
576 2487 645 2527 47,
657 2489 705 2525 4,·
719 2491 843 2516 XXXVI
864 2487 896 2526 1,
913 2485 930 2512 2
943 2491 957 2524 ,-
970 2490 1022 2515 XL
1036 2475 1106 2529 46,
1119 2488 1143 2527 9
1160 2479 1264 2527 quod
1283 2479 1326 2517 in
1340 2479 1519 2517 omnibus
1539 2480 1620 2517 fere
1639 2492 1725 2528 pre-

165 2537 384 2574 cationibus
409 2538 687 2586 nuncupabItis
707 2537 836 2575 verbis
863 2534 929 2574 ‘ut
955 2549 1000 2574 ea
1024 2549 1085 2575 res
1110 2537 1208 2575 mihi
1240 2539 1491 2589 collegaeque
1515 2551 1602 2576 meo
1627 2539 1724 2576 bene

165 2596 205 2632 et
228 2596 396 2634 feliciter
422 2597 578 2635 eveniat
588 2593 616 2643 ’,·
648 2609 728 2633 xxx
755 2606 788 2645 1,
815 2605 828 2631 1
844 2606 857 2631 1
890 2597 939 2634 al.
963 2595 1093 2634 Cicero
1110 2609 1187 2645 pro
1207 2597 1364 2636 Muren.
1393 2608 1426 2647 1,
1452 2607 1489 2644 1,·
1526 2609 1680 2636 carmen
1699 2609 1722 2634 a

164 2654 366 2692 Macrobio
378 2655 457 2694 Sat.
479 2668 525 2693 111
545 2666 584 2704 9,
604 2666 617 2691 1
635 2666 647 2691 1
673 2658 878 2694 servatum.
898 2655 999 2693 Inde
1017 2656 1063 2702 sit
1080 2658 1124 2694 ut
1142 2658 1250 2704 apud
1261 2657 1440 2695 Ennium
1460 2668 1606 2704 quoque
1624 2667 1722 2703 quae

165 2713 300 2751 litteris
320 2715 474 2752 traditis
492 2716 718 2753 indicantur
737 2716 782 2752 ut
801 2727 847 2752 ea
865 2726 939 2762 res,
958 2726 1193 2762 quocumque
1211 2717 1333 2760 modo,
1352 2717 1475 2763 fuisse
1494 2716 1647 2753 credam

165 2770 350 2815 Qun-Itis:
375 2774 421 2820 ef.
448 2773 589 2812 Festus
611 2786 648 2821 p.
672 2771 769 2821 338,
790 2783 803 2808 1
833 2773 900 2811 Th.
934 2771 1106 2817 Quirites
1132 2776 1264 2813 autem
1295 2775 1390 2812 dicti
1417 2776 1508 2823 post
1538 2773 1673 2811 foedus
1700 2786 1723 2810 a

165 2830 332 2869 Romulo
351 2833 390 2869 et
406 2832 521 2870 Tatio
541 2844 768 2883 percussum
786 2832 1098 2871 communionem
1115 2835 1155 2871 et
1173 2835 1400 2872 societatem
1420 2833 1557 2881 populi
1576 2833 1722 2870 factam

165 2889 363 2937 indicant;
389 2892 436 2938 ef.
456 2892 597 2930 ibidem
614 2893 799 2940 proxima

235 2967 386 2994 Exutus
411 2969 459 2995 ed.
477 2969 603 2994 Vahlen.
1419 2961 1438 2990 2
1759 2971 1763 2998 Φ
