2054 3282
851 200 904 236 IN
905 200 1063 236 GERTA
1654 199 1740 241 235

907 319 1007 354 XXX

179 383 237 424 30
890 382 1038 423 contra

899 485 1018 520 XXXI

176 548 232 589 31
852 546 1067 601 Vesperus

892 650 1029 685 XXXII

179 714 235 756 32
522 727 656 755 annus
688 712 892 755 naturalis
924 712 1055 754 habet
1086 711 1174 753 dies
1207 722 1404 753 CCCLXV1

882 816 1035 851 XXXIII

179 879 235 921 33
836 878 1079 932 consiptum

884 981 1039 1017 XXXIV

181 1045 237 1087 34
825 1043 1087 1099 corpulentis

894 1148 1031 1184 XXXV

179 1210 236 1253 35
842 1210 1079 1253 erebrisuro

883 1314 1036 1350 XXXVI

180 1377 236 1420 36
876 1377 1033 1419 insexit

180 1505 271 1541 stia
295 1505 577 1541 minusculi-1
597 1505 678 1540 Par.
699 1505 868 1541 hostis]
895 1505 1236 1540 munusculum
1256 1504 1399 1550 Bamb.)
1419 1504 1459 1540 in
1480 1504 1652 1547 sacrario,
1674 1515 1747 1549 quo

180 1559 290 1594 verbo
311 1559 426 1594 etiam
445 1559 586 1594 Ennius
606 1571 694 1594 usus
714 1559 796 1594 est.’
896 1558 948 1593 Cf.
964 1558 1102 1593 Paulus
1116 1558 1217 1593 Festi
1231 1571 1268 1604 p.
1285 1562 1340 1601 64,
1353 1562 1397 1593 33
1412 1558 1477 1592 Th.
1496 1559 1663 1593 ‘festram
1684 1569 1748 1592 an-

181 1613 278 1657 tiqui
292 1613 468 1648 dicebant
481 1624 593 1657 quam
609 1624 675 1648 nos
690 1613 917 1647 fenestram?
933 1611 1108 1647 Placidus
1124 1611 1159 1647 C.
1174 1611 1228 1646 Gl.
1242 1612 1280 1646 L.
1293 1625 1315 1647 v
1328 1624 1362 1657 p.
1377 1616 1432 1655 23,
1448 1616 1477 1646 1.
1495 1615 1550 1655 70,
1563 1615 1619 1647 20,
1636 1615 1713 1654 105,
1728 1615 1745 1645 1

188 1667 379 1701 ‘fi-estram
398 1666 626 1701 fenestram)

299 1719 400 1754 XXX
420 1721 491 1765 (30)
532 1719 676 1754 Servius
696 1719 735 1754 in
748 1719 839 1754 Aen.
855 1732 882 1754 11
896 1722 962 1754 651
980 1720 1059 1764 (nos
1080 1719 1210 1754 contra
1229 1718 1349 1764 effusi)
1367 1719 1454 1754 ‘nos
1475 1719 1621 1754 contra:
1641 1729 1748 1763 prae-

180 1772 384 1818 positiones
405 1773 462 1807 vel
482 1773 659 1808 adverbia
678 1773 717 1807 in
737 1784 758 1807 a
779 1773 954 1807 exeuntia
972 1773 1082 1807 modo
1098 1772 1310 1817 producunt
1322 1771 1495 1807 ultimam
1509 1772 1674 1807 litteram
1688 1782 1749 1806 ex-

182 1827 289 1872 cepto
310 1827 403 1871 puta
423 1827 460 1861 et
478 1826 543 1870 ita,
565 1827 665 1871 apud
685 1826 846 1861 Ennium
867 1827 904 1861 et
922 1826 1125 1861 Pacuvium
1146 1825 1273 1860 brevia
1293 1826 1405 1861 sunt.’
1524 1824 1608 1860 Non
1625 1825 1746 1869 ‘puta'

184 1881 222 1914 et
237 1879 319 1914 ‘ita'
337 1880 437 1924 apud
457 1879 618 1914 Ennium
643 1881 681 1914 et
699 1879 901 1914 Pacuvium
919 1879 1048 1914 brevia
1073 1889 1153 1914 esse
1179 1879 1283 1922 dicit,
1304 1879 1368 1913 sed
1392 1879 1523 1913 eadem
1546 1889 1642 1923 quae
1663 1879 1750 1912 ante

183 1933 329 1968 dixerat
347 1933 456 1967 modo
472 1933 519 1978 (h.
536 1943 564 1967 e.
580 1933 652 1968 hae
666 1933 803 1977 aetate)
817 1932 990 1977 produci:
1012 1932 1123 1977 quale
1139 1933 1150 1949 ‘
1161 1933 1309 1967 contra’
1326 1933 1392 1975 est,
1408 1932 1511 1967 cuius
1529 1943 1642 1967 causa
1657 1931 1751 1966 haec

183 1987 411 2021 adnotantur
430 1987 468 2020 et
487 1986 587 2030 quod
607 1986 707 2031 apud
727 1986 888 2020 Ennium
914 1985 1023 2020 breve
1044 1996 1066 2020 a
1084 1985 1200 2020 habet
1220 1997 1303 2020 ann.
1319 1988 1387 2019 463
1409 1986 1446 2020 et
1466 1988 1546 2027 563,
1566 1996 1750 2029 nusquam

183 2039 416 2084 productum,
437 2040 475 2073 et
491 2039 671 2081 ‘frustra’,
686 2039 726 2073 in
739 2050 812 2083 quo
834 2039 970 2083 corripi
989 2038 1161 2073 ultimam
1176 2038 1360 2083 syllabam
1374 2038 1558 2072 Plautinis
1572 2037 1750 2082 exemplis

184 2093 468 2127 demonstratur.
490 2092 532 2126 In
557 2091 709 2126 incertis
732 2091 987 2126 testimonium
1005 2092 1113 2137 posui
1134 2091 1222 2136 quia
1242 2102 1310 2126 nec
1329 2092 1486 2126 ‘contra’
1509 2092 1638 2136 aperte
1657 2091 1752 2126 dicit

185 2145 450 2191 grammaticus
471 2146 509 2179 et
526 2144 610 2190 plus
632 2146 730 2180 certe
750 2156 862 2189 quam
884 2145 1042 2180 ‘contra'
1066 2144 1255 2190 cogitavit.

303 2198 421 2233 XXXI
441 2199 512 2243 (31)
546 2197 766 2233 Censorinus
787 2198 833 2232 de
854 2198 914 2232 die
934 2199 1009 2233 nat.
1026 2202 1081 2241 24,
1097 2202 1119 2233 4
1135 2199 1235 2242 ‘post
1254 2208 1464 2243 supremam
1485 2197 1652 2243 sequitur
1671 2208 1749 2232 ves-

183 2263 284 2297 pera,
304 2253 391 2286 ante
417 2253 539 2286 ortum
564 2251 708 2286 scilicet
733 2251 811 2286 eius
838 2251 969 2286 stellae
995 2262 1108 2296 quam
1133 2251 1287 2286 Plautus
1308 2251 1454 2297 (Amph.
1471 2253 1553 2296 275)
1568 2251 1750 2296 Vesperu-

185 2306 320 2351 ginem,
342 2305 483 2340 Ennius
498 2305 760 2349 «Vespemm»
775 2304 962 2350 Vergilius
983 2304 1063 2350 (ecl.
1080 2308 1113 2349 8
1128 2308 1183 2339 30.
1201 2308 1256 2348 10
1271 2305 1328 2350 77)
1343 2304 1535 2350 Hespeion
1553 2304 1748 2350 adpellat.’

185 2358 236 2394 Cf.
252 2358 288 2394 C.
305 2358 360 2393 Gl.
377 2359 414 2393 L.
430 2370 535 2403 vnp.
552 2362 631 2393 408.

303 2411 437 2445 XXXII
452 2413 524 2456 (32)
558 2411 777 2446 Censorinus
793 2410 838 2445 de
853 2410 914 2445 die
927 2411 1003 2445 nat
1021 2414 1075 2454 19,
1090 2411 1139 2445 2‘
1150 2422 1269 2446 annus
1281 2412 1450 2446 vertens
1492 2411 1584 2447 .hoc
1603 2413 1749 2456 tempus

185 2465 276 2509 quot
301 2464 446 2499 dierum
472 2466 569 2499 esset
594 2464 642 2499 ad
669 2465 810 2499 certum
829 2464 993 2499 nondum
1014 2464 1193 2509 astrologi
1212 2465 1374 2510 reperire
1393 2439 1604 2510 potuerunt.
1626 2464 1749 2499 Philo-

184 2517 266 2552 laus
287 2528 424 2552 annum
443 2517 652 2552 naturalem
672 2517 751 2552 dies
771 2517 908 2552 habere
927 2517 1095 2562 prodidit
1122 2530 1290 2553 cccnxnn
1316 2519 1354 2554 et
1379 2518 1617 2554 dimidiatum
1637 2546 1643 2552 .
1660 2547 1666 2552 .
1684 2546 1690 2552 .
1712 2518 1752 2553 at

185 2571 310 2605 noster
329 2570 470 2605 Ennius
492 2571 667 2606 cchva'

304 2623 456 2658 XXXIII
476 2625 547 2669 (33)
587 2624 639 2659 Cf.
655 2635 750 2659 scen.
768 2627 846 2658 297.

303 2677 456 2711 XXXIV
470 2678 541 2723 (34)
573 2677 711 2712 Paulus
730 2677 831 2712 Festi
850 2690 885 2722 p.
902 2680 958 2720 44,
974 2681 994 2712 2
1009 2677 1074 2712 Τ11.
1093 2678 1384 2723 ‘«corpulentis»
1398 2678 1540 2713 Ennius
1560 2689 1626 2722 pro
1647 2688 1751 2722 mag-

186 2730 243 2765 nis
264 2730 375 2774 dixit3
396 2742 462 2765 nos
483 2730 741 2775 corpulentum
761 2730 918 2765 dicimus
940 2731 1102 2776 corporis
1123 2731 1226 2766 obesi
1248 2732 1463 2766 hominem.’

304 2783 440 2818 XXXV
455 2785 526 2829 (35)
552 2783 690 2818 Paulus
710 2784 811 2819 Festi
830 2796 865 2829 p.
881 2788 938 2827 41,
953 2788 997 2818 23
1012 2784 1078 2819 Th.
1096 2785 1364 2821 ‘«crebrisu1·o»
1386 2784 1486 2830 apud
1501 2783 1662 2818 Ennium
1676 2783 1751 2829 sig-

187 2837 316 2871 nificat
335 2837 473 2871 vallum
493 2836 630 2872 crebris
651 2837 745 2872 suris
765 2837 805 2871 id
825 2839 882 2872 est
899 2837 996 2882 palis
1016 2838 1228 2873 munitum.'
1319 2838 1374 2872 De
1394 2837 1488 2872 suris
1509 2836 1554 2871 cf.
1570 2848 1653 2872 ann.
1670 2839 1749 2871 525.

305 2889 457 2925 XXXVI
478 2892 549 2936 (36)
594 2890 730 2926 Paulus
751 2890 851 2926 Festi
871 2904 906 2936 p.
927 2894 982 2934 79,
1000 2895 1044 2926 29
1061 2891 1127 2926 Th.
1146 2891 1361 2936 ‘«inseque»
1383 2890 1483 2937 apud
1502 2890 1665 2926 Ennium
1691 2889 1751 2928 dic

189 2945 286 2988 (ann.
302 2945 395 2988 326),
417 2943 598 2981 «insexit»
619 2944 781 2980 dixerit)
