<?xml version="1.0" encoding="UTF-8"?>
<!DOCTYPE html PUBLIC "-//W3C//DTD XHTML 1.0 Transitional//EN"
    "http://www.w3.org/TR/xhtml1/DTD/xhtml1-transitional.dtd">
<html xmlns="http://www.w3.org/1999/xhtml" xml:lang="en" lang="en">
 <head>
  <title>
</title>
<meta http-equiv="Content-Type" content="text/html;charset=utf-8" />
  <meta name='ocr-system' content='tesseract 3.04.00' />
  <meta name='ocr-capabilities' content='ocr_page ocr_carea ocr_par ocr_line ocrx_word'/>
</head>
<body>
  <div class='ocr_page' id='page_1' title='image "./ennianaepoesisre00enniuoft/ennianaepoesisre00enniuoft_0026.png"; bbox 0 0 2020 3334; ppageno 0'>
   <div class='ocr_carea' id='block_1_1' title="bbox 305 265 1311 303">
    <p class='ocr_par' dir='ltr' id='par_1_1' title="bbox 305 265 1311 303">
     <span class='ocr_line' id='line_1_1' title="bbox 305 265 1311 303; baseline -0.003 0"><span class='ocrx_word' id='word_1_1' title='bbox 305 268 407 303; x_wconf 87' lang='lat' dir='ltr'>XXII</span> <span class='ocrx_word' id='word_1_2' title='bbox 867 267 894 301; x_wconf 94' lang='lat' dir='ltr'>I.</span> <span class='ocrx_word' id='word_1_3' title='bbox 920 266 1146 302; x_wconf 76' lang='lat' dir='ltr'><strong>HISTORIA</strong></span> <span class='ocrx_word' id='word_1_4' title='bbox 1172 265 1311 301; x_wconf 83' lang='lat' dir='ltr'>ENNII</span> 
     </span>
    </p>
   </div>
   <div class='ocr_carea' id='block_1_2' title="bbox 305 377 1876 2671">
    <p class='ocr_par' dir='ltr' id='par_1_2' title="bbox 305 377 1876 2671">
     <span class='ocr_line' id='line_1_2' title="bbox 305 377 1865 429; baseline 0 -11"><span class='ocrx_word' id='word_1_5' title='bbox 305 381 515 418; x_wconf 84' lang='lat' dir='ltr'>inventura</span> <span class='ocrx_word' id='word_1_6' title='bbox 546 379 609 425; x_wconf 84' lang='lat' dir='ltr'>sit,</span> <span class='ocrx_word' id='word_1_7' title='bbox 641 378 708 417; x_wconf 88' lang='lat' dir='ltr'>sed</span> <span class='ocrx_word' id='word_1_8' title='bbox 738 391 787 416; x_wconf 89' lang='lat' dir='ltr'>ne</span> <span class='ocrx_word' id='word_1_9' title='bbox 818 390 865 416; x_wconf 87' lang='lat' dir='ltr'>ea</span> <span class='ocrx_word' id='word_1_10' title='bbox 896 377 1054 426; x_wconf 89' lang='lat' dir='ltr'>quidem</span> <span class='ocrx_word' id='word_1_11' title='bbox 1085 379 1145 416; x_wconf 90' lang='lat' dir='ltr'>est</span> <span class='ocrx_word' id='word_1_12' title='bbox 1174 377 1280 427; x_wconf 88' lang='lat' dir='ltr'>quod</span> <span class='ocrx_word' id='word_1_13' title='bbox 1305 378 1474 416; x_wconf 85' lang='lat' dir='ltr'>alterum</span> <span class='ocrx_word' id='word_1_14' title='bbox 1498 381 1709 429; x_wconf 84' lang='lat' dir='ltr'><strong>sumpsisse</strong></span> <span class='ocrx_word' id='word_1_15' title='bbox 1735 379 1783 418; x_wconf 87' lang='lat' dir='ltr'>ab</span> <span class='ocrx_word' id='word_1_16' title='bbox 1810 380 1865 417; x_wconf 82' lang='lat' dir='ltr'>al·</span> 
     </span>
     <span class='ocr_line' id='line_1_3' title="bbox 305 435 1866 488; baseline 0 -10"><span class='ocrx_word' id='word_1_17' title='bbox 305 442 390 478; x_wconf 89' lang='lat' dir='ltr'>tero</span> <span class='ocrx_word' id='word_1_18' title='bbox 422 451 541 488; x_wconf 89' lang='lat' dir='ltr'>quam</span> <span class='ocrx_word' id='word_1_19' title='bbox 566 439 777 485; x_wconf 78' lang='lat' dir='ltr'>utrumque</span> <span class='ocrx_word' id='word_1_20' title='bbox 803 449 849 474; x_wconf 84' lang='lat' dir='ltr'>ex</span> <span class='ocrx_word' id='word_1_21' title='bbox 874 435 1072 475; x_wconf 87' lang='lat' dir='ltr'>communi</span> <span class='ocrx_word' id='word_1_22' title='bbox 1097 436 1286 475; x_wconf 90' lang='lat' dir='ltr'>sermonis</span> <span class='ocrx_word' id='word_1_23' title='bbox 1310 449 1384 475; x_wconf 91' lang='lat' dir='ltr'>usu</span> <span class='ocrx_word' id='word_1_24' title='bbox 1408 438 1646 488; x_wconf 84' lang='lat' dir='ltr'><strong>prompsisse</strong></span> <span class='ocrx_word' id='word_1_25' title='bbox 1670 438 1866 487; x_wconf 83' lang='lat' dir='ltr'>malimus.</span> 
     </span>
     <span class='ocr_line' id='line_1_4' title="bbox 423 495 1865 546; baseline 0.001 -12"><span class='ocrx_word' id='word_1_26' title='bbox 423 498 591 535; x_wconf 87' lang='lat' dir='ltr'>Restant</span> <span class='ocrx_word' id='word_1_27' title='bbox 619 497 827 546; x_wconf 88' lang='lat' dir='ltr'>poetarum</span> <span class='ocrx_word' id='word_1_28' title='bbox 859 496 1084 545; x_wconf 79' lang='lat' dir='ltr'>aequalium</span> <span class='ocrx_word' id='word_1_29' title='bbox 1115 495 1193 534; x_wconf 89' lang='lat' dir='ltr'>duo</span> <span class='ocrx_word' id='word_1_30' title='bbox 1225 507 1322 544; x_wconf 91' lang='lat' dir='ltr'>quos</span> <span class='ocrx_word' id='word_1_31' title='bbox 1353 508 1442 534; x_wconf 94' lang='lat' dir='ltr'>cum</span> <span class='ocrx_word' id='word_1_32' title='bbox 1466 496 1595 535; x_wconf 83' lang='lat' dir='ltr'>Ennio</span> <span class='ocrx_word' id='word_1_33' title='bbox 1619 499 1762 537; x_wconf 86' lang='lat' dir='ltr'>vixisse</span> <span class='ocrx_word' id='word_1_34' title='bbox 1786 511 1865 536; x_wconf 91' lang='lat' dir='ltr'>cer-</span> 
     </span>
     <span class='ocr_line' id='line_1_5' title="bbox 305 554 1866 607; baseline 0.001 -13"><span class='ocrx_word' id='word_1_35' title='bbox 305 559 391 594; x_wconf 88' lang='lat' dir='ltr'>tum</span> <span class='ocrx_word' id='word_1_36' title='bbox 416 558 486 603; x_wconf 88' lang='lat' dir='ltr'>est,</span> <span class='ocrx_word' id='word_1_37' title='bbox 520 554 711 593; x_wconf 70' lang='lat' dir='ltr'>Caecilius</span> <span class='ocrx_word' id='word_1_38' title='bbox 743 556 784 593; x_wconf 89' lang='lat' dir='ltr'>et</span> <span class='ocrx_word' id='word_1_39' title='bbox 813 555 1020 602; x_wconf 87' lang='lat' dir='ltr'>Pacuvius,</span> <span class='ocrx_word' id='word_1_40' title='bbox 1057 555 1099 592; x_wconf 89' lang='lat' dir='ltr'>in</span> <span class='ocrx_word' id='word_1_41' title='bbox 1130 554 1332 593; x_wconf 82' lang='lat' dir='ltr'>comoedia</span> <span class='ocrx_word' id='word_1_42' title='bbox 1363 555 1476 603; x_wconf 87' lang='lat' dir='ltr'>alter,</span> <span class='ocrx_word' id='word_1_43' title='bbox 1507 556 1609 594; x_wconf 88' lang='lat' dir='ltr'>alter</span> <span class='ocrx_word' id='word_1_44' title='bbox 1638 556 1680 594; x_wconf 90' lang='lat' dir='ltr'>in</span> <span class='ocrx_word' id='word_1_45' title='bbox 1710 558 1866 607; x_wconf 88' lang='lat' dir='ltr'>tragoe-</span> 
     </span>
     <span class='ocr_line' id='line_1_6' title="bbox 306 613 1867 665; baseline 0.001 -12"><span class='ocrx_word' id='word_1_46' title='bbox 306 616 371 653; x_wconf 85' lang='lat' dir='ltr'>dia</span> <span class='ocrx_word' id='word_1_47' title='bbox 408 615 600 665; x_wconf 77' lang='lat' dir='ltr'>princeps.</span> <span class='ocrx_word' id='word_1_48' title='bbox 647 613 862 652; x_wconf 88' lang='lat' dir='ltr'>Caecilium</span> <span class='ocrx_word' id='word_1_49' title='bbox 899 613 1074 651; x_wconf 91' lang='lat' dir='ltr'>Statium</span> <span class='ocrx_word' id='word_1_50' title='bbox 1110 627 1199 652; x_wconf 92' lang='lat' dir='ltr'>cum</span> <span class='ocrx_word' id='word_1_51' title='bbox 1236 614 1366 652; x_wconf 85' lang='lat' dir='ltr'>Ennio</span> <span class='ocrx_word' id='word_1_52' title='bbox 1402 615 1448 651; x_wconf 92' lang='lat' dir='ltr'>ut</span> <span class='ocrx_word' id='word_1_53' title='bbox 1484 614 1526 652; x_wconf 89' lang='grc'>111</span> <span class='ocrx_word' id='word_1_54' title='bbox 1566 615 1650 653; x_wconf 82' lang='lat' dir='ltr'>vita</span> <span class='ocrx_word' id='word_1_55' title='bbox 1689 615 1867 654; x_wconf 87' lang='lat' dir='ltr'>iunctum</span> 
     </span>
     <span class='ocr_line' id='line_1_7' title="bbox 306 673 1868 724; baseline 0.001 -12"><span class='ocrx_word' id='word_1_56' title='bbox 306 675 361 713; x_wconf 86' lang='lat' dir='ltr'>sic</span> <span class='ocrx_word' id='word_1_57' title='bbox 390 686 438 712; x_wconf 87' lang='lat' dir='ltr'>ne</span> <span class='ocrx_word' id='word_1_58' title='bbox 469 674 510 711; x_wconf 90' lang='grc'>111</span> <span class='ocrx_word' id='word_1_59' title='bbox 541 675 668 711; x_wconf 89' lang='lat' dir='ltr'>morte</span> <span class='ocrx_word' id='word_1_60' title='bbox 704 673 862 722; x_wconf 89' lang='lat' dir='ltr'>quidem</span> <span class='ocrx_word' id='word_1_61' title='bbox 900 673 948 711; x_wconf 92' lang='lat' dir='ltr'>ab</span> <span class='ocrx_word' id='word_1_62' title='bbox 986 685 1032 711; x_wconf 94' lang='lat' dir='ltr'>eo</span> <span class='ocrx_word' id='word_1_63' title='bbox 1070 674 1297 723; x_wconf 88' lang='lat' dir='ltr'>separatum</span> <span class='ocrx_word' id='word_1_64' title='bbox 1334 673 1505 712; x_wconf 86' lang='lat' dir='ltr'>voluisse</span> <span class='ocrx_word' id='word_1_65' title='bbox 1542 675 1712 722; x_wconf 89' lang='lat' dir='ltr'>veteres,</span> <span class='ocrx_word' id='word_1_66' title='bbox 1748 687 1868 724; x_wconf 87' lang='lat' dir='ltr'>supra</span> 
     </span>
     <span class='ocr_line' id='line_1_8' title="bbox 305 731 1867 783; baseline 0.001 -13"><span class='ocrx_word' id='word_1_67' title='bbox 305 748 342 783; x_wconf 90' lang='lat' dir='ltr'>p.</span> <span class='ocrx_word' id='word_1_68' title='bbox 369 746 469 772; x_wconf 84' lang='lat' dir='ltr'>xvm</span> <span class='ocrx_word' id='word_1_69' title='bbox 505 745 551 771; x_wconf 84' lang='lat' dir='ltr'>cx</span> <span class='ocrx_word' id='word_1_70' title='bbox 587 732 822 782; x_wconf 83' lang='lat' dir='ltr'>Hieronymi</span> <span class='ocrx_word' id='word_1_71' title='bbox 858 732 1048 771; x_wconf 88' lang='lat' dir='ltr'>memoria</span> <span class='ocrx_word' id='word_1_72' title='bbox 1085 732 1324 782; x_wconf 84' lang='lat' dir='ltr'>collegimus.</span> <span class='ocrx_word' id='word_1_73' title='bbox 1368 731 1445 777; x_wconf 83' lang='lat' dir='ltr'>Qui</span> <span class='ocrx_word' id='word_1_74' title='bbox 1482 733 1587 781; x_wconf 92' lang='lat' dir='ltr'>quod</span> <span class='ocrx_word' id='word_1_75' title='bbox 1624 733 1675 771; x_wconf 89' lang='lat' dir='ltr'>ad</span> <span class='ocrx_word' id='word_1_76' title='bbox 1707 745 1741 771; x_wconf 86' lang='lat' dir='ltr'>a.</span> <span class='ocrx_word' id='word_1_77' title='bbox 1773 733 1867 773; x_wconf 91' lang='lat' dir='ltr'>Abr.</span> 
     </span>
     <span class='ocr_line' id='line_1_9' title="bbox 310 791 1870 840; baseline 0 -9"><span class='ocrx_word' id='word_1_78' title='bbox 310 793 421 831; x_wconf 89' lang='lat'>1838</span> <span class='ocrx_word' id='word_1_79' title='bbox 448 793 473 830; x_wconf 91' lang='lat' dir='ltr'>i.</span> <span class='ocrx_word' id='word_1_80' title='bbox 500 805 530 830; x_wconf 88' lang='grc'>0.</span> <span class='ocrx_word' id='word_1_81' title='bbox 559 805 592 831; x_wconf 91' lang='lat' dir='ltr'>a.</span> <span class='ocrx_word' id='word_1_82' title='bbox 618 805 655 831; x_wconf 90' lang='lat' dir='ltr'>u.</span> <span class='ocrx_word' id='word_1_83' title='bbox 684 792 767 830; x_wconf 84' lang='lat'>575</span> <span class='ocrx_word' id='word_1_84' title='bbox 801 804 916 830; x_wconf 92' lang='lat' dir='ltr'>suum</span> <span class='ocrx_word' id='word_1_85' title='bbox 939 791 1041 829; x_wconf 91' lang='lat' dir='ltr'>illud</span> <span class='ocrx_word' id='word_1_86' title='bbox 1071 793 1299 831; x_wconf 88' lang='lat' dir='ltr'>consuetum</span> <span class='ocrx_word' id='word_1_87' title='bbox 1332 792 1616 830; x_wconf 80' lang='lat' dir='ltr'>comoediarum</span> <span class='ocrx_word' id='word_1_88' title='bbox 1645 794 1870 840; x_wconf 77' lang='lat' dir='ltr'>scriptorem</span> 
     </span>
     <span class='ocr_line' id='line_1_10' title="bbox 306 850 1868 900; baseline 0.001 -10"><span class='ocrx_word' id='word_1_89' title='bbox 306 853 457 890; x_wconf 85' lang='lat' dir='ltr'>clarum</span> <span class='ocrx_word' id='word_1_90' title='bbox 493 852 627 890; x_wconf 73' lang='lat' dir='ltr'>haberi</span> <span class='ocrx_word' id='word_1_91' title='bbox 663 850 890 900; x_wconf 73' lang='lat' dir='ltr'>adscripsit,</span> <span class='ocrx_word' id='word_1_92' title='bbox 932 850 975 888; x_wconf 92' lang='lat' dir='ltr'>in</span> <span class='ocrx_word' id='word_1_93' title='bbox 1012 863 1059 889; x_wconf 90' lang='lat' dir='ltr'>ea</span> <span class='ocrx_word' id='word_1_94' title='bbox 1094 863 1136 889; x_wconf 91' lang='lat' dir='ltr'>re</span> <span class='ocrx_word' id='word_1_95' title='bbox 1176 863 1256 889; x_wconf 89' lang='lat' dir='ltr'>non</span> <span class='ocrx_word' id='word_1_96' title='bbox 1296 853 1356 889; x_wconf 89' lang='lat' dir='ltr'>est</span> <span class='ocrx_word' id='word_1_97' title='bbox 1396 851 1501 900; x_wconf 90' lang='lat' dir='ltr'>quod</span> <span class='ocrx_word' id='word_1_98' title='bbox 1541 853 1747 900; x_wconf 87' lang='lat' dir='ltr'>peccatum</span> <span class='ocrx_word' id='word_1_99' title='bbox 1787 864 1868 891; x_wconf 86' lang='lat' dir='ltr'>esse</span> 
     </span>
     <span class='ocr_line' id='line_1_11' title="bbox 307 910 1869 958; baseline 0.001 -9"><span class='ocrx_word' id='word_1_100' title='bbox 307 913 525 958; x_wconf 84' lang='lat' dir='ltr'>statuatur,</span> <span class='ocrx_word' id='word_1_101' title='bbox 562 910 679 948; x_wconf 91' lang='lat' dir='ltr'>modo</span> <span class='ocrx_word' id='word_1_102' title='bbox 710 923 758 948; x_wconf 89' lang='lat' dir='ltr'>ne</span> <span class='ocrx_word' id='word_1_103' title='bbox 790 910 862 948; x_wconf 92' lang='lat' dir='ltr'>hoc</span> <span class='ocrx_word' id='word_1_104' title='bbox 893 910 1054 948; x_wconf 84' lang='lat' dir='ltr'>initium</span> <span class='ocrx_word' id='word_1_105' title='bbox 1085 923 1167 949; x_wconf 91' lang='lat' dir='ltr'>esse</span> <span class='ocrx_word' id='word_1_106' title='bbox 1199 910 1445 948; x_wconf 77' lang='lat' dir='ltr'>claritudinis</span> <span class='ocrx_word' id='word_1_107' title='bbox 1483 923 1623 949; x_wconf 87' lang='lat' dir='ltr'>sumas.</span> <span class='ocrx_word' id='word_1_108' title='bbox 1661 911 1869 950; x_wconf 86' lang='lat' dir='ltr'>Ambivius</span> 
     </span>
     <span class='ocr_line' id='line_1_12' title="bbox 307 968 1869 1020; baseline 0 -12"><span class='ocrx_word' id='word_1_109' title='bbox 307 970 412 1008; x_wconf 88' lang='lat' dir='ltr'>enim</span> <span class='ocrx_word' id='word_1_110' title='bbox 443 969 609 1019; x_wconf 86' lang='lat' dir='ltr'>Turpio,</span> <span class='ocrx_word' id='word_1_111' title='bbox 647 969 715 1019; x_wconf 89' lang='lat' dir='ltr'>qui</span> <span class='ocrx_word' id='word_1_112' title='bbox 753 982 793 1008; x_wconf 91' lang='lat' dir='ltr'>se</span> <span class='ocrx_word' id='word_1_113' title='bbox 830 971 913 1007; x_wconf 85' lang='lat' dir='ltr'>tam</span> <span class='ocrx_word' id='word_1_114' title='bbox 945 968 1259 1007; x_wconf 81' lang='lat' dir='ltr'>Caecilianamm</span> <span class='ocrx_word' id='word_1_115' title='bbox 1289 969 1514 1007; x_wconf 87' lang='lat' dir='ltr'>fabularum</span> <span class='ocrx_word' id='word_1_116' title='bbox 1547 971 1719 1008; x_wconf 87' lang='lat' dir='ltr'>actorem</span> <span class='ocrx_word' id='word_1_117' title='bbox 1750 983 1869 1020; x_wconf 90' lang='lat' dir='ltr'>quam</span> 
     </span>
     <span class='ocr_line' id='line_1_13' title="bbox 307 1027 1869 1079; baseline 0.001 -13"><span class='ocrx_word' id='word_1_118' title='bbox 307 1029 633 1067; x_wconf 86' lang='lat' dir='ltr'>Terentianarum</span> <span class='ocrx_word' id='word_1_119' title='bbox 670 1028 790 1067; x_wconf 80' lang='lat' dir='ltr'>fuisse</span> <span class='ocrx_word' id='word_1_120' title='bbox 827 1027 961 1078; x_wconf 86' lang='lat' dir='ltr'>prodit</span> <span class='ocrx_word' id='word_1_121' title='bbox 997 1028 1038 1065; x_wconf 90' lang='lat' dir='ltr'>in</span> <span class='ocrx_word' id='word_1_122' title='bbox 1075 1029 1241 1077; x_wconf 85' lang='lat' dir='ltr'>hecyrae</span> <span class='ocrx_word' id='word_1_123' title='bbox 1278 1029 1460 1079; x_wconf 87' lang='lat' dir='ltr'>prologo,</span> <span class='ocrx_word' id='word_1_124' title='bbox 1503 1029 1544 1066; x_wconf 91' lang='lat' dir='ltr'>id</span> <span class='ocrx_word' id='word_1_125' title='bbox 1582 1042 1736 1078; x_wconf 90' lang='lat' dir='ltr'>quoque</span> <span class='ocrx_word' id='word_1_126' title='bbox 1779 1042 1869 1079; x_wconf 90' lang='lat' dir='ltr'>pro-</span> 
     </span>
     <span class='ocr_line' id='line_1_14' title="bbox 310 1083 1869 1138; baseline 0.001 -12"><span class='ocrx_word' id='word_1_127' title='bbox 310 1089 434 1126; x_wconf 87' lang='lat' dir='ltr'>fessus</span> <span class='ocrx_word' id='word_1_128' title='bbox 473 1090 533 1126; x_wconf 88' lang='lat' dir='ltr'>est</span> <span class='ocrx_word' id='word_1_129' title='bbox 565 1087 736 1126; x_wconf 90' lang='lat' dir='ltr'>Caecilio</span> <span class='ocrx_word' id='word_1_130' title='bbox 766 1087 882 1125; x_wconf 88' lang='lat' dir='ltr'>initio</span> <span class='ocrx_word' id='word_1_131' title='bbox 914 1100 992 1125; x_wconf 87' lang='lat' dir='ltr'>non</span> <span class='ocrx_word' id='word_1_132' title='bbox 1025 1087 1234 1138; x_wconf 86' lang='lat' dir='ltr'>contigisse</span> <span class='ocrx_word' id='word_1_133' title='bbox 1267 1083 1428 1137; x_wconf 76' lang='lat' dir='ltr'>‘populo</span> <span class='ocrx_word' id='word_1_134' title='bbox 1460 1090 1505 1125; x_wconf 87' lang='lat' dir='ltr'>ut</span> <span class='ocrx_word' id='word_1_135' title='bbox 1535 1089 1737 1137; x_wconf 87' lang='lat' dir='ltr'>placerent</span> <span class='ocrx_word' id='word_1_136' title='bbox 1772 1101 1869 1137; x_wconf 91' lang='lat' dir='ltr'>quas</span> 
     </span>
     <span class='ocr_line' id='line_1_15' title="bbox 308 1143 1870 1197; baseline 0.001 -13"><span class='ocrx_word' id='word_1_137' title='bbox 308 1147 463 1186; x_wconf 88' lang='lat' dir='ltr'>fecisset</span> <span class='ocrx_word' id='word_1_138' title='bbox 493 1143 676 1185; x_wconf 90' lang='lat' dir='ltr'>fabulas.’</span> <span class='ocrx_word' id='word_1_139' title='bbox 726 1146 829 1191; x_wconf 89' lang='lat' dir='ltr'>Quid</span> <span class='ocrx_word' id='word_1_140' title='bbox 860 1159 952 1197; x_wconf 87' lang='lat' dir='ltr'>ergo</span> <span class='ocrx_word' id='word_1_141' title='bbox 984 1146 1227 1196; x_wconf 88' lang='lat' dir='ltr'>probabilius</span> <span class='ocrx_word' id='word_1_142' title='bbox 1260 1159 1379 1196; x_wconf 90' lang='lat' dir='ltr'>quam</span> <span class='ocrx_word' id='word_1_143' title='bbox 1404 1146 1569 1184; x_wconf 88' lang='lat' dir='ltr'>eundem</span> <span class='ocrx_word' id='word_1_144' title='bbox 1593 1147 1730 1197; x_wconf 86' lang='lat' dir='ltr'>paucis</span> <span class='ocrx_word' id='word_1_145' title='bbox 1756 1148 1870 1187; x_wconf 89' lang='grc'>0111115</span> 
     </span>
     <span class='ocr_line' id='line_1_16' title="bbox 307 1205 1870 1256; baseline 0.001 -12"><span class='ocrx_word' id='word_1_146' title='bbox 307 1208 397 1256; x_wconf 88' lang='lat' dir='ltr'>post</span> <span class='ocrx_word' id='word_1_147' title='bbox 427 1205 563 1244; x_wconf 87' lang='lat' dir='ltr'>Plauti</span> <span class='ocrx_word' id='word_1_148' title='bbox 600 1206 752 1244; x_wconf 90' lang='lat' dir='ltr'>obitum</span> <span class='ocrx_word' id='word_1_149' title='bbox 789 1206 967 1243; x_wconf 84' lang='lat' dir='ltr'>favorem</span> <span class='ocrx_word' id='word_1_150' title='bbox 1000 1207 1232 1255; x_wconf 87' lang='lat' dir='ltr'>popularem</span> <span class='ocrx_word' id='word_1_151' title='bbox 1273 1207 1433 1243; x_wconf 90' lang='lat' dir='ltr'>nactum</span> <span class='ocrx_word' id='word_1_152' title='bbox 1470 1218 1552 1245; x_wconf 89' lang='lat' dir='ltr'>esse</span> <span class='ocrx_word' id='word_1_153' title='bbox 1590 1219 1706 1256; x_wconf 88' lang='lat' dir='ltr'>quem</span> <span class='ocrx_word' id='word_1_154' title='bbox 1744 1207 1870 1245; x_wconf 90' lang='lat' dir='ltr'>adhuc</span> 
     </span>
     <span class='ocr_line' id='line_1_17' title="bbox 308 1264 1870 1315; baseline 0.001 -13"><span class='ocrx_word' id='word_1_155' title='bbox 308 1265 567 1304; x_wconf 86' lang='lat' dir='ltr'>desiderabat.</span> <span class='ocrx_word' id='word_1_156' title='bbox 611 1264 824 1303; x_wconf 87' lang='lat' dir='ltr'>Difficilius</span> <span class='ocrx_word' id='word_1_157' title='bbox 850 1264 1049 1303; x_wconf 88' lang='lat' dir='ltr'>iudicatur</span> <span class='ocrx_word' id='word_1_158' title='bbox 1075 1277 1152 1314; x_wconf 88' lang='lat' dir='ltr'>quo</span> <span class='ocrx_word' id='word_1_159' title='bbox 1178 1267 1354 1314; x_wconf 89' lang='lat' dir='ltr'>tempore</span> <span class='ocrx_word' id='word_1_160' title='bbox 1382 1264 1586 1313; x_wconf 85' lang='lat' dir='ltr'>Caecilius,</span> <span class='ocrx_word' id='word_1_161' title='bbox 1618 1267 1685 1315; x_wconf 92' lang='lat' dir='ltr'>qui</span> <span class='ocrx_word' id='word_1_162' title='bbox 1710 1266 1870 1305; x_wconf 88' lang='lat' dir='ltr'>natione</span> 
     </span>
     <span class='ocr_line' id='line_1_18' title="bbox 308 1322 1871 1373; baseline 0.001 -11"><span class='ocrx_word' id='word_1_163' title='bbox 308 1324 472 1362; x_wconf 87' lang='lat' dir='ltr'>Insuber</span> <span class='ocrx_word' id='word_1_164' title='bbox 498 1322 634 1362; x_wconf 84' lang='lat' dir='ltr'>Gallus</span> <span class='ocrx_word' id='word_1_165' title='bbox 666 1326 752 1362; x_wconf 88' lang='lat' dir='ltr'>erat</span> <span class='ocrx_word' id='word_1_166' title='bbox 783 1326 823 1361; x_wconf 92' lang='lat' dir='ltr'>et</span> <span class='ocrx_word' id='word_1_167' title='bbox 850 1324 1065 1362; x_wconf 86' lang='lat' dir='ltr'>Mediolani</span> <span class='ocrx_word' id='word_1_168' title='bbox 1095 1326 1224 1371; x_wconf 89' lang='lat' dir='ltr'>natus,</span> <span class='ocrx_word' id='word_1_169' title='bbox 1255 1324 1423 1362; x_wconf 86' lang='lat' dir='ltr'>Romam</span> <span class='ocrx_word' id='word_1_170' title='bbox 1454 1324 1617 1373; x_wconf 83' lang='lat' dir='ltr'>venerit,</span> <span class='ocrx_word' id='word_1_171' title='bbox 1650 1325 1753 1373; x_wconf 89' lang='lat' dir='ltr'>quod</span> <span class='ocrx_word' id='word_1_172' title='bbox 1779 1327 1871 1364; x_wconf 86' lang='lat' dir='ltr'>ante</span> 
     </span>
     <span class='ocr_line' id='line_1_19' title="bbox 311 1382 1871 1431; baseline 0.001 -10"><span class='ocrx_word' id='word_1_173' title='bbox 311 1384 526 1421; x_wconf 86' lang='lat' dir='ltr'>adventum</span> <span class='ocrx_word' id='word_1_174' title='bbox 557 1382 677 1420; x_wconf 90' lang='lat' dir='ltr'>Ennii</span> <span class='ocrx_word' id='word_1_175' title='bbox 710 1383 896 1421; x_wconf 89' lang='lat' dir='ltr'>accidisse</span> <span class='ocrx_word' id='word_1_176' title='bbox 928 1384 993 1420; x_wconf 75' lang='lat' dir='ltr'>vix</span> <span class='ocrx_word' id='word_1_177' title='bbox 1026 1383 1227 1431; x_wconf 83' lang='lat' dir='ltr'>arbitrere,</span> <span class='ocrx_word' id='word_1_178' title='bbox 1260 1383 1327 1422; x_wconf 90' lang='lat' dir='ltr'>sed</span> <span class='ocrx_word' id='word_1_179' title='bbox 1358 1382 1451 1421; x_wconf 89' lang='lat' dir='ltr'>licet</span> <span class='ocrx_word' id='word_1_180' title='bbox 1482 1383 1529 1422; x_wconf 91' lang='lat' dir='ltr'>de</span> <span class='ocrx_word' id='word_1_181' title='bbox 1559 1396 1601 1421; x_wconf 91' lang='lat' dir='ltr'>re</span> <span class='ocrx_word' id='word_1_182' title='bbox 1633 1384 1783 1422; x_wconf 83' lang='lat' dir='ltr'>incerta</span> <span class='ocrx_word' id='word_1_183' title='bbox 1814 1384 1871 1423; x_wconf 88' lang='lat' dir='ltr'>ita</span> 
     </span>
     <span class='ocr_line' id='line_1_20' title="bbox 307 1442 1872 1492; baseline 0.001 -12"><span class='ocrx_word' id='word_1_184' title='bbox 307 1443 388 1481; x_wconf 89' lang='lat' dir='ltr'>fere</span> <span class='ocrx_word' id='word_1_185' title='bbox 420 1442 496 1481; x_wconf 88' lang='lat' dir='ltr'>nisi</span> <span class='ocrx_word' id='word_1_186' title='bbox 528 1442 647 1480; x_wconf 83' lang='lat' dir='ltr'>fallor</span> <span class='ocrx_word' id='word_1_187' title='bbox 678 1443 863 1489; x_wconf 87' lang='lat' dir='ltr'>statuere,</span> <span class='ocrx_word' id='word_1_188' title='bbox 894 1442 936 1479; x_wconf 91' lang='lat' dir='ltr'>in</span> <span class='ocrx_word' id='word_1_189' title='bbox 966 1442 1081 1480; x_wconf 90' lang='lat' dir='ltr'>bellis</span> <span class='ocrx_word' id='word_1_190' title='bbox 1111 1455 1210 1491; x_wconf 89' lang='lat' dir='ltr'>quae</span> <span class='ocrx_word' id='word_1_191' title='bbox 1236 1442 1404 1480; x_wconf 82' lang='lat' dir='ltr'>Romani</span> <span class='ocrx_word' id='word_1_192' title='bbox 1428 1444 1519 1492; x_wconf 90' lang='lat' dir='ltr'>post</span> <span class='ocrx_word' id='word_1_193' title='bbox 1543 1442 1699 1481; x_wconf 87' lang='lat' dir='ltr'>finitum</span> <span class='ocrx_word' id='word_1_194' title='bbox 1724 1443 1872 1481; x_wconf 89' lang='lat' dir='ltr'>bellum</span> 
     </span>
     <span class='ocr_line' id='line_1_21' title="bbox 308 1501 1872 1552; baseline 0.001 -13"><span class='ocrx_word' id='word_1_195' title='bbox 308 1501 500 1539; x_wconf 89' lang='lat' dir='ltr'>Punicum</span> <span class='ocrx_word' id='word_1_196' title='bbox 544 1501 757 1539; x_wconf 89' lang='lat' dir='ltr'>secundum</span> <span class='ocrx_word' id='word_1_197' title='bbox 800 1514 888 1539; x_wconf 85' lang='lat' dir='ltr'>cum</span> <span class='ocrx_word' id='word_1_198' title='bbox 931 1501 1159 1540; x_wconf 85' lang='lat' dir='ltr'>Insubribus</span> <span class='ocrx_word' id='word_1_199' title='bbox 1205 1501 1329 1540; x_wconf 88' lang='lat' dir='ltr'>Gallis</span> <span class='ocrx_word' id='word_1_200' title='bbox 1373 1503 1481 1539; x_wconf 87' lang='lat' dir='ltr'>varie</span> <span class='ocrx_word' id='word_1_201' title='bbox 1525 1504 1564 1539; x_wconf 89' lang='lat' dir='ltr'>et</span> <span class='ocrx_word' id='word_1_202' title='bbox 1607 1502 1872 1552; x_wconf 85' lang='lat' dir='ltr'>compluribus</span> 
     </span>
     <span class='ocr_line' id='line_1_22' title="bbox 309 1560 1872 1610; baseline 0.001 -12"><span class='ocrx_word' id='word_1_203' title='bbox 309 1562 422 1599; x_wconf 88' lang='lat' dir='ltr'>annis</span> <span class='ocrx_word' id='word_1_204' title='bbox 460 1562 682 1610; x_wconf 85' lang='lat' dir='ltr'>gesserunt,</span> <span class='ocrx_word' id='word_1_205' title='bbox 719 1560 829 1598; x_wconf 87' lang='lat' dir='ltr'>velut</span> <span class='ocrx_word' id='word_1_206' title='bbox 867 1573 901 1598; x_wconf 90' lang='lat' dir='ltr'>a.</span> <span class='ocrx_word' id='word_1_207' title='bbox 936 1561 1019 1598; x_wconf 89' lang='lat'>555</span> <span class='ocrx_word' id='word_1_208' title='bbox 1059 1560 1106 1598; x_wconf 91' lang='lat' dir='ltr'>de</span> <span class='ocrx_word' id='word_1_209' title='bbox 1145 1573 1222 1609; x_wconf 93' lang='lat' dir='ltr'>quo</span> <span class='ocrx_word' id='word_1_210' title='bbox 1256 1560 1393 1599; x_wconf 86' lang='lat' dir='ltr'>Livius</span> <span class='ocrx_word' id='word_1_211' title='bbox 1419 1573 1533 1598; x_wconf 81' lang='lat' dir='ltr'><strong>xxxn</strong></span> <span class='ocrx_word' id='word_1_212' title='bbox 1561 1563 1583 1598; x_wconf 86' lang='grc'>7</span> <span class='ocrx_word' id='word_1_213' title='bbox 1624 1563 1694 1599; x_wconf 88' lang='lat' dir='ltr'>aut</span> <span class='ocrx_word' id='word_1_214' title='bbox 1726 1575 1758 1600; x_wconf 91' lang='lat' dir='ltr'>a.</span> <span class='ocrx_word' id='word_1_215' title='bbox 1788 1562 1872 1600; x_wconf 83' lang='lat'>560</span> 
     </span>
     <span class='ocr_line' id='line_1_23' title="bbox 311 1614 1872 1671; baseline 0.002 -14"><span class='ocrx_word' id='word_1_216' title='bbox 311 1620 442 1671; x_wconf 74' lang='lat' dir='ltr'>(Livio</span> <span class='ocrx_word' id='word_1_217' title='bbox 480 1622 580 1658; x_wconf 86' lang='lat' dir='ltr'>teste</span> <span class='ocrx_word' id='word_1_218' title='bbox 611 1631 736 1657; x_wconf 82' lang='lat' dir='ltr'><strong>xxxlv</strong></span> <span class='ocrx_word' id='word_1_219' title='bbox 762 1614 857 1671; x_wconf 80' lang='lat'>46),</span> <span class='ocrx_word' id='word_1_220' title='bbox 902 1618 1076 1658; x_wconf 86' lang='lat' dir='ltr'>Statium</span> <span class='ocrx_word' id='word_1_221' title='bbox 1113 1631 1269 1658; x_wconf 88' lang='lat' dir='ltr'>servum</span> <span class='ocrx_word' id='word_1_222' title='bbox 1305 1621 1443 1669; x_wconf 91' lang='lat' dir='ltr'>utpote</span> <span class='ocrx_word' id='word_1_223' title='bbox 1480 1620 1583 1658; x_wconf 90' lang='lat' dir='ltr'>bello</span> <span class='ocrx_word' id='word_1_224' title='bbox 1625 1622 1785 1670; x_wconf 86' lang='lat' dir='ltr'>captum</span> <span class='ocrx_word' id='word_1_225' title='bbox 1823 1622 1872 1660; x_wconf 85' lang='lat' dir='ltr'>ad</span> 
     </span>
     <span class='ocr_line' id='line_1_24' title="bbox 310 1677 1872 1728; baseline 0.001 -11"><span class='ocrx_word' id='word_1_226' title='bbox 310 1679 512 1717; x_wconf 87' lang='lat' dir='ltr'>dominum</span> <span class='ocrx_word' id='word_1_227' title='bbox 537 1678 771 1725; x_wconf 86' lang='lat' dir='ltr'>Romanum,</span> <span class='ocrx_word' id='word_1_228' title='bbox 802 1678 932 1716; x_wconf 89' lang='lat' dir='ltr'>nescio</span> <span class='ocrx_word' id='word_1_229' title='bbox 959 1691 1074 1727; x_wconf 90' lang='lat' dir='ltr'>quem</span> <span class='ocrx_word' id='word_1_230' title='bbox 1101 1677 1326 1728; x_wconf 88' lang='lat' dir='ltr'>Caecilium,</span> <span class='ocrx_word' id='word_1_231' title='bbox 1351 1680 1573 1727; x_wconf 88' lang='lat' dir='ltr'>pervenisse</span> <span class='ocrx_word' id='word_1_232' title='bbox 1598 1679 1732 1728; x_wconf 88' lang='lat' dir='ltr'>ibique</span> <span class='ocrx_word' id='word_1_233' title='bbox 1756 1679 1872 1718; x_wconf 90' lang='lat' dir='ltr'>libcr-</span> 
     </span>
     <span class='ocr_line' id='line_1_25' title="bbox 310 1737 1872 1788; baseline 0 -12"><span class='ocrx_word' id='word_1_234' title='bbox 310 1740 393 1776; x_wconf 84' lang='lat' dir='ltr'>tate</span> <span class='ocrx_word' id='word_1_235' title='bbox 431 1738 622 1776; x_wconf 89' lang='lat' dir='ltr'>donatum</span> <span class='ocrx_word' id='word_1_236' title='bbox 659 1739 699 1775; x_wconf 90' lang='lat' dir='ltr'>et</span> <span class='ocrx_word' id='word_1_237' title='bbox 734 1737 895 1787; x_wconf 88' lang='lat' dir='ltr'>patroni</span> <span class='ocrx_word' id='word_1_238' title='bbox 931 1737 1089 1775; x_wconf 89' lang='lat' dir='ltr'>nomine</span> <span class='ocrx_word' id='word_1_239' title='bbox 1127 1740 1287 1776; x_wconf 88' lang='lat' dir='ltr'>auctum</span> <span class='ocrx_word' id='word_1_240' title='bbox 1323 1737 1496 1788; x_wconf 90' lang='lat' dir='ltr'>primum</span> <span class='ocrx_word' id='word_1_241' title='bbox 1533 1738 1576 1776; x_wconf 88' lang='lat' dir='ltr'>in</span> <span class='ocrx_word' id='word_1_242' title='bbox 1617 1739 1872 1777; x_wconf 87' lang='lat' dir='ltr'>contubernio</span> 
     </span>
     <span class='ocr_line' id='line_1_26' title="bbox 309 1795 1872 1847; baseline 0.001 -13"><span class='ocrx_word' id='word_1_243' title='bbox 309 1797 430 1835; x_wconf 87' lang='lat' dir='ltr'>Ennii</span> <span class='ocrx_word' id='word_1_244' title='bbox 461 1796 614 1835; x_wconf 81' lang='lat' dir='ltr'>vixisse.</span> <span class='ocrx_word' id='word_1_245' title='bbox 666 1795 742 1834; x_wconf 86' lang='lat' dir='ltr'>Sed</span> <span class='ocrx_word' id='word_1_246' title='bbox 766 1796 807 1834; x_wconf 88' lang='lat' dir='ltr'>in</span> <span class='ocrx_word' id='word_1_247' title='bbox 832 1798 960 1846; x_wconf 91' lang='lat' dir='ltr'>poesis</span> <span class='ocrx_word' id='word_1_248' title='bbox 986 1809 1126 1847; x_wconf 87' lang='lat' dir='ltr'>genere</span> <span class='ocrx_word' id='word_1_249' title='bbox 1151 1797 1282 1834; x_wconf 88' lang='lat' dir='ltr'>neutri</span> <span class='ocrx_word' id='word_1_250' title='bbox 1308 1809 1396 1835; x_wconf 91' lang='lat' dir='ltr'>cum</span> <span class='ocrx_word' id='word_1_251' title='bbox 1422 1797 1546 1835; x_wconf 88' lang='lat' dir='ltr'>altero</span> <span class='ocrx_word' id='word_1_252' title='bbox 1574 1799 1723 1836; x_wconf 88' lang='lat' dir='ltr'>certare</span> <span class='ocrx_word' id='word_1_253' title='bbox 1748 1798 1872 1846; x_wconf 86' lang='lat' dir='ltr'>licuit,</span> 
     </span>
     <span class='ocr_line' id='line_1_27' title="bbox 311 1854 1873 1906; baseline 0.001 -12"><span class='ocrx_word' id='word_1_254' title='bbox 311 1856 344 1895; x_wconf 90' lang='lat' dir='ltr'>si</span> <span class='ocrx_word' id='word_1_255' title='bbox 376 1856 535 1906; x_wconf 89' lang='lat' dir='ltr'>quidem</span> <span class='ocrx_word' id='word_1_256' title='bbox 561 1854 753 1894; x_wconf 80' lang='lat' dir='ltr'>Caecilius</span> <span class='ocrx_word' id='word_1_257' title='bbox 784 1855 1013 1905; x_wconf 86' lang='lat' dir='ltr'>praestabat</span> <span class='ocrx_word' id='word_1_258' title='bbox 1042 1855 1085 1893; x_wconf 90' lang='lat' dir='ltr'>in</span> <span class='ocrx_word' id='word_1_259' title='bbox 1117 1869 1163 1894; x_wconf 88' lang='grc'>00</span> <span class='ocrx_word' id='word_1_260' title='bbox 1193 1868 1313 1905; x_wconf 88' lang='lat' dir='ltr'>quam</span> <span class='ocrx_word' id='word_1_261' title='bbox 1343 1856 1456 1894; x_wconf 86' lang='lat' dir='ltr'>unice</span> <span class='ocrx_word' id='word_1_262' title='bbox 1482 1856 1636 1895; x_wconf 88' lang='lat' dir='ltr'>colebat</span> <span class='ocrx_word' id='word_1_263' title='bbox 1661 1857 1873 1905; x_wconf 86' lang='lat' dir='ltr'>comoedia,</span> 
     </span>
     <span class='ocr_line' id='line_1_28' title="bbox 311 1914 1742 1965; baseline 0.001 -12"><span class='ocrx_word' id='word_1_264' title='bbox 311 1915 462 1954; x_wconf 87' lang='lat' dir='ltr'>Ennius</span> <span class='ocrx_word' id='word_1_265' title='bbox 494 1915 535 1952; x_wconf 90' lang='lat' dir='ltr'>in</span> <span class='ocrx_word' id='word_1_266' title='bbox 566 1914 773 1965; x_wconf 86' lang='lat' dir='ltr'>tragoedia</span> <span class='ocrx_word' id='word_1_267' title='bbox 804 1915 999 1962; x_wconf 86' lang='lat' dir='ltr'>excelluit,</span> <span class='ocrx_word' id='word_1_268' title='bbox 1030 1915 1073 1952; x_wconf 91' lang='grc'>111</span> <span class='ocrx_word' id='word_1_269' title='bbox 1104 1915 1305 1953; x_wconf 90' lang='lat' dir='ltr'>comoedia</span> <span class='ocrx_word' id='word_1_270' title='bbox 1335 1915 1451 1953; x_wconf 89' lang='lat' dir='ltr'>valde</span> <span class='ocrx_word' id='word_1_271' title='bbox 1483 1916 1742 1954; x_wconf 87' lang='lat' dir='ltr'>claudicabat.</span> 
     </span>
     <span class='ocr_line' id='line_1_29' title="bbox 429 1973 1873 2022; baseline 0.001 -10"><span class='ocrx_word' id='word_1_272' title='bbox 429 1974 543 2012; x_wconf 83' lang='lat' dir='ltr'>Alter</span> <span class='ocrx_word' id='word_1_273' title='bbox 575 1976 634 2012; x_wconf 92' lang='lat' dir='ltr'>est</span> <span class='ocrx_word' id='word_1_274' title='bbox 663 1973 715 2010; x_wconf 87' lang='lat' dir='ltr'>M.</span> <span class='ocrx_word' id='word_1_275' title='bbox 748 1973 955 2021; x_wconf 85' lang='lat' dir='ltr'>Pacuvius,</span> <span class='ocrx_word' id='word_1_276' title='bbox 987 1974 1082 2012; x_wconf 87' lang='lat' dir='ltr'>item</span> <span class='ocrx_word' id='word_1_277' title='bbox 1114 1973 1280 2012; x_wconf 88' lang='lat' dir='ltr'>Calaber</span> <span class='ocrx_word' id='word_1_278' title='bbox 1310 1976 1357 2011; x_wconf 89' lang='lat' dir='ltr'>ut</span> <span class='ocrx_word' id='word_1_279' title='bbox 1387 1974 1550 2022; x_wconf 88' lang='lat' dir='ltr'>Ennius,</span> <span class='ocrx_word' id='word_1_280' title='bbox 1582 1976 1650 2013; x_wconf 93' lang='lat' dir='ltr'>sed</span> <span class='ocrx_word' id='word_1_281' title='bbox 1680 1988 1759 2013; x_wconf 90' lang='lat' dir='ltr'>non</span> <span class='ocrx_word' id='word_1_282' title='bbox 1794 1976 1873 2013; x_wconf 83' lang='lat' dir='ltr'>Ru-</span> 
     </span>
     <span class='ocr_line' id='line_1_30' title="bbox 311 2033 1873 2082; baseline 0 -10"><span class='ocrx_word' id='word_1_283' title='bbox 311 2034 444 2081; x_wconf 90' lang='lat' dir='ltr'>dinus,</span> <span class='ocrx_word' id='word_1_284' title='bbox 481 2046 618 2071; x_wconf 85' lang='lat' dir='ltr'>verum</span> <span class='ocrx_word' id='word_1_285' title='bbox 654 2033 946 2081; x_wconf 67' lang='lat' dir='ltr'>andusinus,</span> <span class='ocrx_word' id='word_1_286' title='bbox 984 2034 1053 2082; x_wconf 91' lang='lat' dir='ltr'>qui</span> <span class='ocrx_word' id='word_1_287' title='bbox 1090 2033 1233 2082; x_wconf 87' lang='lat' dir='ltr'>duplex</span> <span class='ocrx_word' id='word_1_288' title='bbox 1270 2034 1373 2071; x_wconf 87' lang='lat' dir='ltr'>ratio</span> <span class='ocrx_word' id='word_1_289' title='bbox 1411 2035 1471 2071; x_wconf 85' lang='lat' dir='ltr'>est</span> <span class='ocrx_word' id='word_1_290' title='bbox 1508 2046 1586 2082; x_wconf 91' lang='lat' dir='ltr'>qua</span> <span class='ocrx_word' id='word_1_291' title='bbox 1625 2047 1712 2072; x_wconf 90' lang='lat' dir='ltr'>cum</span> <span class='ocrx_word' id='word_1_292' title='bbox 1742 2034 1873 2072; x_wconf 85' lang='lat' dir='ltr'>Ennio</span> 
     </span>
     <span class='ocr_line' id='line_1_31' title="bbox 311 2088 1873 2144; baseline 0.001 -13"><span class='ocrx_word' id='word_1_293' title='bbox 311 2094 501 2144; x_wconf 87' lang='lat' dir='ltr'>iungatur</span> <span class='ocrx_word' id='word_1_294' title='bbox 532 2092 627 2141; x_wconf 90' lang='lat' dir='ltr'>quia</span> <span class='ocrx_word' id='word_1_295' title='bbox 658 2094 698 2130; x_wconf 89' lang='lat' dir='ltr'>et</span> <span class='ocrx_word' id='word_1_296' title='bbox 728 2094 919 2143; x_wconf 87' lang='lat' dir='ltr'>cognatus</span> <span class='ocrx_word' id='word_1_297' title='bbox 951 2092 1029 2130; x_wconf 80' lang='lat' dir='ltr'>fuit</span> <span class='ocrx_word' id='word_1_298' title='bbox 1060 2094 1099 2130; x_wconf 90' lang='lat' dir='ltr'>et</span> <span class='ocrx_word' id='word_1_299' title='bbox 1130 2092 1212 2131; x_wconf 89' lang='lat' dir='ltr'>eius</span> <span class='ocrx_word' id='word_1_300' title='bbox 1251 2088 1465 2142; x_wconf 89' lang='lat' dir='ltr'>discipulus</span> <span class='ocrx_word' id='word_1_301' title='bbox 1503 2095 1676 2131; x_wconf 86' lang='lat' dir='ltr'>vocatur.</span> <span class='ocrx_word' id='word_1_302' title='bbox 1721 2093 1873 2132; x_wconf 92' lang='lat' dir='ltr'>Plinius</span> 
     </span>
     <span class='ocr_line' id='line_1_32' title="bbox 312 2146 1873 2205; baseline -0.001 -14"><span class='ocrx_word' id='word_1_303' title='bbox 312 2148 411 2205; x_wconf 87' lang='lat' dir='ltr'>(nat.</span> <span class='ocrx_word' id='word_1_304' title='bbox 444 2152 535 2190; x_wconf 89' lang='lat' dir='ltr'>hist.</span> <span class='ocrx_word' id='word_1_305' title='bbox 562 2163 671 2189; x_wconf 81' lang='lat' dir='ltr'><strong>xxxv</strong></span> <span class='ocrx_word' id='word_1_306' title='bbox 700 2146 773 2203; x_wconf 87' lang='grc'>19)</span> <span class='ocrx_word' id='word_1_307' title='bbox 811 2151 858 2189; x_wconf 87' lang='grc'>(10</span> <span class='ocrx_word' id='word_1_308' title='bbox 894 2150 1052 2201; x_wconf 83' lang='lat' dir='ltr'>pictura</span> <span class='ocrx_word' id='word_1_309' title='bbox 1089 2164 1209 2202; x_wconf 89' lang='lat' dir='ltr'>agens</span> <span class='ocrx_word' id='word_1_310' title='bbox 1237 2151 1375 2190; x_wconf 88' lang='lat' dir='ltr'>scribit</span> <span class='ocrx_word' id='word_1_311' title='bbox 1405 2152 1595 2191; x_wconf 87' lang='lat' dir='ltr'>celebrata</span> <span class='ocrx_word' id='word_1_312' title='bbox 1625 2155 1679 2191; x_wconf 83' lang='lat' dir='ltr'>est</span> <span class='ocrx_word' id='word_1_313' title='bbox 1710 2154 1751 2190; x_wconf 79' lang='lat' dir='ltr'>in</span> <span class='ocrx_word' id='word_1_314' title='bbox 1788 2154 1873 2200; x_wconf 84' lang='lat' dir='ltr'>foro</span> 
     </span>
     <span class='ocr_line' id='line_1_33' title="bbox 312 2211 1875 2260; baseline 0 -10"><span class='ocrx_word' id='word_1_315' title='bbox 312 2213 445 2250; x_wconf 78' lang='lat' dir='ltr'>boario</span> <span class='ocrx_word' id='word_1_316' title='bbox 476 2211 568 2249; x_wconf 81' lang='lat' dir='ltr'>aede</span> <span class='ocrx_word' id='word_1_317' title='bbox 599 2211 782 2249; x_wconf 78' lang='lat' dir='ltr'>Herculis</span> <span class='ocrx_word' id='word_1_318' title='bbox 813 2211 938 2249; x_wconf 74' lang='lat' dir='ltr'>Pacu-i</span> <span class='ocrx_word' id='word_1_319' title='bbox 961 2214 1098 2258; x_wconf 77' lang='lat' dir='ltr'>poetae</span> <span class='ocrx_word' id='word_1_320' title='bbox 1121 2212 1292 2258; x_wconf 68' lang='lat' dir='ltr'>pictura.</span> <span class='ocrx_word' id='word_1_321' title='bbox 1324 2211 1435 2249; x_wconf 78' lang='lat' dir='ltr'>Emu’</span> <span class='ocrx_word' id='word_1_322' title='bbox 1463 2222 1593 2250; x_wconf 80' lang='lat' dir='ltr'>sorore</span> <span class='ocrx_word' id='word_1_323' title='bbox 1626 2213 1778 2260; x_wconf 64' lang='lat' dir='ltr'>⁴cvem&#39;tus</span> <span class='ocrx_word' id='word_1_324' title='bbox 1814 2212 1875 2250; x_wconf 79' lang='lat' dir='ltr'>hic</span> 
     </span>
     <span class='ocr_line' id='line_1_34' title="bbox 312 2270 1874 2320; baseline 0.001 -12"><span class='ocrx_word' id='word_1_325' title='bbox 312 2273 389 2319; x_wconf 78' lang='lat' dir='ltr'>fuit</span> <span class='ocrx_word' id='word_1_326' title='bbox 425 2271 700 2318; x_wconf 75' lang='lat' dir='ltr'>clarioremque</span> <span class='ocrx_word' id='word_1_327' title='bbox 737 2272 859 2308; x_wconf 84' lang='lat' dir='ltr'>artem</span> <span class='ocrx_word' id='word_1_328' title='bbox 896 2281 981 2308; x_wconf 88' lang='lat' dir='ltr'>eam</span> <span class='ocrx_word' id='word_1_329' title='bbox 1017 2270 1166 2308; x_wconf 86' lang='lat' dir='ltr'>Romae</span> <span class='ocrx_word' id='word_1_330' title='bbox 1203 2271 1292 2316; x_wconf 76' lang='lat' dir='ltr'>fecit</span> <span class='ocrx_word' id='word_1_331' title='bbox 1324 2270 1452 2318; x_wconf 71' lang='lat' dir='ltr'>qloria</span> <span class='ocrx_word' id='word_1_332' title='bbox 1494 2281 1651 2317; x_wconf 78' lang='lat' dir='ltr'>seenae;</span> <span class='ocrx_word' id='word_1_333' title='bbox 1693 2270 1874 2320; x_wconf 90' lang='lat' dir='ltr'>idemque</span> 
     </span>
     <span class='ocr_line' id='line_1_35' title="bbox 314 2328 1873 2379; baseline 0 -12"><span class='ocrx_word' id='word_1_334' title='bbox 314 2330 361 2367; x_wconf 90' lang='lat' dir='ltr'>de</span> <span class='ocrx_word' id='word_1_335' title='bbox 387 2330 621 2379; x_wconf 88' lang='lat' dir='ltr'>cognatione</span> <span class='ocrx_word' id='word_1_336' title='bbox 649 2328 827 2366; x_wconf 88' lang='lat' dir='ltr'>Suetonii</span> <span class='ocrx_word' id='word_1_337' title='bbox 852 2328 1039 2367; x_wconf 89' lang='lat' dir='ltr'>beneficio</span> <span class='ocrx_word' id='word_1_338' title='bbox 1064 2329 1331 2378; x_wconf 84' lang='lat' dir='ltr'>Hieronymus</span> <span class='ocrx_word' id='word_1_339' title='bbox 1355 2329 1477 2367; x_wconf 87' lang='lat' dir='ltr'>refert</span> <span class='ocrx_word' id='word_1_340' title='bbox 1502 2329 1553 2367; x_wconf 88' lang='lat' dir='ltr'>ad</span> <span class='ocrx_word' id='word_1_341' title='bbox 1578 2342 1611 2367; x_wconf 89' lang='lat' dir='ltr'>a.</span> <span class='ocrx_word' id='word_1_342' title='bbox 1638 2329 1732 2367; x_wconf 87' lang='lat' dir='ltr'>Abr.</span> <span class='ocrx_word' id='word_1_343' title='bbox 1762 2330 1873 2368; x_wconf 83' lang='lat'>1863</span> 
     </span>
     <span class='ocr_line' id='line_1_36' title="bbox 313 2388 1875 2436; baseline 0.001 -11"><span class='ocrx_word' id='word_1_344' title='bbox 313 2389 337 2425; x_wconf 88' lang='lat' dir='ltr'>i.</span> <span class='ocrx_word' id='word_1_345' title='bbox 371 2401 401 2426; x_wconf 89' lang='lat' dir='ltr'>e.</span> <span class='ocrx_word' id='word_1_346' title='bbox 436 2389 521 2427; x_wconf 89' lang='grc'>600</span> <span class='ocrx_word' id='word_1_347' title='bbox 554 2400 587 2425; x_wconf 90' lang='grc'>0.</span> <span class='ocrx_word' id='word_1_348' title='bbox 620 2401 655 2425; x_wconf 90' lang='lat' dir='ltr'>u.</span> <span class='ocrx_word' id='word_1_349' title='bbox 693 2388 819 2426; x_wconf 74' lang='lat' dir='ltr'>Ennii</span> <span class='ocrx_word' id='word_1_350' title='bbox 848 2391 985 2435; x_wconf 77' lang='lat' dir='ltr'>poetae</span> <span class='ocrx_word' id='word_1_351' title='bbox 1023 2400 1068 2426; x_wconf 80' lang='lat' dir='ltr'>ex</span> <span class='ocrx_word' id='word_1_352' title='bbox 1103 2389 1191 2435; x_wconf 70' lang='lat' dir='ltr'>filla</span> <span class='ocrx_word' id='word_1_353' title='bbox 1226 2399 1361 2436; x_wconf 53' lang='lat' dir='ltr'>nepo&amp;</span> <span class='ocrx_word' id='word_1_354' title='bbox 1405 2388 1471 2426; x_wconf 89' lang='lat' dir='ltr'>sed</span> <span class='ocrx_word' id='word_1_355' title='bbox 1509 2401 1597 2426; x_wconf 92' lang='lat' dir='ltr'>cum</span> <span class='ocrx_word' id='word_1_356' title='bbox 1640 2388 1875 2436; x_wconf 88' lang='lat' dir='ltr'>discrimine,</span> 
     </span>
     <span class='ocr_line' id='line_1_37' title="bbox 315 2446 1875 2497; baseline 0.001 -13"><span class='ocrx_word' id='word_1_357' title='bbox 315 2448 418 2497; x_wconf 88' lang='lat' dir='ltr'>quod</span> <span class='ocrx_word' id='word_1_358' title='bbox 456 2446 616 2485; x_wconf 89' lang='lat' dir='ltr'>difficile</span> <span class='ocrx_word' id='word_1_359' title='bbox 656 2446 875 2494; x_wconf 83' lang='lat' dir='ltr'>dirimitur,</span> <span class='ocrx_word' id='word_1_360' title='bbox 918 2449 1128 2497; x_wconf 88' lang='lat' dir='ltr'>propterea</span> <span class='ocrx_word' id='word_1_361' title='bbox 1169 2447 1274 2496; x_wconf 90' lang='lat' dir='ltr'>quod</span> <span class='ocrx_word' id='word_1_362' title='bbox 1315 2449 1455 2484; x_wconf 89' lang='lat' dir='ltr'>neuter</span> <span class='ocrx_word' id='word_1_363' title='bbox 1495 2447 1674 2496; x_wconf 84' lang='lat' dir='ltr'>peccavit</span> <span class='ocrx_word' id='word_1_364' title='bbox 1709 2447 1751 2484; x_wconf 88' lang='lat' dir='ltr'>in</span> <span class='ocrx_word' id='word_1_365' title='bbox 1789 2459 1875 2485; x_wconf 87' lang='lat' dir='ltr'>ora-</span> 
     </span>
     <span class='ocr_line' id='line_1_38' title="bbox 314 2500 1875 2557; baseline -0.001 -12"><span class='ocrx_word' id='word_1_366' title='bbox 314 2507 421 2545; x_wconf 90' lang='lat' dir='ltr'>tione</span> <span class='ocrx_word' id='word_1_367' title='bbox 454 2507 521 2544; x_wconf 89' lang='lat' dir='ltr'>sed</span> <span class='ocrx_word' id='word_1_368' title='bbox 552 2508 716 2555; x_wconf 87' lang='lat' dir='ltr'>uterque</span> <span class='ocrx_word' id='word_1_369' title='bbox 747 2506 879 2555; x_wconf 89' lang='lat' dir='ltr'>posuit</span> <span class='ocrx_word' id='word_1_370' title='bbox 911 2507 1019 2555; x_wconf 90' lang='lat' dir='ltr'>quod</span> <span class='ocrx_word' id='word_1_371' title='bbox 1044 2506 1233 2556; x_wconf 88' lang='lat' dir='ltr'>scriptum</span> <span class='ocrx_word' id='word_1_372' title='bbox 1265 2500 1494 2557; x_wconf 72' lang='lat' dir='ltr'>oportuit.*)</span> <span class='ocrx_word' id='word_1_373' title='bbox 1539 2505 1651 2550; x_wconf 87' lang='lat' dir='ltr'>Quod</span> <span class='ocrx_word' id='word_1_374' title='bbox 1681 2505 1875 2554; x_wconf 85' lang='lat' dir='ltr'>Hierony-</span> 
     </span>
     <span class='ocr_line' id='line_1_39' title="bbox 314 2565 1876 2615; baseline -0.001 -12"><span class='ocrx_word' id='word_1_375' title='bbox 314 2577 400 2603; x_wconf 89' lang='lat' dir='ltr'>mus</span> <span class='ocrx_word' id='word_1_376' title='bbox 437 2578 554 2615; x_wconf 90' lang='lat' dir='ltr'>porro</span> <span class='ocrx_word' id='word_1_377' title='bbox 593 2565 690 2603; x_wconf 88' lang='lat' dir='ltr'>dicit</span> <span class='ocrx_word' id='word_1_378' title='bbox 725 2567 892 2612; x_wconf 69' lang='lat' dir='ltr'>vixitque</span> <span class='ocrx_word' id='word_1_379' title='bbox 923 2565 1071 2604; x_wconf 86' lang='lat' dir='ltr'>Romae</span> <span class='ocrx_word' id='word_1_380' title='bbox 1102 2565 1230 2613; x_wconf 80' lang='lat' dir='ltr'>quoad</span> <span class='ocrx_word' id='word_1_381' title='bbox 1253 2567 1453 2612; x_wconf 74' lang='lat' dir='ltr'>picturam</span> <span class='ocrx_word' id='word_1_382' title='bbox 1485 2566 1651 2603; x_wconf 67' lang='lat' dir='ltr'>ewercuit</span> <span class='ocrx_word' id='word_1_383' title='bbox 1681 2577 1726 2603; x_wconf 89' lang='lat' dir='ltr'>ac</span> <span class='ocrx_word' id='word_1_384' title='bbox 1762 2565 1876 2612; x_wconf 77' lang='lat' dir='ltr'>fabu-</span> 
     </span>
     <span class='ocr_line' id='line_1_40' title="bbox 315 2623 1875 2671; baseline -0.002 -8"><span class='ocrx_word' id='word_1_385' title='bbox 315 2627 375 2663; x_wconf 80' lang='lat' dir='ltr'>las</span> <span class='ocrx_word' id='word_1_386' title='bbox 406 2625 632 2669; x_wconf 74' lang='lat' dir='ltr'>venditavit,</span> <span class='ocrx_word' id='word_1_387' title='bbox 670 2624 806 2662; x_wconf 87' lang='lat' dir='ltr'>eadem</span> <span class='ocrx_word' id='word_1_388' title='bbox 839 2625 906 2662; x_wconf 86' lang='lat' dir='ltr'>via</span> <span class='ocrx_word' id='word_1_389' title='bbox 943 2625 993 2662; x_wconf 89' lang='lat' dir='ltr'>ad</span> <span class='ocrx_word' id='word_1_390' title='bbox 1030 2624 1216 2662; x_wconf 90' lang='lat' dir='ltr'>ultimum</span> <span class='ocrx_word' id='word_1_391' title='bbox 1254 2626 1452 2662; x_wconf 86' lang='lat' dir='ltr'>auctorem</span> <span class='ocrx_word' id='word_1_392' title='bbox 1489 2623 1654 2661; x_wconf 83' lang='lat' dir='ltr'>redeunt</span> <span class='ocrx_word' id='word_1_393' title='bbox 1690 2623 1875 2671; x_wconf 86' lang='lat' dir='ltr'>Plinium,</span> 
     </span>
    </p>
   </div>
   <div class='ocr_carea' id='block_1_3' title="bbox 316 2706 452 2710">
    <p class='ocr_par' dir='ltr' id='par_1_3' title="bbox 316 2706 452 2710">
     <span class='ocr_line' id='line_1_41' title="bbox 316 2706 452 2710; baseline 0 0"><span class='ocrx_word' id='word_1_394' title='bbox 316 2706 452 2710; x_wconf 95' lang='lat' dir='ltr'> </span> 
     </span>
    </p>
   </div>
   <div class='ocr_carea' id='block_1_4' title="bbox 453 2705 599 2707">
    <p class='ocr_par' dir='ltr' id='par_1_4' title="bbox 453 2705 599 2707">
     <span class='ocr_line' id='line_1_42' title="bbox 453 2705 599 2707; baseline 0 0"><span class='ocrx_word' id='word_1_395' title='bbox 453 2705 599 2707; x_wconf 95' lang='lat' dir='ltr'> </span> 
     </span>
    </p>
   </div>
   <div class='ocr_carea' id='block_1_5' title="bbox 316 2746 1877 3029">
    <p class='ocr_par' dir='ltr' id='par_1_5' title="bbox 316 2746 1877 3029">
     <span class='ocr_line' id='line_1_43' title="bbox 432 2746 1875 2794; baseline -0.002 -11"><span class='ocrx_word' id='word_1_396' title='bbox 432 2749 465 2794; x_wconf 72' lang='lat'>²¹⁸)</span> <span class='ocrx_word' id='word_1_397' title='bbox 491 2748 551 2783; x_wconf 90' lang='lat' dir='ltr'>Sic</span> <span class='ocrx_word' id='word_1_398' title='bbox 578 2746 704 2782; x_wconf 89' lang='lat' dir='ltr'>Cicero</span> <span class='ocrx_word' id='word_1_399' title='bbox 731 2747 861 2782; x_wconf 88' lang='lat' dir='ltr'>scribit</span> <span class='ocrx_word' id='word_1_400' title='bbox 885 2748 986 2782; x_wconf 89' lang='lat' dir='ltr'>Brut.</span> <span class='ocrx_word' id='word_1_401' title='bbox 1016 2752 1071 2792; x_wconf 76' lang='lat'>76,</span> <span class='ocrx_word' id='word_1_402' title='bbox 1086 2752 1155 2782; x_wconf 86' lang='lat'>263</span> <span class='ocrx_word' id='word_1_403' title='bbox 1180 2748 1346 2793; x_wconf 77' lang='lat' dir='ltr'>Pompeii</span> <span class='ocrx_word' id='word_1_404' title='bbox 1370 2759 1414 2783; x_wconf 77' lang='lat' dir='ltr'>ex</span> <span class='ocrx_word' id='word_1_405' title='bbox 1438 2747 1518 2791; x_wconf 69' lang='lat' dir='ltr'>filia</span> <span class='ocrx_word' id='word_1_406' title='bbox 1543 2758 1672 2791; x_wconf 75' lang='lat' dir='ltr'>nepos;</span> <span class='ocrx_word' id='word_1_407' title='bbox 1703 2746 1804 2781; x_wconf 89' lang='lat' dir='ltr'>idem</span> <span class='ocrx_word' id='word_1_408' title='bbox 1830 2747 1875 2781; x_wconf 90' lang='lat' dir='ltr'>de</span> 
     </span>
     <span class='ocr_line' id='line_1_44' title="bbox 316 2793 1874 2842; baseline -0.003 -11"><span class='ocrx_word' id='word_1_409' title='bbox 316 2808 355 2832; x_wconf 87' lang='lat' dir='ltr'>re</span> <span class='ocrx_word' id='word_1_410' title='bbox 374 2809 408 2842; x_wconf 91' lang='lat' dir='ltr'>p.</span> <span class='ocrx_word' id='word_1_411' title='bbox 430 2809 457 2830; x_wconf 93' lang='lat'>11</span> <span class='ocrx_word' id='word_1_412' title='bbox 479 2799 533 2838; x_wconf 90' lang='lat'>18,</span> <span class='ocrx_word' id='word_1_413' title='bbox 550 2799 593 2829; x_wconf 86' lang='lat'>33</span> <span class='ocrx_word' id='word_1_414' title='bbox 619 2796 765 2830; x_wconf 83' lang='lat' dir='ltr'>Numae</span> <span class='ocrx_word' id='word_1_415' title='bbox 790 2806 898 2839; x_wconf 76' lang='lat' dir='ltr'>nepos</span> <span class='ocrx_word' id='word_1_416' title='bbox 923 2806 966 2830; x_wconf 77' lang='lat' dir='ltr'>eoe</span> <span class='ocrx_word' id='word_1_417' title='bbox 984 2796 1087 2839; x_wconf 53' lang='lat' dir='ltr'>filim</span> <span class='ocrx_word' id='word_1_418' title='bbox 1113 2795 1157 2830; x_wconf 89' lang='lat' dir='ltr'>cf.</span> <span class='ocrx_word' id='word_1_419' title='bbox 1179 2795 1269 2829; x_wconf 92' lang='lat' dir='ltr'>ibid.</span> <span class='ocrx_word' id='word_1_420' title='bbox 1293 2799 1347 2838; x_wconf 91' lang='lat'>10,</span> <span class='ocrx_word' id='word_1_421' title='bbox 1362 2798 1424 2837; x_wconf 87' lang='grc' dir='ltr'>2Ο;</span> <span class='ocrx_word' id='word_1_422' title='bbox 1451 2793 1595 2828; x_wconf 81' lang='lat' dir='ltr'>Servius</span> <span class='ocrx_word' id='word_1_423' title='bbox 1617 2794 1655 2828; x_wconf 91' lang='lat' dir='ltr'>in</span> <span class='ocrx_word' id='word_1_424' title='bbox 1675 2794 1764 2828; x_wconf 85' lang='lat' dir='ltr'>Aen.</span> <span class='ocrx_word' id='word_1_425' title='bbox 1780 2807 1792 2827; x_wconf 95' lang='lat'>1</span> <span class='ocrx_word' id='word_1_426' title='bbox 1807 2797 1874 2828; x_wconf 82' lang='lat'>273</span> 
     </span>
     <span class='ocr_line' id='line_1_45' title="bbox 316 2841 1875 2889; baseline -0.003 -10"><span class='ocrx_word' id='word_1_427' title='bbox 316 2856 351 2889; x_wconf 90' lang='lat' dir='ltr'>p.</span> <span class='ocrx_word' id='word_1_428' title='bbox 375 2847 454 2886; x_wconf 93' lang='lat'>102,</span> <span class='ocrx_word' id='word_1_429' title='bbox 483 2847 527 2877; x_wconf 89' lang='lat'>22</span> <span class='ocrx_word' id='word_1_430' title='bbox 554 2843 696 2878; x_wconf 83' lang='lat' dir='ltr'>Aeneae</span> <span class='ocrx_word' id='word_1_431' title='bbox 721 2854 765 2877; x_wconf 76' lang='lat' dir='ltr'>ex</span> <span class='ocrx_word' id='word_1_432' title='bbox 789 2843 870 2886; x_wconf 71' lang='lat' dir='ltr'>filia</span> <span class='ocrx_word' id='word_1_433' title='bbox 894 2847 1055 2887; x_wconf 77' lang='lat' dir='ltr'>nepotem</span> <span class='ocrx_word' id='word_1_434' title='bbox 1080 2843 1287 2878; x_wconf 80' lang='lat' dir='ltr'>Romulum.</span> <span class='ocrx_word' id='word_1_435' title='bbox 1324 2842 1379 2876; x_wconf 87' lang='lat' dir='ltr'>Ex</span> <span class='ocrx_word' id='word_1_436' title='bbox 1404 2841 1523 2876; x_wconf 88' lang='lat' dir='ltr'>altera</span> <span class='ocrx_word' id='word_1_437' title='bbox 1548 2843 1672 2876; x_wconf 88' lang='lat' dir='ltr'>autem</span> <span class='ocrx_word' id='word_1_438' title='bbox 1697 2842 1805 2885; x_wconf 85' lang='lat' dir='ltr'>parte</span> <span class='ocrx_word' id='word_1_439' title='bbox 1830 2841 1875 2874; x_wconf 83' lang='lat' dir='ltr'>de</span> 
     </span>
     <span class='ocr_line' id='line_1_46' title="bbox 317 2889 1875 2934; baseline -0.003 -8"><span class='ocrx_word' id='word_1_440' title='bbox 317 2903 367 2926; x_wconf 88' lang='lat' dir='ltr'>or.</span> <span class='ocrx_word' id='word_1_441' title='bbox 389 2904 430 2925; x_wconf 85' lang='lat'>111</span> <span class='ocrx_word' id='word_1_442' title='bbox 453 2894 507 2934; x_wconf 85' lang='lat'>18,</span> <span class='ocrx_word' id='word_1_443' title='bbox 522 2893 565 2924; x_wconf 82' lang='grc'>67</span> <span class='ocrx_word' id='word_1_444' title='bbox 587 2889 810 2934; x_wconf 76' lang='lat' dir='ltr'>Speusippus</span> <span class='ocrx_word' id='word_1_445' title='bbox 829 2890 999 2925; x_wconf 80' lang='lat' dir='ltr'>Platonis</span> <span class='ocrx_word' id='word_1_446' title='bbox 1019 2891 1154 2926; x_wconf 79' lang='lat' dir='ltr'>sororis</span> <span class='ocrx_word' id='word_1_447' title='bbox 1177 2891 1298 2934; x_wconf 74' lang='lat' dir='ltr'>filius5</span> <span class='ocrx_word' id='word_1_448' title='bbox 1323 2890 1423 2924; x_wconf 89' lang='lat' dir='ltr'>Brut.</span> <span class='ocrx_word' id='word_1_449' title='bbox 1451 2892 1507 2932; x_wconf 86' lang='lat'>83,</span> <span class='ocrx_word' id='word_1_450' title='bbox 1522 2892 1590 2922; x_wconf 88' lang='lat'>286</span> <span class='ocrx_word' id='word_1_451' title='bbox 1617 2889 1680 2933; x_wconf 79' lang='lat' dir='ltr'>qui</span> <span class='ocrx_word' id='word_1_452' title='bbox 1702 2889 1777 2931; x_wconf 79' lang='lat' dir='ltr'>fuit</span> <span class='ocrx_word' id='word_1_453' title='bbox 1801 2889 1875 2922; x_wconf 89' lang='lat' dir='ltr'>De-</span> 
     </span>
     <span class='ocr_line' id='line_1_47' title="bbox 317 2935 1877 2981; baseline -0.002 -8"><span class='ocrx_word' id='word_1_454' title='bbox 317 2939 491 2974; x_wconf 82' lang='lat' dir='ltr'>mostheni</span> <span class='ocrx_word' id='word_1_455' title='bbox 518 2937 652 2972; x_wconf 73' lang='lat' dir='ltr'>sororis</span> <span class='ocrx_word' id='word_1_456' title='bbox 676 2938 786 2980; x_wconf 72' lang='lat' dir='ltr'>filius,</span> <span class='ocrx_word' id='word_1_457' title='bbox 812 2936 857 2971; x_wconf 90' lang='lat' dir='ltr'>cf.</span> <span class='ocrx_word' id='word_1_458' title='bbox 886 2936 931 2971; x_wconf 89' lang='lat' dir='ltr'>de</span> <span class='ocrx_word' id='word_1_459' title='bbox 957 2948 1007 2972; x_wconf 85' lang='lat' dir='ltr'>or.</span> <span class='ocrx_word' id='word_1_460' title='bbox 1035 2951 1061 2971; x_wconf 96' lang='lat'>11</span> <span class='ocrx_word' id='word_1_461' title='bbox 1088 2941 1144 2979; x_wconf 87' lang='lat'>23,</span> <span class='ocrx_word' id='word_1_462' title='bbox 1159 2940 1214 2971; x_wconf 80' lang='lat'>95.</span> <span class='ocrx_word' id='word_1_463' title='bbox 1249 2936 1394 2972; x_wconf 87' lang='lat' dir='ltr'>Servius</span> <span class='ocrx_word' id='word_1_464' title='bbox 1414 2936 1452 2971; x_wconf 90' lang='lat' dir='ltr'>in</span> <span class='ocrx_word' id='word_1_465' title='bbox 1471 2947 1596 2981; x_wconf 86' lang='lat' dir='ltr'>georg.</span> <span class='ocrx_word' id='word_1_466' title='bbox 1618 2949 1630 2969; x_wconf 93' lang='lat'>1</span> <span class='ocrx_word' id='word_1_467' title='bbox 1653 2939 1718 2969; x_wconf 83' lang='lat'>143</span> <span class='ocrx_word' id='word_1_468' title='bbox 1739 2935 1877 2970; x_wconf 72' lang='lat' dir='ltr'>Perdix</span> 
     </span>
     <span class='ocr_line' id='line_1_48' title="bbox 317 2983 1250 3029; baseline -0.002 -8"><span class='ocrx_word' id='word_1_469' title='bbox 317 2986 452 3021; x_wconf 79' lang='lat' dir='ltr'>sororis</span> <span class='ocrx_word' id='word_1_470' title='bbox 471 2984 635 3020; x_wconf 82' lang='lat' dir='ltr'>Daedali</span> <span class='ocrx_word' id='word_1_471' title='bbox 657 2984 769 3028; x_wconf 75' lang='lat' dir='ltr'>filius,</span> <span class='ocrx_word' id='word_1_472' title='bbox 794 2984 832 3018; x_wconf 91' lang='lat' dir='ltr'>in</span> <span class='ocrx_word' id='word_1_473' title='bbox 858 2983 947 3018; x_wconf 90' lang='lat' dir='ltr'>Aen.</span> <span class='ocrx_word' id='word_1_474' title='bbox 969 2997 1006 3018; x_wconf 92' lang='lat' dir='ltr'>v1</span> <span class='ocrx_word' id='word_1_475' title='bbox 1027 2988 1070 3018; x_wconf 84' lang='lat'>14</span> <span class='ocrx_word' id='word_1_476' title='bbox 1090 2997 1125 3029; x_wconf 87' lang='lat' dir='ltr'>p.</span> <span class='ocrx_word' id='word_1_477' title='bbox 1149 2988 1179 3026; x_wconf 80' lang='lat'>7,</span> <span class='ocrx_word' id='word_1_478' title='bbox 1196 2988 1250 3019; x_wconf 86' lang='lat'>21.</span> 
     </span>
    </p>
   </div>
  </div>
 </body>
</html>
