2054 3282
786 179 1144 215 EPIGRAMMATA
1661 181 1748 222 215

750 316 1180 361 EPIGRAMMATA

959 423 975 457 I

186 485 239 527 15
301 483 495 539 Aspicite
522 499 546 526 0
573 483 685 526 cives
713 484 825 526 senis
851 484 965 526 Enni
991 484 1191 540 imaginis
1217 484 1408 526 formam.

360 555 445 599 Hic
471 558 659 597 vestrum
687 555 838 610 panxit
863 555 1049 597 maxima
1073 555 1186 597 facta
1210 557 1392 610 patrum.

946 671 979 705 II

187 735 238 776 17
302 733 440 775 Νο1110
467 748 534 775 1110
560 733 747 775 lacrimis
773 733 942 774 decoret
966 746 1045 774 nec
1070 733 1220 774 funera
1245 733 1348 774 fletu

359 803 496 847 Faxit.
524 805 630 847 cur?
655 803 790 845 volito
817 804 937 845 vivos
963 819 1039 858 per
1065 818 1139 845 ora
1163 803 1314 845 virum.

936 920 986 954 III

187 983 239 1024 19
302 982 385 1024 Hic
410 985 475 1024 est
501 981 573 1024 ille
601 981 719 1036 situs,
747 981 815 1024 cui
840 996 964 1024 nemo
993 981 1097 1023 civis
1122 996 1259 1036 neque
1286 981 1424 1023 hostis

361 1053 507 1103 Quibit
531 1068 609 1109 pro
635 1053 760 1095 factis
787 1053 961 1110 reddere
988 1054 1082 1107 opis
1108 1053 1304 1107 pretium.

298 1217 656 1253 EPIGRAMMATA
699 1218 724 1252 I.
740 1217 772 1252 H
787 1220 856 1263 (15.
874 1218 930 1263 17)
958 1217 1084 1252 Cicero
1098 1217 1204 1252 Tusc.
1218 1217 1311 1262 disp.
1325 1230 1336 1251 1
1353 1220 1406 1259 15,
1421 1221 1465 1252 34
1482 1217 1592 1262 ‘quid
1613 1219 1747 1262 poetae

177 1282 299 1307 nonne
311 1273 396 1317 post
408 1273 565 1307 mortem
578 1271 770 1306 nobilitari
784 1271 935 1306 volunt?
954 1271 1053 1305 unde
1073 1281 1161 1316 ergo
1181 1270 1277 1304 illud
1297 1270 1478 1315 «aspicite
1497 1299 1503 1304 .
1521 1299 1527 1304 .
1545 1299 1551 1305 .
1567 1271 1698 1316 pz‘noeit
1713 1300 1719 1306 .
1737 1299 1745 1306 .

178 1326 350 1370 patrum»
362 1326 413 1370 (1).
425 1325 632 1360 mercedem
647 1325 788 1371 gloriae
802 1324 952 1370 flagitat
965 1324 1011 1359 ab
1026 1324 1084 1367 iis,
1096 1335 1252 1370 quorum
1265 1325 1391 1368 patres
1406 1324 1596 1359 adfecerat
1609 1324 1747 1370 gloria3

180 1378 354 1422 idemque
374 1389 505 1415 «nemo
524 1390 583 1413 me
602 1378 777 1413 lacrimis.
799 1382 886 1413 cur?
906 1377 1039 1412 volito.
1057 1406 1063 1413 .
1081 1406 1086 1411 .
1102 1377 1243 1412 virum»
1255 1377 1337 1423 (11).'
1353 1377 1464 1412 nimis
1483 1379 1621 1412 temere
1636 1388 1747 1423 agere

179 1432 244 1476 qui
259 1444 288 1466 ν.
304 1435 345 1466 17
362 1443 383 1466 a
398 1431 572 1467 Cicerone
586 1443 660 1466 non
673 1431 921 1476 perscriptum
936 1441 980 1465 ex
993 1430 1078 1465 aliis
1091 1430 1183 1466 locis
1198 1430 1362 1465 eiusdem
1377 1430 1591 1476 suppletum
1605 1431 1695 1466 dent
1707 1431 1747 1466 in

178 1485 367 1530 prooemio
390 1486 551 1531 1879s80
572 1497 607 1530 p.
626 1490 647 1520 4
666 1485 811 1527 monui3
834 1485 899 1519 sed
926 1486 964 1518 et
987 1484 1058 1519 hoc
1083 1484 1164 1519 loco
1190 1485 1348 1528 peccant
1373 1484 1533 1519 editores
1559 1485 1597 1518 et
1621 1496 1746 1519 rursus

180 1538 257 1573 Cat.
272 1538 358 1573 mai.
374 1538 472 1573 infra
486 1539 612 1573 citato.
710 1538 813 1572 Idem
827 1538 917 1572 ibid.
934 1541 989 1581 49,
1003 1541 1069 1571 117
1087 1538 1097 1554 ⁶
1108 1537 1207 1582 quod
1228 1537 1258 1571 si
1279 1537 1354 1579 fiat,
1368 1537 1500 1572 melior
1516 1537 1613 1572 Enni
1633 1549 1745 1582 quam

180 1591 324 1626 Solonis
345 1591 475 1626 oratio.
496 1591 558 1626 hic
578 1591 676 1626 enim
696 1592 822 1625 noster
841 1602 971 1627 «nemo
992 1601 1051 1625 me
1077 1590 1240 1625 lacrimis
1268 1590 1439 1626 decoret»
1459 1591 1584 1636 inquit
1603 1602 1695 1627 «nec
1714 1619 1720 1625 .
1738 1619 1743 1625 .

179 1644 295 1679 faxit>
307 1645 370 1689 (11).
381 1646 420 1679 at
430 1656 514 1679 vero
528 1644 593 1679 ille
608 1644 756 1689 sapiens
766 1655 885 1680 «mors
899 1655 982 1679 mea
996 1655 1041 1679 ne
1057 1645 1183 1678 careat
1194 1643 1375 1679 lacrimis:
1390 1643 1602 1689 linquamus
1617 1644 1746 1679 amicis

179 1709 395 1734 maerorem.
410 1700 452 1732 ut
465 1697 654 1732 celebrent
666 1697 798 1732 funera
812 1709 895 1732 cum
912 1697 1106 1742 gemitu».'
1210 1697 1313 1732 Idem
1333 1696 1411 1732 Cat.
1426 1697 1512 1732 mai.
1529 1701 1584 1740 20,
1601 1701 1644 1732 73
1661 1698 1671 1714 ‘
1682 1697 1746 1733 So·

179 1750 275 1786 lonis
296 1751 447 1795 quidem
468 1751 657 1796 sapienti»
670 1752 726 1785 est
747 1751 921 1796 elogium,
942 1761 1015 1796 quo
1037 1761 1074 1785 se
1094 1752 1210 1796 negat
1222 1750 1316 1785 velle
1330 1761 1435 1785 suam
1448 1752 1605 1786 mortem
1619 1751 1746 1786 dolore

179 1804 382 1839 amicorum
396 1805 433 1839 et
446 1804 620 1839 lamentis
635 1815 777 1852 vacare.
792 1804 869 1839 volt
883 1804 992 1839 credo
1007 1814 1045 1838 se
1061 1814 1140 1839 esse
1155 1814 1281 1838 carum
1296 1803 1391 1848 suis3
1413 1804 1478 1839 sed
1491 1804 1593 1839 haud
1608 1804 1683 1840 scio
1698 1816 1745 1839 an

178 1858 310 1893 melius
322 1858 462 1892 Ennius
475 1868 621 1894 «nemo.
634 1886 639 1891 .
651 1886 657 1891 .
671 1868 783 1902 neque
796 1885 802 1891 .
814 1886 819 1891 .
833 1857 950 1893 faxit»
961 1858 1025 1902 (11).
1039 1869 1112 1892 non
1127 1858 1254 1892 censet
1265 1857 1470 1903 lugendam
1484 1868 1564 1893 esse
1577 1860 1745 1901 mortem,

179 1922 291 1956 quam
305 1911 555 1946 inmortalitas
571 1911 844 1956 consequatur.'
944 1910 1046 1945 Haec
1060 1911 1133 1945 duo
1148 1921 1227 1945 esse
1242 1911 1515 1956 epigrammata
1526 1923 1621 1956 quae
1635 1912 1745 1958 vulgo

179 1975 246 2009 pro
260 1975 334 1998 uno
348 1964 584 1999 habebantur
598 1963 773 1999 Cicerone
786 1963 987 1998 inducente
1002 1963 1089 1998 Otto
1103 1963 1255 1998 Iahnius
1270 1963 1398 2000 docuit
1410 1964 1547 2009 (Herm.
1562 1978 1590 1999 11
1602 1977 1637 2010 p.
1651 1968 1744 2010 242).

178 2017 389 2052 Ennianum
416 2019 541 2052 autem
565 2019 763 2062 utrumque
789 2028 868 2051 esse
895 2019 933 2052 et
953 2016 1078 2051 Cicero
1099 2017 1261 2052 credidit
1279 2019 1317 2052 et
1334 2028 1403 2062 par
1422 2019 1480 2052 est
1498 2028 1564 2052 nos
1585 2019 1743 2054 credere.

297 2070 347 2105 ΠΙ
368 2072 439 2115 (19)
469 2070 609 2105 Seneca
629 2070 735 2115 epist.
753 2073 831 2112 108,
844 2074 887 2104 32
905 2070 1213 2115 ‘(grammaticus)
1228 2070 1363 2105 deinde
1376 2070 1566 2106 Ennianos
1581 2071 1648 2116 (ita
1660 2071 1744 2106 Pin-

180 2124 319 2165 cianus,
341 2123 414 2158 fuit
438 2123 618 2168 inanes)
640 2123 786 2168 colligit
804 2133 929 2158 versus
949 2124 987 2157 et
1005 2123 1045 2157 in
1063 2123 1194 2168 primis
1213 2122 1298 2158 illos
1325 2123 1371 2158 de
1390 2123 1566 2158 Africano
1587 2124 1745 2169 scriptos

180 2177 264 2213 «cui
277 2188 384 2212 nemo
401 2205 406 2211 .
425 2205 430 2210 .
448 2205 454 2211 .
470 2177 611 2222 quivult
626 2204 632 2210 .
650 2204 656 2210 .
674 2204 679 2210 .
696 2187 823 2221 operae
836 2176 1031 2221 pretium».
1048 2187 1092 2210 ex
1105 2187 1147 2211 eo
1166 2187 1204 2211 se
1224 2176 1279 2211 ait
1296 2175 1517 2222 intellegere
1537 2178 1629 2221 aput
1648 2177 1745 2212 anti-

179 2242 271 2275 quos
291 2242 365 2265 non
384 2231 531 2264 tantum
552 2229 731 2264 auxilium
752 2229 981 2274 significasse
995 2231 1130 2275 (opem)
1145 2230 1209 2264 sed
1229 2240 1398 2274 operam:
1419 2229 1474 2264 ait
1487 2230 1630 2276 [opera]
1646 2230 1744 2265 enim

178 2284 319 2319 Ennius
339 2283 525 2318 neminem
544 2283 710 2328 potuisse
731 2282 896 2327 Scipioni
915 2293 1035 2327 neque
1056 2282 1172 2317 civem
1191 2293 1311 2327 neque
1330 2282 1475 2317 hostem
1489 2283 1643 2318 reddere
1657 2294 1744 2328 ope-

178 2349 242 2372 rae
261 2337 449 2382 pretium.'
466 2336 526 2371 Sic
547 2336 635 2371 olim
656 2336 834 2371 constitui
852 2336 975 2371 locum
997 2336 1128 2370 addita
1147 2346 1235 2371 voce
1256 2347 1311 2380 op
1323 2347 1389 2370 em
1410 2337 1536 2380 (quam
1556 2347 1600 2370 ex
1613 2336 1743 2371 Hensii

179 2390 422 2425 adnotatione
445 2389 522 2424 vidi
543 2389 764 2424 Korschium
791 2390 877 2424 ante
904 2389 1030 2434 apud
1056 2389 1170 2424 inseri
1194 2388 1382 2431 maluisse,
1409 2389 1509 2432 quod
1529 2399 1617 2424 sane
1636 2401 1744 2434 prae-

178 2443 386 2488 ferendum)
407 2443 445 2478 et
469 2442 498 2476 E
510 2455 534 2477 n
545 2442 627 2478 niu
639 2455 654 2477 s
681 2453 725 2477 ex
750 2442 955 2487 scripturae
981 2442 1150 2488 vestigiis
1176 2442 1223 2477 in
1235 2453 1254 2477 e
1265 2442 1278 2476 i
1288 2454 1312 2476 u
1325 2454 1340 2477 s
1368 2442 1596 2487 expiscatum
1618 2444 1657 2477 et
1674 2443 1744 2478 hoc

301 2615 352 2651 15
380 2614 482 2651 Enni
502 2614 708 2663 imaginis:
727 2614 773 2661 cf.
794 2613 1075 2652 Laclmncmnus
1094 2615 1147 2652 acl
1165 2614 1284 2652 Lucr.
1299 2627 1341 2652 v1
1365 2622 1445 2661 743
1572 2615 1623 2652 16
1645 2627 1742 2663 pan-

180 2674 239 2711 xit
264 2675 354 2712 olim
380 2685 495 2711 coma:
516 2673 647 2722 pinxit
811 2672 870 2720 Cf.
891 2684 982 2711 amz.
1008 2682 1088 2721 299
1118 2676 1151 2711 et
1175 2685 1273 2721 quac
1298 2675 1341 2711 in
1357 2685 1526 2721 prooem.
1549 2669 1739 2722 1894s95

174 2746 216 2781 p.
234 2741 255 2779 5
277 2745 329 2781 sq.
352 2733 530 2780 exposui,·
552 2731 592 2770 G.
610 2731 858 2779 GJ.L.v11p.
876 2741 931 2778 44
1079 2733 1130 2770 18
1154 2733 1261 2781 Vcry.
1279 2744 1404 2781 [Jeory.
1426 2744 1471 2769 111
1492 2742 1516 2779 9
1538 2732 1741 2780 victorque

180 2793 309 2830 virum
328 2792 496 2829 volitare
516 2804 586 2840 per
605 2803 696 2836 ora,·
720 2791 948 2829 Macrobius
966 2790 1045 2829 δαΐ.
1060 2805 1086 2830 v
1114 2800 1175 2840 17,
1193 2801 1214 2839 5
1236 2804 1307 2841 pro
1328 2804 1420 2829 vero
1439 2804 1509 2840 per
1528 2803 1597 2828 ora
1617 2791 1739 2828 omni-

181 2864 247 2888 um
267 2851 407 2889 volitet
530 2852 580 2889 19
607 2862 720 2888 nemo
741 2850 836 2888 civis
857 2863 982 2899 neque
1002 2850 1144 2889 hostis:
1165 2852 1211 2899 cf.
1224 2862 1393 2898 prooem.
1418 2847 1524 2897 1879
1539 2861 1581 2896 p.
1597 2858 1621 2895 4

183 2911 237 2947 20
260 2909 387 2959 quibit
406 2910 621 2947 Pincianus
641 2909 769 2959 quivit
788 2909 986 2948 Muretus:
1007 2910 1164 2959 quivult
1284 2909 1368 2959 opis
1388 2909 1544 2956 scripsi:
1564 2920 1704 2958 operae
