2054 3282
302 166 383 208 168
977 157 1175 194 SCEMCA

1034 274 1118 310 vm

1002 340 1147 367 MEDEA

302 403 388 446 273
415 402 496 452 Qui
522 402 612 455 ipse
638 398 720 441 sibi
746 397 914 453 sapiens
939 396 1140 452 prodesse
1164 408 1253 437 non
1278 394 1385 450 quit,
1408 394 1670 449 nequiquam
1695 394 1819 450 sapit.

1054 499 1105 534 IX

919 566 1052 592 MEDEA
1072 565 1236 598 (ue—482)

304 627 391 670 274
420 624 520 667 Non
546 636 830 666 commemoro
858 620 973 676 quod
998 619 1193 662 draconis
1220 619 1335 662 saevi
1360 619 1503 675 sopivi
1527 619 1747 676 impetum,

417 695 517 739 Non
542 694 656 750 quod
682 693 828 735 domui
852 692 936 733 vim
963 695 1180 733 taurorum
1207 694 1250 733 et
1275 691 1431 747 segetis
1457 693 1643 734 armatae
1668 706 1830 734 manus.

301 862 445 906 ἀφῆκεν
465 858 604 905 ἡμέραν
619 855 742 904 μεῖναί
755 855 807 901 μ’,
823 856 861 891 ἐν
875 851 898 903 ᾗ
918 861 1016 900 τρεῖς
1033 861 1106 890 τῶν
1127 855 1222 900 ἐμῶν
1242 856 1390 902 ἐχθρῶν
1409 856 1565 900 νεκροὺς
1581 855 1701 901 θήσω,
1720 855 1863 901 πατέρα

300 929 338 950 τε
358 914 421 949 καὶ
440 912 554 958 κόρην
573 910 683 947 πόσιν
701 908 736 945 τ’
760 908 857 955 ἐμόν.
880 908 932 944 Cf.
952 912 1020 943 398
1039 910 1198 953 πικροὺς
1224 907 1262 944 δ’
1279 908 1349 954 ἐγώ
1370 921 1459 954 σφιν
1484 909 1550 944 καὶ
1573 911 1731 955 λυγροὺς
1754 909 1862 954 θήσω

302 968 450 1013 γάμους,
476 965 610 1010 πικρὸν
636 964 676 1000 δὲ
702 964 816 1008 κῆδος
841 963 905 997 καὶ
924 962 1049 1007 φυγὰς
1068 962 1158 1007 ἐμὰς
1182 961 1332 1008 χθονός.
1354 962 1403 998 Et
1420 962 1591 998 universe
1610 963 1865 998 Ennianorum

302 1032 471 1055 versuum
497 1019 600 1064 origo
626 1017 829 1062 Euripidea
854 1026 923 1051 nec
949 1015 1140 1050 Osannum
1164 1015 1265 1061 fugit
1283 1016 1394 1061 (anal.
1417 1016 1496 1051 crit.
1519 1019 1610 1051 1816
1629 1029 1665 1062 p.
1682 1020 1749 1051 117
1770 1018 1865 1062 sqq.)

302 1085 421 1118 neque
440 1072 657 1107 Elmsleium
676 1070 724 1105 ad
738 1069 863 1114 Eurip.
879 1069 1051 1104 Medeam
1065 1072 1143 1104 359.
1160 1072 1239 1104 365.
1256 1069 1337 1112 Qua
1349 1071 1457 1114 parte
1470 1070 1510 1104 in
1523 1069 1680 1116 singulis
1694 1070 1866 1105 Enniana

302 1127 396 1162 ratio
418 1126 463 1161 ab
477 1125 680 1170 Euripiden.
700 1123 921 1165 discesserit,
942 1122 965 1157 1.
981 1122 1004 1157 i.
1021 1134 1049 1158 c.
1065 1122 1229 1168 exposui.
1245 1122 1288 1157 V.
1305 1127 1384 1166 269,
1399 1123 1464 1168 qui
1477 1123 1622 1158 nullum
1635 1124 1694 1158 sui
1706 1123 1866 1159 similem

302 1181 417 1216 habet
436 1180 475 1214 in
489 1178 653 1220 Graecis,
669 1179 805 1219 tamen,
819 1178 863 1211 ut
876 1176 1026 1222 egregie
1039 1176 1202 1221 quadrat
1213 1176 1254 1211 in
1266 1176 1364 1212 hanc
1377 1176 1532 1212 Medeae
1546 1176 1865 1220 deliberationem,

304 1235 358 1268 ita
378 1232 542 1267 dubitari
561 1242 634 1266 non
653 1231 779 1276 potest
798 1229 888 1275 quin
908 1240 931 1264 a
953 1229 1127 1265 Cicerone
1148 1240 1192 1264 ex
1214 1230 1345 1265 eodem
1370 1229 1451 1265 loco
1472 1242 1545 1275 quo
1566 1230 1701 1275 reliqui
1725 1230 1867 1275 petitus

303 1287 360 1321 sit.
377 1286 473 1328 Quos
493 1295 576 1319 vero
597 1295 721 1318 versus
736 1283 862 1318 Cicero
878 1287 934 1326 26,
950 1286 994 1318 67
1015 1283 1061 1318 de
1081 1283 1238 1318 eadem
1257 1283 1410 1328 quidem
1428 1283 1561 1319 Medea
1581 1284 1647 1318 sed
1667 1283 1743 1318 alia
1762 1295 1867 1319 occa-

304 1341 405 1375 sione
418 1339 534 1374 elatos
547 1339 741 1383 (patrem
760 1336 1051 1381 patriamque
1070 1336 1254 1382 fugiens
1267 1337 1404 1382 inquit)
1417 1336 1534 1380 affert,
1547 1337 1594 1372 de
1607 1337 1742 1382 quibus
1756 1347 1867 1382 saepe

304 1393 399 1428 falso
418 1392 626 1427 iudicatum
646 1392 712 1434 est,
734 1401 795 1425 eos
816 1392 974 1435 apparet
994 1390 1042 1424 ab
1061 1389 1174 1424 Ennii
1192 1389 1327 1425 Medea
1346 1390 1488 1425 alienos
1508 1401 1597 1426 esse.

421 1445 505 1480 VHI
519 1446 614 1490 (273)
647 1444 773 1479 Cicero
789 1444 836 1478 ad
850 1443 937 1478 fam.
953 1456 1004 1478 vn
1017 1447 1050 1486 6,
1063 1447 1083 1477 2
1099 1454 1211 1488 supra
1225 1443 1273 1478 ad
1290 1456 1327 1478 1v
1347 1444 1464 1479 adscr.
1562 1443 1666 1478 Idem
1686 1444 1732 1478 de
1751 1443 1811 1478 off.
1827 1457 1869 1478 111

306 1504 360 1543 15,
376 1503 418 1534 62
436 1499 549 1534 ‘haec
567 1498 684 1544 igitur
704 1499 761 1533 est
779 1497 847 1532 illa
866 1497 1061 1542 pernicies,
1082 1497 1183 1541 quod
1203 1496 1295 1532 alios
1315 1497 1443 1540 bonOS,
1465 1496 1558 1532 alios
1573 1497 1761 1542 sapientes
1775 1497 1869 1532 exis-

304 1554 447 1588 timant.
464 1564 507 1587 ex
527 1563 599 1597 quo
613 1551 754 1586 Ennius
775 1551 1027 1596 «nequiquam
1047 1561 1177 1596 sapere
1197 1550 1415 1595 sapientem,
1436 1551 1501 1595 qui
1514 1551 1595 1596 ipse
1609 1551 1681 1585 sibi
1694 1551 1869 1596 prodesse

304 1618 378 1642 non
404 1607 559 1651 quiret».
580 1615 664 1640 vere
690 1605 730 1639 id
756 1604 920 1649 quidem,
941 1604 973 1638 si
993 1604 1084 1648 quid
1104 1605 1202 1638 esset
1226 1604 1403 1649 prodesse
1428 1604 1522 1639 mihi
1542 1615 1626 1639 cum
1644 1604 1764 1639 Ennio
1785 1615 1870 1639 con-
1889 1626 1891 1628 -

305 1660 470 1695 veniret.'
570 1658 710 1693 SimiJis
726 1668 853 1692 versus
867 1658 906 1692 in
920 1657 1111 1702 Euripidis
1124 1657 1258 1692 Medea
1271 1668 1345 1692 non
1359 1658 1491 1701 exstat,
1512 1658 1577 1692 sed
1597 1659 1719 1692 exstat
1738 1657 1869 1692 similis

306 1713 512 1748 sententiae
525 1723 649 1747 versus
662 1711 887 1756 Euripideus
902 1710 1108 1752 ἀδέσποτος
1121 1721 1231 1755 quem
1247 1711 1348 1746 idem
1363 1710 1489 1746 Cicero
1510 1710 1620 1746 affert
1638 1722 1722 1745 cum
1742 1710 1875 1745 scribit

307 1767 354 1801 ad
371 1766 456 1801 fam.
470 1779 536 1800 xm
550 1770 605 1809 15,
614 1769 634 1799 2
649 1765 792 1809 ‘itaque
805 1764 853 1799 ab
867 1764 1019 1799 Homeri
1031 1764 1355 1809 magniloquentia
1368 1764 1516 1799 confero
1531 1775 1590 1799 me
1604 1764 1652 1799 ad
1666 1774 1752 1799 vera
1764 1774 1871 1809 prae-

307 1821 415 1864 cepta
429 1816 639 1863 Εὐριπίδου
659 1823 775 1863 «μισῶ
796 1817 987 1862 σοφιστήν,
1009 1815 1106 1859 ’ὅστις
1119 1818 1186 1864 οὐχ
1200 1817 1300 1863 αὐτῷ
1314 1815 1465 1861 σοφός»,
1479 1827 1590 1861 quem
1602 1827 1747 1851 versum
1760 1827 1872 1851 senex

306 1873 484 1908 Precilius
503 1872 635 1907 laudat
655 1871 805 1917 egregie
825 1872 863 1905 et
882 1871 936 1905 ait
954 1881 1063 1916 posse
1082 1871 1242 1905 eundem
1261 1872 1299 1905 et
1318 1869 1395 1915 ἅμα
1414 1869 1562 1914 πρόσσω
1582 1870 1646 1905 καὶ
1666 1869 1806 1905 ὀπίσσω
1818 1869 1871 1904 vi-

308 1927 394 1961 dere
419 1927 457 1961 et
477 1927 604 1960 tamen
623 1924 741 1960 nihilo
760 1924 884 1959 minus
904 1923 986 1959 αἰὲν
1012 1924 1219 1968 ἀριστεύειν
1244 1923 1308 1958 καὶ
1332 1921 1534 1969 ὑπείροχον
1554 1923 1706 1968 ἔμμεναι
1726 1922 1869 1958 ἄλλων)

308 1981 339 2014 A
359 1991 430 2024 quo
451 1990 566 2021 versu,
589 1979 635 2014 de
649 1989 722 2023 quo
736 1978 821 2013 vide
833 1976 1047 2012 Nauckium
1065 1980 1160 2023 trag.
1175 1977 1307 2023 fragm.
1324 1980 1393 2011 905
1407 1990 1444 2019 11,
1466 1976 1498 2011 si
1511 1988 1618 2011 suum
1631 1976 1772 2011 Ennius
1787 1987 1872 2011 con-

307 2034 427 2075 vertit,
456 2044 530 2068 non
555 2033 682 2077 inepte
708 2042 814 2066 suam
841 2031 972 2066 alienis
998 2030 1170 2065 Medeam
1197 2030 1458 2075 locupletavit:
1485 2041 1572 2065 nam
1602 2030 1789 2075 condigna
1816 2030 1873 2064 est

308 2087 440 2121 Medea
460 2085 645 2121 sententia
664 2087 702 2120 et
720 2085 861 2130 optime
879 2084 1002 2119 locum
1022 2084 1218 2119 obtinebat
1230 2084 1269 2119 in
1283 2094 1328 2118 ea
1347 2081 1451 2129 ῥήσει
1470 2094 1514 2118 ex
1528 2094 1603 2128 qua
1615 2095 1669 2117 vv.
1686 2086 1871 2118 266—272

308 2139 418 2184 petiti
444 2141 547 2183 sunt;
571 2138 673 2174 velut
699 2138 800 2183 apud
825 2138 1043 2183 Euripidem
1069 2148 1092 2172 a
1117 2149 1147 2171 v.
1169 2140 1239 2173 400
1259 2138 1314 2172 ita
1338 2137 1520 2182 loquitur:
1548 2134 1627 2171 ἀλλ’
1644 2133 1718 2172 εἷα·
1736 2134 1871 2180 φείδου

310 2193 424 2238 μηδὲν
444 2189 495 2227 ὧν
509 2190 714 2236 ἐπίστασαι,
733 2191 898 2236 Μήδεια,
918 2191 1146 2238 βουλεύουσα
1165 2191 1230 2226 καὶ
1246 2189 1453 2237 τεχνωμένη
1473 2192 1545 2225 κτλ.

426 2245 476 2280 ΙΧ
490 2247 585 2291 (274)
618 2245 807 2280 Charisius
821 2258 858 2279 1v
870 2257 906 2290 p.
919 2248 999 2288 284,
1011 2248 1031 2278 9
1045 2244 1088 2279 Κ.
1106 2244 1169 2278 ‘fit
1187 2244 1337 2279 schema
1356 2243 1533 2279 dianoeas
1548 2272 1555 2277 .
1572 2272 1578 2277 .
1596 2271 1602 2277 .
1623 2254 1690 2288 per
1707 2243 1873 2288 paralip-

311 2299 390 2341 sim,
410 2299 450 2333 in
470 2310 541 2344 quo
563 2302 607 2333 οὗ
626 2298 833 2333 nolumus
853 2298 1034 2343 negantes
1055 2297 1199 2343 aliquid
1218 2297 1428 2332 indicare
1448 2298 1641 2341 tamquam
1661 2307 1759 2332 «non
1776 2296 1870 2342 com}

314 2363 408 2388 moro
423 2354 733 2395 (commemoro
754 2351 810 2386 ed.
824 2351 955 2397 princ.)
970 2363 996 2395 q
1009 2352 1146 2387 latroni
1163 2351 1278 2386 statui
1297 2351 1458 2395 oppressi
1470 2354 1504 2386 et
1515 2350 1599 2385 dom
1612 2350 1615 2396 ξ
1629 2350 1701 2385 ista
1714 2350 1778 2394 (et
1797 2350 1873 2384 do-

311 2416 404 2439 mus
423 2404 515 2439 ista
535 2405 590 2439 ed.
605 2404 738 2450 princ.)
757 2405 888 2440 uiroroe’ae
907 2405 945 2439 et
964 2404 1101 2450 segetis
1122 2407 1267 2440 armata
1287 2404 1470 2439 manus».'
1485 2402 1588 2438 Idem
1606 2415 1642 2447 p.
1658 2406 1738 2446 286,
1754 2406 1774 2437 7
1790 2403 1873 2438 ‘ne-

313 2458 446 2503 gando,
469 2469 551 2492 cum
565 2458 656 2502 quid
669 2458 849 2503 negantes
869 2457 1073 2492 volumus
1092 2457 1312 2492 inducere
1331 2457 1408 2501 atq,
1421 2456 1680 2505 impperantes
1694 2455 1875 2491 beneficia

314 2515 339 2556 q
358 2510 512 2545 audiens
529 2510 533 2556 ἱ,
549 2512 679 2545 noscat
698 2515 751 2547 «ᾖ
771 2522 923 2547 memoro
943 2511 987 2557 ql
1011 2511 1111 2546 conis
1133 2510 1402 2556 (cognoscat
1426 2520 1511 2544 non
1536 2519 1729 2544 memoro
1755 2509 1874 2553 quod

314 2563 525 2598 draconis
546 2563 601 2598 ed.
616 2564 747 2609 princ.)
761 2565 840 2610 seui
858 2564 995 2608 sopiuit
1013 2564 1150 2608 impeti
1168 2574 1244 2599 ‘non
1264 2575 1290 2607 q
1308 2563 1474 2599 domauit
1491 2563 1593 2598 uiros
1606 2562 1644 2596 et
1657 2561 1794 2607 segetis
1814 2573 1874 2596 ar-

314 2620 408 2662 matg
425 2617 607 2651 manus».'
630 2616 684 2650 Ex
702 2617 761 2652 his
781 2617 975 2662 scripturis
994 2617 1095 2652 recte
1121 2616 1328 2651 coniunctis
1346 2615 1473 2661 prodit
1491 2625 1611 2660 paene
1630 2625 1743 2659 quam
1762 2625 1875 2658 supra

313 2669 423 2715 posui
442 2669 673 2714 scripturam.
767 2670 870 2713 Quae
888 2670 1001 2705 verba
1019 2681 1094 2705 non
1112 2669 1238 2715 potuit
1256 2669 1329 2704 nisi
1349 2669 1483 2704 Medea
1502 2667 1638 2712 eloqui,
1658 2677 1777 2712 eaque
1796 2668 1874 2702 tam

314 2734 431 2768 prope
450 2722 632 2758 accedunt
651 2723 700 2758 ad
719 2734 764 2758 ea
783 2735 879 2768 quae
898 2723 1089 2768 Euripidis
1109 2722 1242 2758 Medea
1260 2722 1300 2757 in
1320 2733 1387 2756 sua
1413 2732 1526 2756 causa
1544 2720 1698 2765 exponit
1717 2731 1740 2755 a
1758 2732 1788 2754 v.
1804 2723 1874 2754 476

436 2895 519 2934 274
541 2895 668 2944 sopivi
681 2894 889 2933 Fabricius
999 2895 1081 2933 275
1104 2893 1238 2932 domui
1256 2893 1339 2931 vim
1357 2894 1561 2931 taurorum
1573 2891 1874 2930 Lindemannus
