2054 3282
319 202 402 244 218
1013 190 1163 226 VARIA

1072 309 1104 343 V

315 379 371 421 29
431 376 508 418 Ille
534 375 643 417 ictus
669 375 782 415 retro
808 371 979 413 reccidit
1004 370 1049 411 in
1073 371 1216 411 natem
1243 368 1434 423 supinus.

869 521 1303 566 PROTREPTICUS

913 603 1257 648 PRAECEPTA

1021 725 1024 729 .
1080 698 1097 731 Ῐ

311 765 367 806 30
973 759 1185 815 pannibus

1069 852 1102 885 Π

268 964 271 966 ,
309 918 361 958 31
426 916 511 958 Ubi
540 916 653 957 videt
678 930 853 957 avenam
880 913 1031 956 lolium
1058 928 1242 956 crescere
1267 913 1379 956 inter
1404 914 1606 969 triticum,

427 987 588 1042 Selegit
613 987 794 1029 secernit
819 986 973 1041 aufert3
1000 984 1145 1027 sedulo
1173 985 1247 1027 ubi
1274 1000 1444 1039 operam
1471 985 1646 1040 addidit,

308 1059 363 1100 33
425 1058 630 1108 Quoniam
656 1060 774 1099 tanto
803 1056 944 1099 studio
971 1057 1103 1098 seruit

834 1209 1334 1253 HEDYPHAGETICA

305 1319 361 1360 34
423 1317 631 1360 Omnibus
658 1321 705 1360 ut
732 1317 878 1374 Clipea
902 1320 1089 1373 praestat
1113 1317 1297 1360 mustela
1321 1318 1494 1360 marina.

421 1459 453 1492 V
474 1460 545 1504 (29)
583 1460 729 1504 Fra-gin.
746 1460 790 1494 de
807 1459 935 1494 metris
951 1458 991 1494 G.
1007 1460 1045 1494 L.
1061 1459 1103 1495 K.
1119 1472 1155 1494 v1
1175 1471 1210 1504 p.
1227 1463 1307 1502 613,
1323 1463 1365 1493 17
1383 1459 1546 1494 ‘ionicus
1561 1461 1609 1505 (a)
1623 1459 1764 1495 maiore
1778 1460 1865 1496 «ille

305 1541 310 1546 .
330 1541 334 1545 .
352 1513 478 1547 recidit
493 1541 498 1546 ,
516 1541 521 1546 .
538 1512 715 1557 supinus»
729 1513 845 1548 habet
858 1513 989 1547 vitium
1009 1513 1048 1547 in
1066 1513 1179 1548 tertia
1196 1513 1368 1558 syllaba.’
1468 1512 1683 1549 Sotadicum
1699 1514 1866 1549 restituit

303 1568 341 1600 et
359 1565 568 1600 Ennianum
589 1577 667 1601 esse
687 1566 898 1611 suspicatur
916 1566 1176 1601 Lachmannus
1197 1566 1245 1600 ad
1264 1566 1369 1600 Lucr.
1385 1580 1396 1600 1
1419 1570 1495 1601 186.

419 1637 778 1673 PROTREPTICUS
806 1650 883 1672 SIVE
909 1637 1192 1672 PRAECEPTA
1237 1637 1253 1671 1
1274 1639 1345 1683 (30)
1378 1636 1567 1672 Charisius
1593 1651 1604 1672 1
1630 1649 1665 1683 p.
1685 1641 1739 1680 54,
1757 1642 1799 1672 19
1820 1639 1863 1672 K.

306 1690 315 1706 ‘
328 1691 367 1724 at
387 1702 468 1725 cum
489 1691 594 1726 nulla
614 1701 727 1725 eausa
747 1692 903 1736 cogente
923 1690 1014 1736 quid
1033 1690 1110 1725 tale
1131 1691 1268 1726 dicitur
1281 1690 1368 1735 (abl.
1385 1692 1422 1725 et
1442 1691 1517 1725 dat.
1532 1690 1571 1725 in
1591 1690 1683 1726 abus
1703 1691 1760 1726 vel
1779 1692 1864 1726 ibus

302 1755 367 1788 pro
387 1744 442 1787 is),
462 1746 552 1780 tune
577 1744 752 1779 nimirum
779 1744 1027 1779 confitendum
1055 1745 1111 1779 est
1130 1744 1176 1778 de
1197 1754 1327 1787 errore,
1349 1746 1391 1780 ut
1412 1772 1418 1777 .
1435 1772 1441 1778 .
1459 1772 1464 1778 .
1483 1743 1625 1779 Ennius
1644 1744 1683 1779 in
1696 1742 1866 1790 protrep-¹

303 1798 391 1833 irieo
412 1797 672 1842 «pannibus».'
1579 1844 1581 1846 q

418 1850 451 1885 Π
465 1852 536 1896 (31)
567 1850 778 1885 Priscianus
792 1864 813 1884 x
830 1862 865 1895 p.
882 1854 961 1892 532,
979 1854 1020 1884 17
1035 1850 1079 1884 H.
1098 1850 1359 1886 ‘vetustissimi
1378 1851 1504 1885 tamen
1521 1847 1635 1885 etiam
1649 1850 1687 1886 in
1702 1851 1864 1896 simplici

302 1903 398 1938 serui
417 1904 616 1949 protulisse
635 1904 874 1939 inveniuntur
893 1915 959 1948 pro
980 1903 1149 1938 ordinavi
1170 1905 1207 1939 et
1225 1915 1291 1949 pro
1313 1904 1398 1938 sevi.
1420 1904 1561 1938 Ennius
1587 1903 1627 1938 in
1653 1905 1863 1950 praeceptis

302 1957 389 1991 <subi
408 1985 413 1990 .
431 1985 437 1991 .
454 1985 460 1991 .
476 1957 610 2003 selegit
623 1957 743 2001 (Bern.
760 1957 922 2003 seligit
941 1957 1068 2003 ceteri)
1086 1969 1111 1991 s.
1129 1957 1251 1992 aufert
1265 1958 1361 2002 (aut
1380 1957 1471 1992 fert
1490 1957 1570 1991 Par.
1585 1957 1630 2002 R)
1647 1986 1652 1991 .
1670 1985 1676 1992 .
1694 1969 1841 2003 quam.
1856 1987 1861 1992 .

302 2010 466 2045 seruit»)

418 2081 830 2117 HEDYPHAGETICA
867 2082 1047 2127 Apuleius
1068 2081 1245 2127 apologia
1264 2085 1308 2117 39
1324 2082 1384 2124 ‘Q.
1401 2081 1542 2116 Ennius
1561 2081 1864 2128 hedyphagetica

302 2140 373 2184 (he
389 2130 434 2174 <Tr
447 2140 690 2186 phagitica
709 2141 804 2176 F10r.
819 2141 919 2176 unde
932 2141 1133 2187 Apuleium
1153 2141 1304 2186 quidem
1324 2141 1502 2181 credibile
1522 2141 1564 2178 fii
1582 2141 1677 2177 nihil
1696 2142 1769 2177 nisi
1788 2142 1862 2177 he-

421 2273 473 2310 33
499 2271 693 2316 Quoniam
718 2273 857 2320 scripsi
875 2283 951 2320 pro
972 2284 1091 2322 quam
1111 2266 1226 2326 (mus.
1248 2271 1369 2310 Rhen.
1390 2284 1459 2311 xv1
1475 2283 1512 2319 p.
1530 2266 1635 2325 580)
1656 2274 1689 2310 ei
1714 2275 1862 2310 senien-

304 2332 396 2368 tiam
426 2332 481 2368 sie
514 2332 688 2378 supplevi
720 2331 856 2370 sedulo
888 2331 954 2369 ubi
985 2344 1144 2381 operam
1174 2331 1346 2379 addidit,
1373 2330 1567 2375 Quoniam
1592 2332 1704 2369 tanto
1731 2331 1861 2369 studio
1933 2345 1935 2347 ¹

302 2390 436 2433 seruit,
456 2402 619 2428 messem
639 2392 839 2440 exspectat
857 2403 1087 2440 prosperam
1185 2391 1238 2428 34
1253 2402 1330 2437 sqq.
1348 2390 1410 2428 De
1422 2401 1603 2428 versuum
1616 2391 1862 2438 difficillimo-

301 2461 390 2486 rum
407 2450 601 2497 scriptura
622 2451 679 2497 eqi
697 2462 747 2487 m.
760 2450 873 2488 Febr.
889 2461 925 2488 a.
944 2459 957 2485 1
969 2447 1021 2486 86
1033 2460 1046 2485 1
1066 2451 1108 2488 viu
1126 2461 1223 2488 mus.
1238 2450 1358 2487 Rhen.
1376 2462 1444 2488 xvl
1456 2462 1498 2497 p.
1516 2447 1568 2496 58
1581 2459 1594 2485 1
1613 2460 1703 2497 sqq„
1718 2450 1784 2488 sed
1804 2461 1860 2493 ea,

300 2509 343 2544 ui
358 2519 442 2546 meu
456 2508 584 2552 solerii,
599 2521 624 2546 a
638 2510 756 2547 doctis
768 2511 948 2558 iquoraiu
960 2511 1052 2548 suut
1064 2511 1133 2547 aui
1145 2511 1377 2557 contempta;
1397 2509 1524 2547 eodem
1537 2520 1642 2546 auno
1661 2509 1707 2547 de
1725 2509 1861 2546 iisdem

301 2566 494 2614 Bequius
512 2568 554 2605 iri
571 2567 809 2607 Fleckeisen&
834 2569 967 2606 armai.
988 2580 1143 2606 Lxxxm
1154 2579 1197 2616 p.
1214 2565 1265 2604 62
1278 2577 1292 2603 1
1312 2579 1389 2615 sqq.
1409 2579 1533 2615 nuper
1548 2569 1760 2615 praecipue
1777 2568 1860 2615 pis-

301 2626 402 2663 cium
420 2627 578 2664 nomina
597 2638 694 2674 quae
713 2630 803 2666 simi
814 2628 922 2675 apud
934 2628 1113 2665 Ennium
1133 2630 1166 2665 et
1184 2627 1291 2674 apud
1303 2625 1595 2664 Archesiraium
1615 2627 1759 2664 erudite
1770 2638 1861 2674 per-

300 2687 459 2722 secutus.
472 2685 660 2734 Georqius
679 2686 896 2724 Schmidius
914 2688 955 2724 iu
976 2689 1168 2724 commem.
1184 2687 1386 2724 ministerii
1404 2686 1513 2724 iustr.
1522 2686 1629 2733 publ.
1645 2685 1859 2732 Petropolii.

301 2755 337 2781 u.
353 2753 366 2779 1
377 2741 459 2791 896
474 2745 545 2783 has
557 2746 742 2792 reliquias
756 2743 942 2784 tractavit.
956 2747 1160 2783 novissime
1166 2743 1325 2793 Apuleii
1337 2745 1553 2792 apoloyiam
1567 2745 1620 2782 ad
1633 2745 1737 2782 codd.
1746 2744 1858 2782 Flor.

303 2803 420 2840 edidit
430 2803 466 2840 I.
480 2815 513 2840 v.
529 2804 562 2841 d.
575 2804 678 2842 Vliet
694 2814 706 2840 1
719 2814 803 2851 900
811 2818 825 2850 ‚·
839 2816 883 2843 ex
895 2805 1104 2852 iisdemque
1117 2805 1226 2842 libris
1238 2815 1385 2842 mecum
1396 2804 1610 2851 scripturas
1623 2803 1670 2840 R.
1681 2803 1727 2839 H
1726 2803 1860 2841 elmius

302 2863 601 2900 eommumieaviz‘.
627 2864 673 2901 de
695 2862 855 2902 Graecis
874 2861 1113 2901 Archesiraii
1138 2874 1235 2910 quae
1260 2863 1419 2901 Ennius
1445 2862 1630 2910 expressit
1658 2863 1740 2899 dixi
1770 2862 1860 2900 olim

302 2923 443 2968 quaest.
464 2921 568 2959 Emi
586 2933 627 2969 p.
649 2933 716 2960 xc1
850 2923 903 2961 34
925 2924 970 2960 ut
988 2924 1022 2960 si
1042 2934 1174 2961 verum
1194 2924 1247 2960 est
1266 2922 1556 2960 exclamatum
1575 2921 1724 2959 videtur
