2054 3282
712 178 972 213 ANNALIUM
996 178 1084 213 LIB.
1104 178 1156 213 IN
1159 178 1194 214 C.
1672 177 1726 219 87

900 296 1001 331 XXII

168 358 255 400 483
288 358 423 399 «Dum
457 357 623 400 clavum
649 361 812 400 rectum
839 359 1004 400 teneam
1029 372 1265 413 navemque
1291 358 1522 414 gubernem

889 468 1007 503 XXIH

167 529 254 571 484
1035 543 1132 571 cum
1159 543 1183 570 a
1207 543 1370 571 carcere
1395 530 1480 571 fusi

288 598 443 642 Currus
476 614 571 642 cum
598 600 741 642 sonitu
766 614 922 655 magno
948 600 1194 654 permittere
1221 602 1384 641 certant

889 709 1008 744 XXIV

164 771 250 813 486
284 770 475 826 Cumque
500 771 760 828 gubernator
785 785 940 827 magna
966 770 1175 813 contorsit
1200 785 1331 825 equos
1357 771 1399 811 vi

281 923 382 958 XXII
402 925 497 970 (483)
535 923 698 959 Isidorus
720 923 810 969 orig.
826 936 888 958 xrx
902 927 935 967 2,
948 927 990 957 12
1009 922 1155 957 ‘clavus
1170 924 1227 957 est
1240 933 1313 967 quo
1333 922 1474 968 regitur
1493 922 1725 968 gubernacu-

162 977 256 1012 lum:
272 976 318 1012 de
331 988 405 1022 quo
419 976 560 1012 Ennius
574 980 638 1013 «ut
652 976 797 1012 clavum
812 976 1007 1023 (clavum
1027 987 1096 1011 om.
1111 975 1239 1022 Wolf.)
1256 1004 1261 1010 .
1279 1004 1285 1010 .
1300 977 1493 1021 navimque
1507 975 1632 1021 (Wolf.
1648 986 1726 1010 na-

162 1041 348 1075 vemque
366 1030 488 1077 Bern.)
508 1030 762 1076 gubernem».'
862 1029 1114 1073 Quintilianus
1133 1042 1162 1064 11
1177 1033 1231 1072 17,
1247 1033 1292 1065 24
1315 1030 1422 1064 ‘nam
1442 1030 1480 1064 et
1499 1029 1727 1075 gubernator

162 1083 243 1118 vult
262 1083 364 1119 salva
383 1094 477 1120 nave
501 1084 542 1119 in
559 1084 709 1129 portum
727 1083 937 1129 pervenire3
958 1083 989 1117 si
1008 1084 1136 1119 tamen
1154 1083 1379 1128 tempestate
1399 1082 1513 1118 fuerit
1536 1082 1723 1128 abreptus,

161 1147 236 1171 non
254 1136 340 1172 ideo
359 1137 481 1172 minus
501 1137 573 1173 erit
591 1137 829 1183 gubernator,
850 1136 1024 1181 dicetque
1043 1137 1172 1171 notum
1191 1136 1286 1171 illud
1301 1136 1412 1173 «dum
1426 1136 1570 1172 clavum
1583 1137 1724 1172 rectum

161 1191 361 1227 teneam».'

278 1243 397 1278 XXHI
410 1246 506 1291 (484)
536 1244 655 1279 Schol.
665 1244 771 1279 Bern.
781 1244 928 1290 Hageni
942 1243 1121 1279 Fleckeis.
1132 1253 1216 1278 ann.
1226 1243 1393 1288 suppl.1v
1403 1255 1437 1288 p.
1448 1246 1517 1278 884
1528 1242 1632 1289 (cf.p.
1642 1244 1723 1289 992)

160 1296 199 1331 in
219 1307 344 1343 georg.
363 1311 376 1332 1
396 1301 463 1332 512
485 1298 540 1343 (ut
560 1309 643 1333 cum
670 1297 878 1333 carceribus
899 1308 978 1332 sese
998 1296 1161 1333 effudere
1181 1296 1401 1342 quadrigae)
1421 1296 1651 1332 ‘carceribus
1669 1296 1723 1331 ia-

159 1350 253 1385 nuis.
275 1350 416 1386 Ennius
437 1351 492 1386 ait
512 1362 618 1387 «eum
639 1362 661 1385 a
681 1361 827 1386 carcere
842 1379 848 1384 .
866 1379 871 1384 .
889 1379 895 1384 .
911 1350 1105 1386 certant».'

269 1401 397 1438 'XXIV
411 1405 506 1449 (486)
534 1402 722 1439 Charisius
736 1417 773 1439 1v
785 1416 820 1448 p.
837 1407 969 1447 272,27
984 1403 1026 1438 Κ.
1051 1404 1061 1420 ‘
1071 1403 1313 1448 metaphorae
1327 1403 1512 1448 quaedam
1527 1405 1613 1438 sunt
1626 1415 1723 1439 com-

160 1467 300 1500 muneS,
322 1467 418 1501 quae
438 1468 460 1491 a
477 1456 627 1492 Graecis
651 1456 847 1492 acoluthoe
875 1457 1122 1502 appellantur,
1141 1458 1184 1491 ut
1203 1456 1375 1501 «Tiphyn
1402 1456 1571 1502 aurigam
1594 1457 1723 1492 celeris

159 1509 280 1544 fecere
306 1509 495 1554 carinae»;
522 1510 611 1554 quia
637 1510 950 1555 quemadmodum
975 1510 1014 1544 in
1034 1510 1121 1544 navi
1144 1509 1276 1555 auriga
1302 1509 1376 1544 dici
1396 1510 1531 1554 potest,
1552 1510 1607 1544 ita
1627 1512 1664 1545 et
1683 1511 1722 1545 in

160 1573 268 1597 curru
292 1562 530 1608 gubernator,
555 1564 598 1598 ut
623 1574 800 1608 «cumque
825 1575 859 1608 g.
881 1575 942 1598 ma
967 1574 996 1598 c.
1017 1574 1125 1608 equos
1139 1567 1182 1598 ut
1201 1563 1268 1608 (sic
1288 1573 1362 1597 exc.
1384 1563 1486 1598 Leid.
1507 1574 1671 1609 magna
1691 1575 1720 1599 c.

159 1626 297 1660 equos
316 1615 358 1650 vi
378 1615 659 1661 gubernator
676 1616 859 1662 Neap.)».’
977 1615 1176 1651 Diomedes
1195 1629 1223 1650 11
1241 1628 1277 1661 p.
1292 1619 1374 1659 457,
1388 1619 1432 1650 29
1447 1616 1490 1650 Κ.
1508 1616 1722 1662 ‘metapho-

158 1679 222 1704 rae
241 1669 426 1713 quaedam
446 1668 655 1714 (sequentia
673 1670 716 1703 ut
736 1670 836 1714 apud
854 1669 1075 1715 Charisium)
1092 1698 1098 1703 .
1115 1698 1121 1703 .
1139 1669 1215 1704 .ita
1235 1670 1273 1704 et
1290 1669 1330 1704 in
1351 1681 1458 1703 curru
1479 1670 1723 1705 communiter

159 1722 385 1768 gubernator
405 1722 627 1768 (guberna
646 1723 771 1757 Par.A
791 1723 916 1768 Mon),
935 1724 978 1758 ut
997 1733 1169 1768 «cumque
1189 1724 1304 1767 (cum
1324 1733 1512 1766 eumque
1531 1722 1612 1757 Par.
1625 1723 1668 1769 Β)
1685 1736 1719 1769 g.

158 1786 289 1821 maquo
309 1786 338 1810 c.
353 1785 481 1820 equo»3
501 1775 563 1810 hic
582 1775 870 1821 gubernatorem
889 1787 957 1821 pro
978 1775 1109 1822 auriga
1128 1775 1280 1821 posuit.'
1384 1775 1637 1818 Quintilianus
1656 1790 1721 1812 vm

159 1833 191 1872 6,
207 1832 226 1863 9
244 1829 254 1845 ‘
264 1828 461 1863 translatio
477 1856 483 1862 .
498 1856 503 1862 .
519 1856 524 1862 .
541 1840 624 1863 cum
637 1829 677 1864 in
690 1829 800 1864 rebus
817 1829 1043 1864 animalibus
1061 1829 1164 1864 aliud
1177 1840 1245 1874 pro
1260 1829 1334 1864 alio
1347 1829 1511 1874 ponitur,
1524 1830 1567 1864 ut
1580 1829 1627 1864 de
1640 1830 1721 1876 agi-

157 1882 278 1916 tatore
292 1892 349 1927 «g.
362 1892 497 1928 mayua
510 1893 539 1916 c.
552 1892 682 1927 equum
694 1883 780 1918 vi».'
888 1882 1028 1917 Marius
1042 1882 1186 1917 Plotius
1201 1882 1380 1917 Sacerdos
1395 1881 1435 1917 Gr.
1446 1882 1483 1916 L.
1493 1882 1536 1917 K.
1545 1895 1582 1917 v1
1594 1894 1629 1928 p.
1639 1887 1719 1926 466,

159 1937 202 1968 29
219 1934 479 1980 ‘metaphora
498 1963 503 1968 .
521 1963 527 1969 .
543 1935 590 1970 ab
611 1935 765 1970 animali
786 1936 834 1970 ad
855 1936 1017 1971 animale
1034 1940 1164 1981 «atque
1179 1947 1214 1981 g.
1232 1946 1368 1982 mayua
1387 1946 1415 1970 c.
1431 1946 1538 1980 equos
1556 1937 1632 1979 vi»;
1652 1947 1719 1980 pro

158 1987 290 2033 auriga
305 2016 311 2021 .
329 2016 334 2022 .
349 1987 476 2033 posuit
489 1987 803 2034 gubernatorem.’
910 1989 1023 2024 Ennii
1041 1999 1187 2024 versum
1207 1999 1287 2023 esse
1306 1990 1392 2033 post
1411 1989 1436 2022 I.
1451 1988 1501 2023 M.
1517 1987 1719 2024 Gesnerum

156 2040 201 2074 H.
216 2040 259 2074 A.
273 2040 438 2075 Kochius
458 2040 553 2075 dixit
573 2041 719 2076 exercit.
735 2041 814 2076 crit.
832 2054 867 2087 p.
886 2046 939 2077 11.
959 2042 1003 2076 Id
1023 2042 1122 2086 quod
1143 2042 1359 2077 confirmare
1378 2041 1467 2076 licet
1480 2041 1638 2087 Vergilii
1658 2052 1718 2077 ex-

158 2093 289 2138 emplo,
305 2093 369 2138 qui
383 2105 467 2128 cum
479 2093 518 2128 in
533 2094 736 2128 certamine
749 2094 874 2129 navali
887 2095 987 2139 quod
1000 2095 1090 2130 Aen.
1102 2107 1125 2130 v
1139 2094 1337 2139 exponitur
1357 2105 1379 2129 a
1391 2106 1423 2129 v.
1436 2097 1503 2129 139
1517 2094 1610 2129 haec
1630 2095 1718 2130 scri-

157 2145 224 2182 bat
238 2146 249 2162 (
258 2145 346 2180 inde
359 2146 423 2180 ubi
438 2146 539 2181 clara
553 2146 658 2182 dedit
671 2146 832 2182 sonitum
851 2148 954 2191 tuba,
974 2147 1110 2183 finibus
1124 2158 1261 2191 omnes,
1281 2148 1374 2182 haut
1386 2157 1499 2191 mora,
1513 2147 1717 2192 prosiluere

282 2317 365 2355 483
391 2315 450 2364 O'f.
464 2315 658 2356 Aristides
671 2319 793 2357 Rhod.
815 2328 829 2354 1
841 2327 863 2365 3
881 2314 929 2372 (11
940 2331 983 2367 p.
1001 2326 1067 2368 75,
1085 2327 1132 2355 22
1150 2314 1271 2372 Keil.)
1290 2317 1358 2358 τὸν
1377 2324 1446 2358 τοῦ
1466 2318 1626 2359 πολίτου
1645 2335 1716 2360 κυ-

156 2374 347 2428 βερνήτου
367 2374 497 2428 λόγον,
516 2372 561 2423 ὃς
580 2375 657 2428 ἔφη
685 2375 961 2429 χειμαζομένης
987 2376 1092 2417 αὐτῶ
1118 2383 1187 2429 τῆς
1213 2376 1310 2425 νεὼς
1335 2376 1402 2417 καὶ
1425 2377 1717 2418 καταδύσεσθαι

156 2434 388 2485 προσδοκῶν
414 2440 527 2475 τοῦτο
554 2434 603 2486 δὴ
623 2434 664 2475 τὸ
684 2436 962 2488 θρυλούμενον
982 2433 1066 2476 (ἀλλ
1104 2431 1134 2476 ὦ
1153 2436 1351 2477 Ποτειδὰν
1377 2437 1463 2476 ἴσθι
1490 2434 1619 2490 ὀρθὰν
1644 2437 1716 2478 τὰν

156 2499 261 2533 ναῦν
281 2491 538 2534 καταδύσων.’
558 2496 620 2534 Dc
639 2507 712 2543 Quo
732 2496 829 2534 dicto
849 2496 1051 2545 Hauptius
1078 2498 1151 2545 eyit
1174 2509 1259 2546 opp.
1274 2510 1358 2546 11]).
1377 2506 1459 2545 319
1589 2498 1674 2537 484
1695 2512 1715 2537 e

157 2565 309 2592 carcere
328 2553 529 2602 Hayems,
549 2555 616 2593 sed
635 2556 733 2602 conf.
755 2555 868 2594 Varr.
886 2556 1062 2604 Menipp.
1081 2553 1162 2592 288
1178 2556 1321 2595 Buech.
1343 2569 1499 2596 currum
1520 2568 1543 2594 a
1563 2569 1715 2596 carcere

155 2612 296 2650 intimo
315 2613 479 2652 missum
592 2614 831 2664 permittere,
846 2615 947 2663 quod
958 2627 1085 2663 prave
1099 2617 1323 2655 coniecturis
1337 2618 1530 2665 temptant,
1545 2628 1617 2664 quo
1630 2628 1714 2655 seu-

154 2683 203 2709 su
213 2672 387 2720 positum
404 2674 465 2718 sit,
485 2673 544 2711 vel
562 2673 703 2712 Livius
722 2674 853 2712 docere
869 2676 1000 2722 potest,
1021 2675 1171 2724 equites
1190 2689 1261 2726 per
1278 2676 1458 2726 patentes
1478 2675 1519 2712 in
1539 2675 1713 2714 hostium

156 2730 238 2768 acie
257 2731 342 2769 vias
361 2732 589 2781 permittere
608 2744 728 2782 equos
748 2732 883 2771 iubeat
898 2745 995 2772 xxm
1012 2732 1105 2782 2‚8,·
1124 2734 1295 2774 detraxit
1313 2735 1443 2774 frenos
1463 2734 1573 2783 equis
1594 2735 1713 2784 atque

154 2789 214 2828 ita
233 2790 449 2830 concitatos
472 2791 690 2830 calcaribus
709 2792 901 2841 permisit,
919 2794 965 2831 ut
983 2793 1174 2833 sustinere
1194 2806 1259 2833 eos
1278 2794 1389 2832 nulla
1408 2794 1468 2831 vis
1487 2794 1621 2843 posset
1638 2806 1712 2833 vm

158 2857 224 2896 30,
240 2846 287 2895 6,·
307 2862 359 2887 x1.
380 2859 448 2898 40,
465 2858 511 2898 5,·
531 2851 577 2898 cf.
592 2851 693 2889 Nou.
707 2863 749 2899 p.
769 2849 860 2899 161,
877 2860 928 2898 33
1052 2854 1136 2892 486
1165 2852 1340 2903 Cumque
1360 2865 1413 2892 au
1431 2852 1563 2901 Atque
1583 2854 1712 2892 verius

154 2908 205 2945 sit
223 2908 467 2957 ambiywum·
482 2912 757 2958 permutamur
774 2912 874 2949 mter
892 2922 932 2950 se
952 2913 1065 2951 etiam
1085 2913 1189 2958 alibi,
1210 2913 1312 2951 velut
1333 2911 1472 2952 Catuli.
1488 2908 1556 2959 66,
1571 2919 1624 2959 45
