2004 3278
164 1860 228 1884 cap.
243 1860 264 1878 v

283 195 407 231 CXCII
802 192 845 227 H.
873 191 937 226 DE
957 190 1110 226 LIBRIS
1130 189 1361 225 ENNIANIS

284 307 515 355 desumptus
534 304 692 343 videtur
711 304 797 343 coll.
817 303 932 343 Livio
951 315 1052 341 xnx
1074 304 1142 351 27,
1161 303 1184 340 6
1204 306 1314 341 vento
1332 303 1498 342 semmdo
1519 303 1726 342 vehementi
1750 304 1847 342 satis

277 367 442 414 profecti
467 365 636 403 celeriter
661 375 679 402 6
704 365 904 411 conspectu
929 365 1054 401 terrae
1079 363 1201 401 ablati
1224 365 1317 401 sumt
1336 393 1342 399 .
1365 393 1373 400 .
1394 392 1403 400 .
1425 356 1490 415 (7)
1510 363 1633 401 lenior
1651 365 1786 401 ventus
1803 364 1847 401 in

283 426 360 463 alto
390 426 517 472 factus
538 445 592 449 —-
614 417 710 476 (13)
735 434 969 471 prosperam
998 423 1286 471 naviyatiouem
1315 423 1400 461 sine
1430 425 1574 460 terrore
1604 433 1650 461 ac
1680 422 1847 460 tumultu

279 485 402 532 fuisse
426 483 634 531 permultis
662 482 823 521 Graecis
848 482 1082 530 Latinisque
1113 482 1334 520 auctoribus
1365 482 1524 526 credidi,
1557 481 1682 520 altero
1715 482 1849 519 autem

279 542 416 592 rapide
441 554 562 580 naves
589 542 832 591 appellentes
857 540 1004 579 milites
1029 540 1261 591 pinguntur.

400 600 532 651 Scipio
559 613 647 639 cum
671 600 896 639 Hannibale
924 600 1178 651 congreditur
1203 594 1326 653 (vm).
1358 599 1606 638 Conveniunt
1630 600 1735 638 enim
1760 612 1848 637 cum

279 661 353 699 hac
383 660 504 699 Ennii
542 661 738 699 sententia
776 674 822 698 ex
852 660 938 709 ipso
978 659 1079 697 libro
1118 660 1242 698 citata
1279 672 1382 708 quae
1413 659 1679 697 Hannibalem
1710 658 1847 697 Livius

280 733 361 757 xxx
384 721 439 757 30
474 721 654 758 orantem
684 720 798 758 facit:
831 719 1009 757 conferas
1040 719 1104 757 vel
1134 719 1231 757 haec
1257 713 1354 772 (18)
1385 721 1580 758 maximae
1610 720 1746 767 cuique
1769 720 1848 767 for-

280 782 397 817 tunae
415 781 573 818 minime
594 779 825 818 credendum
845 782 921 817 est.
937 809 944 816 .
964 773 1058 831 (19)
1079 779 1214 817 melior
1233 780 1423 826 tutiorque
1442 781 1496 816 est
1513 781 1616 817 certa
1627 790 1713 826 pax
1732 789 1849 826 quam

279 841 437 886 sperata
461 840 645 877 victoria:
669 839 762 877 haec
785 840 829 877 in
854 841 934 883 tua,
959 838 1030 876 illa
1049 839 1092 876 iu
1111 838 1269 876 deorum
1287 850 1411 876 manu
1430 840 1494 877 est.
1518 850 1567 876 ue
1585 840 1638 876 tot
1656 848 1850 876 armorum

279 898 500 946 felicitatem
533 899 577 936 iu
608 899 727 936 wnius
758 899 875 936 horae
907 897 1057 936 dederis
1088 892 1348 949 discrimen.*)
1381 896 1459 935 Ubi
1483 897 1722 935 Hannibalis
1746 895 1847 946 peri-

282 958 415 995 culum
429 956 654 1006 Scipionem
674 957 725 995 ad
743 969 881 1007 pacem
901 956 1159 1006 compellendi
1177 956 1335 994 irritum
1355 956 1505 1006 cecidit,
1525 956 1721 1006 proelium
1734 968 1849 1005 para-

282 1018 358 1054 tur.
393 1016 543 1054 Milites
576 1016 803 1055 cohortatus
835 1017 919 1054 sive
945 1015 1077 1065 Scipio
1110 1017 1169 1054 est
1200 1017 1282 1054 sive
1307 1015 1527 1053 Hannibal:
1561 1016 1628 1054 secl
1659 1015 1753 1063 quid
1784 1026 1849 1063 690

282 1076 375 1114 haec
398 1076 593 1114 memoro?
618 1076 762 1114 dietum
786 1077 1006 1124 factumque
1029 1077 1125 1123 facit
1147 1076 1242 1123 frux
1267 1069 1359 1127 (m),
1385 1074 1527 1124 quibus
1552 1074 1747 1112 Wezelius
1772 1074 1797 1111 l.
1819 1086 1849 1111 6.

282 1148 319 1184 p.
343 1136 397 1173 30
424 1135 576 1172 confert
596 1147 698 1184 quae
718 1135 824 1184 apud
845 1134 985 1172 Silium
1007 1129 1110 1187 (xvn
1132 1135 1214 1172 328
1225 1129 1300 1187 sq.)
1321 1134 1459 1172 eadem
1478 1135 1680 1172 occasione
1699 1133 1849 1171 Hanni-

282 1193 348 1231 bal
380 1195 609 1232 cohortatus
641 1194 787 1232 milites
820 1194 917 1232 dicit
948 1194 1042 1242 quid
1071 1205 1155 1238 vos,
1187 1195 1273 1241 quis
1304 1193 1409 1232 claro
1441 1194 1604 1232 deletum
1635 1196 1689 1232 est
1718 1194 1851 1231 Marte

283 1251 513 1301 Saqunturm
533 1254 705 1292 exhorter
724 1265 802 1302 eqs.
822 1253 961 1303 Pugna
981 1253 1244 1291 committitur
1257 1247 1339 1305 (x):
1359 1253 1549 1304 fugantur
1561 1252 1651 1290 Afri
1670 1254 1709 1290 et
1722 1254 1852 1290 635113

283 1311 527 1361 diripiuntur
553 1307 645 1365 (XI).

405 1371 465 1409 De
497 1372 688 1420 proximis
719 1372 871 1410 duobus
897 1384 955 1409 ΧΠ
981 1373 1020 1409 61
1044 1384 1118 1409 xm
1142 1373 1301 1409 tantum
1326 1371 1426 1421 dico,
1456 1372 1526 1410 illo
1556 1373 1666 1421 pacis
1690 1370 1849 1409 liberta-

282 1431 415 1480 tisque
441 1430 679 1469 desiderium
707 1430 1093 1482 Carthaginiensium
1121 1432 1299 1480 exprimi,
1330 1431 1404 1469 hoc
1430 1432 1563 1469 autem
1588 1431 1638 1469 ad
1662 1431 1851 1481 repetitos

281 1502 378 1539 pace
409 1490 596 1528 restituta
627 1491 758 1528 cultus
791 1503 975 1541 agrorum
1006 1490 1162 1528 referri:
1195 1491 1305 1529 cuius
1330 1502 1466 1529 versus
1493 1490 1700 1538 sententia,
1733 1502 1852 1539 quam

282 1549 337 1587 sic
363 1549 548 1599 suppleas
573 1551 765 1588 nemiuem
798 1561 876 1588 esse
907 1551 974 1598 qui
1004 1561 1083 1588 uon
1116 1550 1197 1588 sive
1229 1550 1447 1599 simplicius
1479 1552 1567 1598 quis
1596 1561 1676 1588 nou
1705 1552 1853 1588 rastros

282 1610 423 1656 ceperit
447 1620 568 1647 causa
586 1609 763 1657 poliendi
788 1610 887 1658 agri,
915 1609 1015 1646 mihi
1040 1610 1200 1658 sumpta
1224 1609 1381 1647 videtur
1407 1622 1453 1647 ex
1477 1609 1599 1647 simili
1624 1609 1851 1647 condicione

282 1680 413 1705 rerum
439 1669 475 1705 ei
501 1680 621 1717 quam
646 1667 784 1706 Livius
810 1680 908 1707 xxv1
928 1669 997 1716 40,
1020 1668 1072 1705 15
1099 1669 1142 1706 in
1168 1667 1305 1706 Sicilia
1330 1668 1512 1719 depingit
1542 1670 1720 1718 coeyisset
1743 1667 1852 1706 Sicu-

282 1727 338 1765 los
362 1728 505 1775 positis
536 1728 691 1766 tandem
723 1729 845 1766 armis
876 1728 929 1766 ad
960 1740 1099 1776 ayrurn
1130 1728 1331 1766 colendum
1362 1729 1513 1766 animos
1542 1731 1771 1775 conver-term
1801 1727 1850 1769 cf.

282 1798 395 1825 xxvn
410 1787 448 1835 5,
465 1787 500 1824 5.
521 1787 625 1824 Nam
647 1789 686 1824 et
698 1786 836 1824 Affica
856 1788 942 1824 erat
959 1788 1004 1824 ut
1025 1785 1160 1824 Sicilia
1181 1787 1281 1824 cella
1299 1787 1559 1825 frumentaria
1574 1788 1850 1825 Romanorum.

402 1846 570 1884 Punicas
601 1858 664 1884 res
697 1845 747 1883 ad
774 1845 892 1884 finem
924 1848 1151 1895 persecutus
1177 1848 1296 1895 poeta
1320 1858 1422 1884 novo
1449 1847 1650 1896 prooemio
1676 1846 1727 1884 ad
1751 1845 1851 1883 bel-

282 1904 376 1942 lum
410 1904 767 1943 Macedonicum
799 1905 941 1955 pergit.
976 1904 1095 1943 Cuius
1126 1905 1222 1943 belli
1253 1906 1370 1943 initia
1402 1906 1496 1944 11661
1523 1907 1603 1943 13111
1633 1906 1675 1942 111
1701 1905 1852 1942 Η311111-

282 1963 403 2002 balici
428 1965 622 2003 tumultus
648 1966 828 2014 tempora
852 1964 1042 2013 incidant,
1067 1965 1239 2002 Ennium
1265 1965 1313 2002 ab
1334 1966 1431 2014 ipsis
1450 1964 1656 2014 principiis
1676 1964 1852 2013 Philippi

282 2035 344 2061 res
369 2023 599 2072 repetivisse
631 2024 833 2062 exordium
866 2024 1090 2062 subindicat
1120 2026 1245 2062 insece
1275 2025 1400 2062 Musa
1430 2036 1553 2062 manu
1584 2024 1853 2062 Romanorum

282 2083 536 2130 induperator
561 2084 662 2131 quod
687 2085 846 2131 quisque
876 2084 919 2121 iu
947 2084 1042 2121 bello
1070 2085 1186 2132 gessit
1217 2095 1304 2121 cum
1333 2095 1419 2132 reye
1443 2084 1624 2131 Philippo
1651 2077 1714 2136 (1),
1747 2082 1852 2132 quod

285 2154 527 2191 quamquam
551 2155 630 2180 non
656 2155 702 2180 ex
727 2155 797 2180 suo
823 2142 924 2181 libro
951 2143 1124 2191 affertur,
1156 2142 1305 2181 decimo
1331 2142 1548 2192 praefixum
1578 2142 1702 2180 fuisse
1735 2154 1851 2191 quae-

283 2200 375 2238 dam
401 2202 481 2240 alia
506 2202 729 2252 fragmenta
755 2202 1004 2251 persuadent.
1038 2201 1151 2247 Quod
1183 2202 1216 2239 si
1235 2214 1266 2239 11
1297 2215 1342 2240 ex
1375 2202 1524 2240 decimo
1557 2203 1724 2240 citatum
1748 2201 1852 2239 Leu-

285 2263 412 2298 catam
442 2264 647 2309 campsant
676 2263 782 2299 recte
816 2261 984 2310 explicui
1009 2261 1057 2299 iis
1084 2274 1184 2310 quae
1209 2261 1346 2299 Livius
1372 2274 1471 2300 xxv1
1492 2262 1559 2311 26,
1582 2263 1603 2298 1
1633 2261 1684 2299 ad
1710 2273 1744 2299 a.
1767 2260 1850 2298 543

284 2322 421 2358 narrat
440 2320 643 2358 Laevinus
668 2322 770 2359 veris
789 2322 989 2368 principio
1015 2330 1049 2359 a·
1068 2321 1238 2369 Corcyra
1256 2322 1456 2368 profectus
1479 2321 1647 2358 navibus
1672 2322 1852 2368 superato

283 2379 460 2418 Leucata
471 2382 749 2428 promunturio
769 2392 855 2418 eum
873 2382 1037 2418 venisset
1054 2380 1318 2427 Naupactum,
1343 2378 1575 2428 Ariticyram
1594 2380 1685 2418 iude
1703 2391 1742 2418 se
1753 2380 1853 2428 peti-

283 2447 418 2482 turum
443 2439 572 2484 edixit,
596 2442 641 2477 ut
658 2442 817 2488 praesto
842 2440 897 2477 ibi
920 2438 1067 2488 Scopas
1090 2438 1291 2487 Aetolique
1316 2442 1448 2483 essent,
1483 2439 1738 2488 consequitur
1761 2451 1853 2488 poe-

401 2586 432 2631 *)
458 2587 570 2621 Ennii
589 2598 735 2622 versum
749 2599 832 2622 cum
845 2587 916 2622 hac
933 2587 1101 2622 oratione
1116 2586 1272 2622 Liviana
1285 2586 1457 2632 componi
1470 2586 1658 2631 vituperat
1671 2586 1711 2620 E.
1723 2586 1852 2622 Weze-

284 2633 357 2668 lius
384 2634 429 2667 de
456 2634 539 2669 Silii
564 2634 686 2669 1131161
718 2634 886 2670 fontibus
913 2647 948 2680 p.
970 2638 1014 2669 29
1030 2647 1083 2679 sq.
1117 2634 1254 2669 Contra
1285 2634 1498 2679 opinionem
1529 2644 1651 2668 meam
1682 2634 1854 2678 probavit

287 2680 323 2715 C.
344 2681 580 2716 Lehmannus
613 2682 652 2716 in
683 2681 811 2717 libello
838 2683 916 2717 Der
948 2683 1046 2718 letzte
1072 2683 1234 2728 Feldzuq
1265 2682 1327 2717 des
1352 2682 1670 2717 Hannibalisehen
1699 2682 1852 2727 Krieyes

287 2729 412 2774 Leipz.
434 2732 526 2763 1894
544 2741 580 2773 p
602 2734 682 2772 569,
709 2730 774 2773 qui
801 2730 849 2764 ad
875 2740 958 2764 eam
984 2730 1275 2764 confirmandam
1302 2728 1442 2763 similes
1469 2729 1673 2764 sententias
1699 2739 1721 2763 a
1745 2728 1851 2772 Poly-

285 2775 349 2810 bio
369 2776 575 2810 Hannibali
594 2777 756 2811 tributas
777 2778 837 2822 (xv
858 2780 890 2820 6,
911 2779 946 2822 8)
967 2777 1086 2820 affert,
1110 2777 1149 2811 in
1169 2777 1304 2821 quibus
1325 2777 1372 2816 ὡς
1391 2774 1594 2821 μετάθετός
1613 2775 1742 2811 ἐστιν
1724 2789 1747 2820 η
1761 2775 1852 2821 τύχη

287 2824 351 2858 καὶ
377 2823 480 2867 παρὰ
505 2824 637 2868 μικρὸν
661 2838 713 2865 εις
743 2823 898 2867 ἑκάτεροι
922 2830 1025 2859 ποιεῖ
1047 2824 1206 2870 μεγάλας
1231 2822 1350 2868 ῥοπὰς
1374 2823 1549 2867 καθαπερ
1575 2821 1723 2868 νηπίοις
1746 2823 1853 2857 παισὶ

288 2869 466 2915 χρωμένη.
495 2870 565 2913 Qui
585 2871 678 2906 mihi
697 2871 812 2916 probe
831 2871 979 2906 videtur
998 2872 1271 2906 demonstrasse
1290 2871 1426 2905 bonam
1442 2871 1588 2915 partem
1600 2869 1710 2905 huius
1725 2869 1851 2915 vulga-

288 2917 339 2952 ris
365 2918 591 2954 narrationis
617 2930 661 2954 ex
686 2918 799 2953 Ennii
822 2918 927 2964 poesi
953 2919 1105 2954 ductam
1131 2930 1220 2955 6556.
