2054 3282
676 183 937 218 ANNALIUM
962 183 1049 219 LIB.
1069 183 1154 219 XVI
1636 181 1689 225 77

882 301 949 336 XV

132 362 219 406 425
506 365 629 417 «post
659 365 797 404 aetate
829 362 970 418 pigret
1001 363 1175 405 sufferre
1206 362 1394 405 laborem

871 467 957 503 XVI

131 528 218 571 426
789 528 964 570 «hebem

863 632 964 668 XVH

131 694 215 736 427
251 693 494 738 «Navorum
525 693 752 748 imperium
785 708 950 735 servare
982 696 1048 736 est
1079 693 1406 748 induperantum

853 798 971 833 XVHI

130 860 216 903 428
250 860 373 903 «Non
404 860 449 902 in
481 860 689 915 sperando
722 859 874 914 cupide
905 874 994 901 rem
1026 860 1203 915 prodere
1235 874 1444 902 summam

866 964 951 998 XIX

129 1028 215 1069 429
248 1026 405 1082 «Spero
437 1027 474 1068 si
507 1040 648 1081 speres
681 1027 908 1081 quicquam
942 1026 1142 1080 prodesse
1175 1025 1289 1080 potis
1322 1028 1422 1067 sunt

875 1130 942 1165 XX

129 1193 216 1235 430
248 1193 365 1243 «Quo
397 1208 463 1235 res
496 1207 621 1248 sapsa
650 1193 745 1234 loco
779 1206 870 1234 sese
903 1194 1173 1247 ostentatque
1206 1191 1408 1247 iubetque

870 1297 955 1331 XXI

130 1359 214 1402 431
250 1358 319 1401 «Si
344 1359 444 1414 luci,
470 1360 505 1401 si
530 1373 629 1415 nox,
655 1359 691 1400 si
716 1372 828 1413 mox,
855 1358 891 1400 si
918 1358 1002 1399 iarn
1029 1358 1128 1399 data
1154 1358 1212 1400 sit
1236 1358 1334 1400 frux

246 1494 313 1528 XV
328 1495 424 1539 (425)
459 1493 602 1528 Nonius
616 1505 651 1537 p.
668 1496 746 1536 219,
764 1496 806 1526 12
830 1492 974 1537 ‘pigret
986 1491 1127 1527 Ennius
1141 1493 1204 1527 lib.
1221 1506 1282 1528 xvr
1299 1494 1407 1538 «post
1427 1493 1551 1527 aetate
1566 1491 1691 1537 (Wolf.

129 1549 166 1582 et
185 1558 204 1582 e
225 1558 314 1582 corr.
333 1547 434 1582 Harl.
456 1559 481 1591 p
493 1547 570 1582 ote
582 1558 598 1580 s
610 1548 626 1581 t
637 1557 658 1581 a
669 1547 685 1581 t
696 1557 715 1581 e
745 1546 871 1591 ceteri)
891 1558 926 1591 p.
948 1545 1100 1581 sufferre
1121 1546 1270 1592 (supfe
1282 1558 1324 1580 rr
1335 1558 1354 1581 e
1378 1546 1478 1581 Leid.
1494 1558 1540 1580 m.
1556 1547 1625 1591 pr.)
1638 1545 1693 1580 la—

128 1601 306 1636 horem»)

245 1654 330 1688 XVI
349 1655 445 1699 (426)
482 1653 670 1688 Charisius
690 1667 702 1687 1
722 1666 756 1698 p.
775 1657 853 1697 132,
869 1657 889 1688 6
902 1653 945 1687 Κ.
964 1653 1126 1688 ‘hebem
1144 1653 1326 1688 Caecilius
1352 1653 1391 1688 in
1413 1651 1693 1700 ΠΡποβολιμοιίερ

128 1709 184 1753 (81
206 1707 263 1753 R.)
285 1707 432 1744 «subito
452 1718 510 1742 res
532 1707 691 1742 reddent
714 1706 881 1742 hebem».
903 1706 1044 1741 Ennius
1064 1719 1135 1750 xm,
1156 1707 1222 1741 ubi
1241 1707 1295 1741 Fl.
1318 1706 1452 1752 Caper:
1473 1718 1548 1742 non
1566 1707 1609 1740 ut
1629 1706 1694 1741 ad-

126 1758 290 1795 iunctivo
305 1761 370 1796 sed
385 1760 613 1806 appellativo
628 1761 684 1795 est
696 1760 870 1795 locutus.'
953 1759 1004 1794 Cf.
1020 1760 1158 1795 Paulus
1172 1760 1274 1795 Festi
1293 1773 1328 1806 p,
1346 1764 1400 1803 71,
1417 1764 1458 1794 21
1476 1760 1541 1794 Th.
1560 1760 1570 1776 ‘
1580 1759 1694 1794 hebes

127 1814 270 1849 retunsi
290 1814 498 1849 acuminis.’

244 1867 346 1902 XVII
360 1868 455 1913 (427)
487 1868 618 1903 Festus
633 1880 667 1912 p.
683 1871 760 1910 172,
773 1871 793 1902 2
809 1867 874 1901 Th.
893 1867 903 1884 ‘
913 1878 1029 1902 navus
1043 1867 1140 1902 celer
1154 1878 1196 1902 ac
1211 1868 1382 1902 strenuus
1397 1878 1419 1902 a
1432 1867 1583 1902 navium
1596 1866 1694 1902 velo—

128 1921 241 1955 citate
261 1921 408 1956 videtur
427 1921 560 1956 dictus.
575 1921 717 1955 Ennius
730 1921 753 1955 l.
766 1934 803 1956 v1
817 1921 890 1967 [111]
906 1922 943 1955 et
956 1920 979 1954 1.
994 1934 1056 1956 xv1
1076 1931 1278 1957 «navorum
1293 1949 1299 1955 .
1317 1949 1323 1955 .
1340 1949 1346 1955 .
1361 1921 1692 1966 insuperantum»)

245 1974 364 2009 XVIII
385 1976 480 2020 (428)
512 1975 644 2009 Festus
658 1987 692 2019 p.
706 1977 786 2017 284,
799 1978 842 2008 32
857 1973 923 2008 Th.
942 1974 1114 2018 ‘prodita
1126 1974 1327 2009 memoriae
1346 1985 1455 2018 porro
1476 1974 1553 2016 dat,
1574 1974 1612 2007 et
1625 1972 1694 2007 fal-

126 2028 182 2070 lit,
203 2027 294 2062 item
314 2038 359 2062 ex
377 2028 555 2062 interiore
574 2027 656 2062 loco
676 2027 855 2072 procedit.
872 2027 963 2061 item
982 2027 1117 2071 perdit,
1137 2028 1180 2062 ut
1198 2027 1340 2062 Ennius
1359 2026 1382 2061 1.
1398 2040 1459 2061 xw
1473 2037 1570 2062 «non
1583 2026 1622 2060 in
1638 2055 1644 2060 .
1662 2054 1668 2060 .
1686 2055 1692 2060 .

128 2081 359 2116 summam».'
375 2081 513 2115 Paulus
530 2080 676 2125 ‘prodit
691 2109 696 2114 .
715 2109 720 2114 .
739 2109 744 2114 .
759 2080 851 2116 item
863 2080 998 2124 perdit,
1012 2081 1055 2114 ut
1068 2080 1209 2114 Ennius
1224 2091 1321 2116 «non
1334 2079 1374 2114 in
1389 2108 1395 2113 .
1413 2108 1418 2113 .
1436 2108 1442 2113 .
1459 2080 1691 2114 summam».'

245 2133 329 2167 XIX
350 2135 445 2179 (429)
483 2133 614 2168 Festus
634 2145 669 2178 p.
684 2137 765 2176 492,
782 2136 801 2166 7
815 2132 881 2166 Th.
900 2133 1045 2177 ‘speres
1066 2133 1211 2177 antiqui
1231 2133 1428 2178 pluraliter
1447 2132 1635 2177 dicebant,
1649 2134 1692 2167 ut

127 2186 268 2221 Ennius
287 2186 354 2220 l.11
374 2187 456 2232 [vn]
478 2188 515 2220 et
533 2186 556 2220 l.
572 2199 634 2221 xv1
654 2197 785 2231 «spero
807 2214 813 2220 .
831 2214 837 2220 .
855 2214 861 2219 .
883 2186 981 2230 potis
1002 2187 1138 2221 sunt».'

246 2239 312 2273 XX
333 2241 428 2285 (430)
467 2239 598 2274 Festus
618 2251 652 2284 p.
668 2243 749 2283 476,
765 2242 808 2273 28
823 2239 889 2273 Th.
913 2240 924 2255 ‘
935 2250 994 2273 sas
1008 2238 1159 2274 Verrius
1173 2241 1283 2284 putat
1297 2239 1506 2285 significare
1521 2250 1583 2274 eas
1598 2241 1692 2274 teste

127 2292 247 2327 Ennio
261 2292 326 2337 qui
340 2292 442 2327 dicat
455 2292 494 2326 in
507 2292 530 2327 1,
546 2306 558 2326 1
574 2293 665 2339 [L11]‚
685 2304 768 2327 cum
788 2303 873 2327 suas
893 2293 1013 2337 magis
1034 2292 1204 2327 videatur
1224 2292 1444 2338 significare,
1467 2292 1577 2328 sicuti
1597 2292 1693 2327 eius-

128 2346 212 2381 dem
232 2346 254 2380 1.
273 2359 324 2381 v11
344 2346 539 2381 fatendum
565 2347 622 2380 est
647 2357 730 2380 eam
756 2345 957 2391 significari
984 2357 1067 2380 cum
1088 2345 1142 2380 ait
1163 2346 1231 2392 [11].
1247 2346 1347 2381 idem
1367 2357 1450 2380 cum
1470 2346 1524 2380 ait
1544 2356 1693 2390 sapsam

127 2410 194 2444 pro
208 2400 291 2444 ipsa
304 2411 371 2435 nec
387 2399 472 2442 alia,
487 2400 594 2444 ponit
607 2399 646 2433 in
659 2399 682 2433 l.
698 2413 758 2434 xw
773 2410 869 2444 «qu0
882 2428 888 2433 .
903 2428 909 2433 .
924 2428 929 2433 .
943 2398 1172 2443 iubetque».'
1187 2399 1326 2434 Paulus
1342 2400 1353 2417 ‘
1364 2410 1474 2444 sapsa
1493 2400 1576 2444 ipsa
1594 2400 1693 2434 idem

127 2453 269 2488 Ennius
290 2464 386 2498 «quo
402 2482 408 2487 .
426 2482 432 2487 .
450 2482 455 2487 .
473 2454 687 2489 ostentat».'
928 2479 931 2481 ψ

244 2506 329 2540 XXI
342 2508 437 2552 (431)
457 2506 669 2541 Priscianus
683 2519 719 2541 v1
732 2518 767 2550 p.
779 2509 858 2549 278,
870 2510 912 2540 13
923 2506 967 2540 H.
983 2506 994 2523 ‘
1003 2506 1087 2540 frux
1101 2506 1215 2542 etiam
1228 2505 1346 2551 frugis
1360 2506 1453 2541 facit
1467 2507 1690 2552 genetivum,

252 2679 337 2717 425
368 2679 501 2717 Possis
526 2678 622 2716 Post
654 2679 791 2716 exacta
823 2679 970 2722 aetate,
995 2680 1039 2715 ‘al
1066 2678 1269 2717 Terentius
1300 2679 1448 2726 adelph.
1472 2676 1556 2725 870
1586 2690 1690 2715 nunc

129 2739 266 2775 exacta
286 2739 428 2783 aetate,
444 2739 600 2776 etmulti
613 2738 789 2776 similiter
902 2737 985 2775 427
1008 2736 1314 2787 induperantum
1326 2737 1514 2785 Scaliyer:
1533 2738 1688 2785 insupe-

128 2797 287 2834 rantum
408 2798 492 2835 428
519 2798 610 2835 Non
635 2799 677 2835 in
698 2796 890 2846 sperando
909 2797 1154 2835 vindicabam
1173 2797 1308 2835 Herm.
1323 2809 1409 2835 xv11
1427 2808 1468 2844 p.
1487 2793 1569 2843 596

129 2855 211 2892 431
245 2855 379 2894 Simile
401 2868 480 2894 non
498 2869 580 2904 par
598 2857 849 2894 Homericum
874 2853 1022 2894 ἔσσεται
1039 2853 1065 2907 ἢ
1084 2853 1165 2906 ἠὼς
1189 2853 1215 2907 ἢ
1241 2855 1348 2905 δείλη
1373 2852 1399 2905 ἢ
1425 2852 1542 2906 μέσον
1571 2848 1689 2906 ἦμαρ,

130 2913 358 2953 Callimachi
376 2912 457 2953 ἀλλ’
475 2913 501 2966 ἢ
520 2915 592 2963 νὺξ
612 2913 638 2967 ἢ
657 2913 786 2961 ἔνδιος
805 2912 831 2966 ἢ
851 2909 946 2953 ἔσεί
963 2912 1066 2965 ἧώς;
1085 2916 1247 2963 denique
1262 2915 1421 2963 Veryilii
1434 2912 1530 2952 Aen.
1546 2926 1588 2953 1v
1603 2911 1684 2961 627
