2054 3282
380 182 462 223 108
910 177 1168 212 ANNALIUM
1193 177 1280 212 LIB.
1302 176 1395 213 mc.

1106 294 1202 330 GVH

373 358 459 400 582
1430 359 1618 399 oratores

492 427 742 482 Doctiloqui

1099 519 1212 555 CVIII

372 593 459 635 584
1027 593 1194 635 animus
1220 607 1317 635 cum
1341 595 1514 648 pectore
1538 592 1667 636 latrat

1113 709 1191 745 CIX

372 783 458 826 585
1169 782 1350 825 clamore
1374 783 1579 825 bovantes

1126 899 1187 934 CX

370 972 456 1015 586
1027 987 1202 1028 pausam
1229 973 1367 1015 facere
1392 987 1458 1015 ore
1482 973 1689 1015 fremendi

490 1136 585 1173 CVH
604 1138 700 1183 (582)
732 1137 849 1173 Varro
870 1138 916 1172 de
935 1137 958 1172 l.
974 1137 1012 1172 L.
1028 1150 1079 1172 vn
1099 1140 1141 1171 41
1160 1137 1282 1182 ‘apud
1299 1136 1460 1172 Ennium
1481 1137 1592 1184 [207]
1607 1139 1731 1173 orator
1744 1138 1864 1173 dictus
1885 1138 1932 1174 ab

370 1191 554 1226 oratione:
569 1191 634 1236 qui
648 1191 747 1226 enim
760 1191 872 1226 verba
883 1191 1124 1238 [orationum]
1137 1190 1295 1226 haberet
1308 1191 1348 1235 (v
1357 1190 1433 1226 erb
1442 1201 1464 1225 a
1484 1191 1508 1224 h
1517 1190 1570 1225 ab
1579 1201 1651 1225 ere
1664 1192 1764 1226 recte
1778 1191 1931 1227 dicitur:

372 1244 417 1279 cf.
433 1244 556 1279 Herm.
572 1257 644 1279 xxx
663 1257 698 1289 p.
714 1245 773 1290 26)
786 1244 937 1289 publice
957 1243 1132 1279 adversus
1153 1254 1237 1279 eum
1250 1255 1323 1289 quo
1337 1243 1536 1289 legabatur
1555 1244 1817 1290 (legebatur
1835 1245 1930 1280 Flor.

370 1309 459 1332 corr.
476 1297 654 1344 Scaliger)
675 1298 722 1333 ab
743 1298 910 1333 oratione
937 1299 1061 1333 orator
1086 1297 1218 1332 dictus.
1242 1309 1326 1332 cum
1350 1308 1408 1333 res
1429 1297 1571 1333 maiore
1589 1298 1734 1333 ratione
1755 1298 1932 1344 legeban-

368 1353 429 1386 tur
449 1351 653 1397 (corrigunt
676 1351 833 1394 maior,
856 1351 913 1387 vel
934 1351 1077 1386 maior
1103 1353 1216 1394 erat,
1244 1350 1445 1386 orationi
1471 1350 1932 1396 legabantur)potissi-

368 1416 470 1438 mum
490 1403 554 1449 qui
574 1415 725 1439 causam
745 1404 1041 1440 commodissime
1061 1415 1166 1440 orare
1180 1405 1364 1449 poterant.
1380 1404 1509 1450 itaque
1522 1404 1663 1440 Ennius
1678 1405 1732 1439 ait
1745 1406 1931 1441 «oratores

369 1457 624 1502 doctiloqui».’
640 1457 817 1493 Varronis
838 1458 1024 1494 sententia
1044 1459 1111 1501 est,
1133 1458 1197 1503 qui
1217 1458 1265 1493 ad
1285 1469 1362 1493 rem
1382 1458 1567 1504 agendam
1580 1457 1730 1503 publice
1744 1470 1816 1504 quo
1830 1458 1931 1504 lega-

368 1512 504 1554 rentur,
526 1523 611 1554 non,
630 1512 673 1546 ut
691 1513 875 1557 poterant,
896 1512 1041 1557 legatos
1056 1512 1120 1546 sed
1135 1511 1182 1546 ab
1196 1512 1335 1547 orando
1350 1513 1514 1547 oratores
1528 1511 1711 1557 appellari
1725 1512 1863 1547 solitos.
1879 1512 1932 1547 sic

369 1564 459 1600 Cato
474 1564 576 1610 apud
588 1564 739 1600 Festum
758 1577 793 1610 p.
810 1569 891 1608 202,
905 1570 927 1600 4
941 1565 1006 1600 Th.
1025 1565 1197 1600 ‘Aetolos
1211 1576 1342 1611 pacem
1361 1565 1472 1600 velle:
1494 1565 1540 1600 de
1560 1576 1605 1600 ea
1622 1576 1662 1600 re
1682 1566 1845 1600 oratores
1858 1566 1931 1600 Ro-

368 1629 467 1652 mam
486 1617 701 1663 profectos’3
719 1617 880 1653 ‘bellum
901 1618 1025 1663 coepit
1042 1647 1048 1653 .
1063 1647 1090 1653 ..
1113 1620 1276 1654 oratores
1302 1619 1407 1654 misit
1431 1618 1623 1663 Romam’3
1644 1618 1696 1653 sic
1716 1629 1828 1664 saepe
1841 1618 1931 1654 Ver-

368 1671 480 1716 gilius
500 1671 602 1706 velut
619 1684 657 1705 XI
672 1674 756 1716 1003
776 1684 814 1705 XI
834 1674 902 1706 330
919 1671 1004 1716 ‘qui
1024 1671 1126 1707 dicta
1144 1671 1270 1707 ferant
1289 1674 1327 1707 et
1344 1672 1498 1707 foedera
1516 1672 1664 1706 finnent
1683 1673 1831 1707 centum
1851 1683 1931 1707 ora-

368 1725 466 1759 tores
485 1724 539 1759 ire
558 1724 717 1769 placet'3
738 1735 849 1769 saepe
863 1724 998 1768 Livius,
1017 1725 1141 1770 ‘pacis
1157 1726 1344 1770 petendae
1358 1726 1522 1760 oratores
1535 1725 1636 1759 mitti
1646 1725 1669 1767 ',
1683 1725 1742 1760 vel
1758 1726 1768 1742 ‘
1779 1725 1825 1760 de
1838 1736 1932 1770 paee

369 1778 560 1812 oratores’.
583 1777 754 1812 Ceterum
780 1789 824 1812 ex
840 1777 1006 1813 Varrone
1028 1778 1264 1824 intelligitur,
1292 1779 1392 1823 quod
1418 1778 1580 1813 Ennium
1602 1778 1786 1814 ‘oratores
1813 1779 1932 1814 docti-

367 1830 471 1876 loqui
482 1831 492 1847 '
506 1831 643 1866 dixisse
659 1832 850 1873 memorat,
872 1831 986 1866 aliam
1006 1831 1239 1867 occasionem
1251 1831 1377 1875 fuisse,
1393 1842 1506 1876 quam
1519 1842 1594 1876 qua
1606 1842 1751 1866 versum
1770 1831 1931 1877 priorem

369 1885 465 1929 (207)
487 1884 631 1919 extulit.

487 1943 608 1978 CVIH.
625 1943 712 1978 CIX.
728 1943 789 1978 CX
803 1945 895 1989 (584.
912 1947 990 1979 585.
1008 1946 1089 1990 586)
1122 1944 1238 1979 Varro
1254 1944 1336 1979 del.
1353 1944 1391 1979 L.
1406 1957 1458 1979 vn
1479 1947 1546 1978 103
1562 1943 1702 1979 ‘multa
1721 1944 1768 1979 ab
1789 1944 1931 1979 anima-

367 1996 460 2031 lium
479 1996 630 2032 vocibus
649 1996 788 2032 tralata
806 1997 846 2031 in
865 1997 1043 2040 homines,
1064 1998 1203 2043 partim
1222 2008 1318 2042 quae
1338 1999 1425 2033 sunt
1444 1999 1584 2043 aperta,
1598 1997 1737 2042 partim
1757 1997 1929 2042 obscura3

368 2049 566 2095 perspicua
585 2051 628 2084 ut
646 2049 758 2085 Ennii
772 2050 941 2086 «animus
957 2079 963 2085 .
981 2079 987 2084 .
1002 2051 1139 2087 latrat»
1155 2051 1305 2096 (Paulus
1326 2051 1427 2086 Festi
1446 2063 1481 2096 p.
1497 2054 1553 2094 87,
1569 2054 1589 2085 9
1603 2050 1669 2085 Th.
1687 2050 1844 2086 ‘latrare
1857 2050 1930 2085 En-

368 2103 451 2137 nius
471 2114 537 2148 pro
557 2113 709 2148 poscere
728 2103 889 2149 posuit’)
906 2132 911 2138 .
929 2132 935 2138 .
954 2119 979 2147 -3
998 2104 1045 2124 ¹⁰⁴
1058 2104 1180 2139 minus
1201 2106 1332 2150 aperta
1350 2106 1414 2139 ut.
1431 2133 1437 2139 .
1455 2133 1461 2138 .
1476 2104 1588 2139 Ennii
1608 2115 1631 2139 a
1643 2103 1759 2139 vitulo
1774 2104 1859 2150 [ine.
1876 2105 1930 2150 7];

368 2156 534 2191 eiusdem
560 2167 582 2191 a
607 2156 699 2192 bove
719 2157 937 2193 «clamorem
962 2157 1168 2193 bovantes»
1190 2158 1340 2204 (Paulus
1366 2158 1467 2193 Festi
1486 2170 1521 2203 p.
1538 2161 1592 2200 22,
1610 2160 1629 2192 7
1643 2157 1709 2192 Th.
1727 2157 1869 2200 ‘boare‚
1890 2157 1930 2192 id

368 2210 425 2244 est
443 2209 614 2253 clamare,
630 2221 653 2245 a
667 2210 806 2245 Graeco
821 2211 1040 2246 descendit>
1056 2210 1203 2246 Servius
1216 2211 1255 2246 in
1269 2222 1394 2257 georg.
1409 2223 1451 2245 111
1465 2215 1550 2255 2233
1563 2210 1599 2246 C.
1612 2210 1668 2246 Gl.
1680 2211 1718 2245 L.
1731 2223 1768 2246 VI
1780 2222 1816 2256 p.
1830 2212 1929 2255 146);

368 2262 534 2298 eiusdem
548 2274 570 2298 a
582 2263 690 2299 leone
704 2274 884 2309 «pausam
895 2265 1015 2308 faeere
1027 2265 1247 2309 fremendi»;
1262 2265 1428 2299 eiusdem
1443 2264 1490 2299 ab
1505 2264 1573 2300 edo
1590 2264 1717 2310 [531].'

488 2436 571 2473 584
594 2435 827 2485 animusque
846 2437 884 2473 in
906 2436 1064 2485 pectore
1077 2435 1259 2483 Scaliyer,
1275 2436 1376 2473 velut
1391 2434 1533 2487 κραδίη
1553 2432 1596 2473 δέ
1616 2434 1657 2473 οἱ
1672 2433 1790 2473 ἔνδον
1810 2432 1928 2472 ὑλάκ-

368 2507 422 2532 τει
435 2493 503 2532 Oa.
515 2507 568 2531 xx
593 2505 605 2529 1
615 2504 637 2540 3
655 2497 689 2532 et
700 2506 814 2542 saepe
826 2493 959 2545 θυμὸς
972 2492 1031 2533 ἐνὶ
1045 2493 1256 2544 στήθεσσιν
1266 2489 1450 2546 (Bekkeri
1465 2494 1710 2533 sched.Hom.
1723 2505 1754 2531 11
1767 2505 1804 2541 p.
1815 2503 1828 2529 1
1841 2488 1927 2546 76),

369 2554 600 2602 animusque
625 2555 666 2591 in
692 2555 848 2603 pectore
874 2565 1058 2603 praesens
1078 2552 1175 2591 Aen.
1190 2567 1216 2592 v
1238 2551 1345 2600 363,·
1363 2554 1430 2591 secl
1450 2566 1538 2591 cum
1555 2564 1604 2590 ne
1621 2554 1821 2591 moveatur
1835 2564 1928 2600 pro-

366 2613 467 2651 hibet
477 2613 642 2659 fortasse
654 2611 799 2650 Od.xvl
821 2622 834 2648 1
845 2622 869 2659 4
880 2622 894 2648 1
910 2615 999 2651 πῖνε
1019 2611 1084 2651 καὶ
1104 2607 1218 2663 ἦσθ’,
1233 2611 1307 2650 ὅτε
1326 2610 1459 2662 θυμὸς
1478 2609 1538 2650 ἐνὶ
1557 2610 1769 2661 στήθεσσιν
1783 2608 1929 2662 ἀνώγοι

488 2672 571 2709 585
593 2672 762 2710 clamore
776 2670 905 2709 Aldus
1027 2672 1110 2709 586
1131 2671 1255 2710 fecere
1270 2671 1558 2714 Rholandellus,
1577 2670 1766 2709 Columna
1774 2684 1788 2716 ,·
1806 2671 1929 2708 malui

367 2731 495 2769 facere
521 2743 586 2768 ore
610 2730 820 2768 fremendi:
847 2732 902 2768 sic
926 2742 1039 2778 saepe
1059 2731 1172 2769 locuti
1190 2733 1290 2775 sunt,
1318 2731 1449 2768 cuncti
1477 2729 1593 2768 simul
1619 2742 1684 2767 ore
1709 2728 1929 2767 fremebant

368 2788 466 2828 Aen.
486 2802 501 2827 1
524 2798 625 2838 559,
644 2801 671 2828 v
687 2786 767 2835 385
791 2790 837 2836 cf.
858 2801 901 2826 xl
925 2799 1023 2835 132,·
1048 2801 1215 2839 pausam
1239 2789 1337 2827 facit
1363 2801 1428 2827 ore
1452 2788 1640 2838 loquendi
1658 2787 1784 2826 Lucil.
1808 2785 1857 2824 16
1876 2787 1926 2825 L.

367 2848 484 2886 finem
498 2848 606 2887 dedit
619 2861 684 2886 ore
703 2847 890 2897 loquendi
904 2847 1001 2886 Aen.
1015 2861 1057 2888 v1
1075 2847 1139 2896 76,
1155 2849 1210 2888 sic
1223 2861 1288 2887 ore
1302 2848 1435 2887 locuta
1448 2848 1507 2886 est
1519 2845 1616 2885 Aen.
1631 2859 1646 2884 1
1673 2845 1757 2893 614
1768 2860 1782 2893 ,·
1795 2847 1841 2885 de
1854 2858 1927 2894 quo

367 2907 574 2947 Diomedes
593 2920 623 2945 11
641 2919 685 2956 p.
701 2916 798 2956 449,
818 2915 870 2943 20
883 2907 935 2946 K.
