2054 3282
786 198 1086 233 EUHEMERUS
1633 199 1720 240 223

424 336 789 380 EUHEMERUS
822 349 925 380 SIVE
959 335 1145 379 SACRA
1176 335 1455 379 HISTORIA

923 442 938 476 I

82 505 139 545 60
270 503 400 546 Initio
433 503 596 558 primus
629 503 673 545 in
704 502 829 545 terris
862 503 1088 557 imperium
1122 518 1335 545 summum
1363 501 1514 544 Caelus
1543 503 1714 546 habuit:

151 576 186 618 is
214 575 257 617 id
281 590 460 631 regnum
486 590 570 617 una
596 589 691 616 cum
717 574 922 616 fratribus
949 574 1035 615 suis
1062 574 1144 615 sibi
1171 573 1358 615 instituit
1385 576 1512 628 atque
1538 575 1715 629 paravit.

916 679 949 712 II

81 741 137 782 62
270 739 396 783 Caelo
430 755 522 796 avo,
549 755 674 796 quem
707 739 811 782 dicit
842 739 1109 781 Euhemerus
1142 739 1186 780 in
1212 738 1397 781 Oceania
1429 742 1646 782 mortuum
1674 743 1717 782 et

149 813 193 853 in
221 812 380 867 oppido
407 811 586 854 Aulacia
612 811 838 866 sepultum.

907 915 958 950 HI

79 977 135 1018 64
267 977 394 1020 Exim
422 977 630 1020 Saturnus
662 992 838 1019 uxorem
872 977 995 1019 duxit
1022 975 1168 1032 Opem.
1196 976 1323 1019 Titan
1350 977 1423 1032 qui
1450 977 1587 1019 maior
1612 981 1716 1020 natu

149 1051 239 1091 erat
264 1049 455 1104 postulat
480 1052 529 1091 ut
555 1049 645 1104 ipse
671 1050 879 1104 regnaret.
907 1048 966 1090 ibi
988 1048 1120 1090 Vesta
1145 1051 1281 1090 mater
1307 1063 1454 1090 eorum
1481 1051 1524 1090 et
1548 1064 1714 1091 sorores

149 1119 272 1162 Ceres
299 1123 427 1175 atque
447 1119 534 1175 Ops
555 1120 734 1161 suadent
754 1118 952 1174 Saturno,
974 1119 1035 1161 uti
1057 1119 1108 1161 de
1128 1134 1260 1176 regno
1281 1134 1334 1161 ne
1354 1120 1559 1162 concedat
1577 1121 1713 1163 fratri.

77 1190 131 1231 67
148 1189 164 1214 ³
178 1191 238 1233 ibi
257 1191 395 1246 Titan,
416 1190 490 1245 qui
508 1191 616 1233 facie
635 1190 819 1232 deterior
838 1193 949 1232 esset
969 1206 1096 1246 quam
1118 1190 1339 1246 Saturnus,
1361 1191 1516 1233 idcirco
1538 1194 1579 1233 et
1600 1193 1715 1246 quod

147 1262 319 1304 videbat
353 1265 532 1304 matrem
567 1265 694 1317 atque
729 1276 893 1304 sorores
929 1277 1025 1303 suas
1061 1277 1232 1316 operam
1269 1262 1367 1303 dare
1403 1263 1465 1304 uti
1504 1262 1713 1304 Saturnus

147 1337 356 1389 regnaret,
389 1334 597 1376 concessit
628 1333 665 1375 ei
692 1336 740 1374 ut
765 1334 801 1374 is
827 1335 1036 1389 regnaret.
1063 1333 1208 1388 itaque
1239 1336 1388 1388 pactus
1421 1337 1486 1375 est
1517 1348 1612 1376 cum
1641 1334 1712 1376 Sa-

147 1502 297 1537 serpens
317 1492 427 1527 modo
448 1492 486 1526 in
507 1492 698 1527 dexteram
718 1491 827 1526 modo
845 1492 884 1526 in
898 1491 1110 1526 sinisteram
1124 1493 1269 1537 partem
1284 1492 1359 1527 late
1373 1494 1550 1527 movetur.
1565 1503 1712 1538 serpere

146 1547 184 1579 et
205 1556 421 1590 proserpere
444 1545 543 1580 idem
567 1545 752 1587 dicebant,
780 1547 823 1580 ut
848 1544 1003 1579 Plautus
1029 1545 1129 1590 quod
1156 1545 1286 1581 scribit
1308 1546 1431 1592 (Poen.
1456 1548 1560 1591 1034>
1580 1547 1712 1591 «quasi

146 1609 366 1643 proserpens
387 1599 559 1635 bestia».’

264 1681 562 1716 EUHEMERUS
601 1681 726 1716 Cicero
742 1681 787 1715 de
802 1683 876 1715 nat.
890 1681 988 1715 deor.
1001 1694 1014 1715 1
1028 1685 1083 1724 42,
1098 1685 1164 1716 119
1182 1682 1192 1698 ‘
1207 1681 1271 1727 qui
1292 1683 1358 1716 aut
1378 1681 1485 1716 sortis
1506 1683 1572 1716 aut
1592 1682 1710 1717 claros

146 1737 211 1770 aut
230 1736 394 1780 potentis
413 1736 509 1770 viros
529 1736 685 1770 tradunt
702 1736 789 1779 post
801 1736 958 1769 mortem
973 1735 1021 1769 ad.
1035 1735 1124 1770 deos
1138 1735 1350 1780 pervenisse
1365 1746 1501 1779 eosque
1516 1746 1595 1770 esse
1608 1735 1710 1780 ipsos

145 1800 237 1832 quos
257 1800 323 1823 nos
343 1788 462 1824 colere
482 1788 627 1833 precari
647 1788 888 1832 venerarique
908 1788 1104 1831 soleamus,
1125 1799 1246 1823 nonne
1267 1790 1437 1833 expertes
1455 1790 1541 1823 sunt
1559 1788 1710 1834 religio-

144 1853 233 1876 num
259 1842 447 1877 omnium‘?
473 1853 569 1886 quae
594 1842 690 1877 ratio
710 1841 871 1876 maxime
890 1843 1052 1876 tractata
1073 1841 1120 1876 ab
1140 1842 1346 1877 Euhemero
1367 1844 1434 1886 est,
1455 1853 1565 1886 quem
1585 1844 1710 1877 noster

144 1897 182 1929 et
195 1895 462 1940 interpretatus
477 1897 533 1930 est
546 1897 584 1930 et
597 1896 745 1930 secutus
758 1897 907 1940 praeter
927 1896 1067 1930 ceteros
1082 1895 1233 1930 Ennius.
1249 1895 1295 1930 ab
1311 1895 1517 1930 Euhemero
1532 1897 1656 1930 autem
1673 1899 1710 1930 et

143 1950 280 1983 mortes
300 1950 338 1984 et
357 1949 571 1994 sepulturae
594 1948 895 1984 demonstrantur
915 1948 1093 1983 deorum’
1111 1948 1163 1983 Cf.
1179 1949 1396 1984 Lactantius
1416 1948 1514 1983 infra
1534 1962 1583 1984 v11
1605 1951 1642 1983 et
1662 1949 1708 1984 de

143 2002 200 2036 ira
220 2002 280 2036 dei
302 2006 356 2044 11,
373 2006 410 2045 73
429 2002 615 2037 Arnobius
636 2015 672 2037 1v
692 2005 747 2036 29.

261 2055 278 2089 Ι
296 2057 369 2101 (60)
402 2055 619 2090 Lactantius
640 2055 711 2089 div.
725 2055 811 2089 inst.
827 2067 839 2088 1
861 2058 915 2098 13,
932 2059 975 2090 14
992 2055 1154 2089 ‘Ennius
1174 2056 1326 2100 quidem
1346 2055 1386 2090 in
1406 2055 1612 2090 Euhemero
1634 2067 1707 2090 non

142 2106 304 2152 primum
325 2108 418 2143 dicit
435 2118 611 2153 regnasse
624 2108 834 2150 Saturnum,
856 2108 921 2142 sed
935 2107 1100 2142 Uranum
1119 2110 1276 2153 patrem.
1292 2108 1447 2145 «initio»
1466 2109 1590 2153 inquit
1611 2110 1707 2155 «pri-

143 2173 224 2195 mus
241 2190 246 2195 .
265 2190 270 2195 .
289 2161 507 2206 ‚paravit».'
525 2160 576 2196 Cf.
592 2161 754 2206 epitome
777 2165 830 2203 14,
845 2165 877 2195 4.

261 2214 294 2248 Π
313 2216 385 2260 (62)
424 2214 643 2249 Lactantius
664 2214 734 2248 div.
750 2214 834 2249 inst.
850 2227 862 2248 1
884 2218 939 2258 11,
953 2218 1014 2259 653
1036 2215 1081 2249 cf.
1098 2215 1145 2250 ad
1166 2228 1201 2250 v1
1222 2215 1423 2260 adscripta.

260 2268 319 2303 ΠΙ.
335 2269 385 2303 IV
400 2271 468 2314 (64.
485 2271 542 2314 83)
581 2268 798 2303 Lactantius
814 2268 884 2303 div.
896 2269 981 2303 inst.
997 2281 1009 2302 1
1026 2272 1079 2311 14,
1093 2272 1110 2302 1
1129 2269 1248 2302 ‘nunc
1267 2269 1443 2313 quoniam
1463 2269 1511 2303 ab
1531 2269 1589 2304 his
1610 2281 1705 2314 quae

141 2322 270 2356 rettuli
290 2322 525 2367 aliquantum
546 2333 651 2356 sacra
669 2322 827 2356 historia
846 2321 1029 2364 dissentit,
1050 2321 1262 2366 aperiamus
1283 2332 1327 2356 ea
1344 2333 1439 2366 quae
1453 2323 1546 2357 veris
1568 2322 1705 2358 litteris

142 2375 389 2418 continentur,
410 2386 455 2410 ne
475 2377 670 2420 poetarum
690 2375 851 2420 ineptias
871 2375 909 2409 in
930 2375 1149 2410 accusandis
1169 2375 1413 2420 religionibus
1433 2376 1539 2420 sequi
1558 2387 1602 2411 ac
1621 2387 1705 2421 pro-

142 2428 230 2463 bare
244 2429 446 2463 videamur.
460 2429 472 2448 ²
482 2429 575 2463 haec
588 2429 684 2463 Enni
699 2428 810 2463 verba
824 2429 911 2463 sunt
921 2428 1041 2465 «exim
1054 2456 1060 2462 .
1075 2457 1080 2462 .
1095 2456 1101 2462 .
1113 2428 1294 2463 traditum
1309 2430 1387 2465 est»
1403 2430 1475 2473 (111;
1491 2428 1535 2464 cf.
1552 2430 1702 2474 epitom.

262 2577 316 2614 60
338 2575 496 2615 Caelus:
521 2578 568 2624 cf.
583 2577 635 2614 acl
655 2588 746 2614 αηη.
761 2589 775 2613 1
793 2577 844 2624 fr.
859 2589 929 2614 xxr
949 2577 1073 2615 adscr.
1227 2577 1280 2615 63
1309 2577 1460 2616 aulatia
1479 2577 1571 2615 Par.
1585 2577 1616 2614 S
1633 2580 1703 2615 aut

141 2635 243 2673 lacia
256 2635 348 2674 Par.
363 2636 401 2674 R
420 2635 595 2673 Huracia
611 2635 656 2674 G.
671 2636 856 2684 Ne'methy
868 2636 1078 2674 Euhemeri
1096 2636 1201 2683 reliq.
1217 2631 1256 2689 (1
1268 2631 1372 2689 889)
1380 2649 1422 2684 p.
1440 2645 1491 2683 53
1510 2639 1543 2674 et
1564 2645 1634 2684 79;
1653 2638 1700 2683 cf.

140 2694 339 2733 Diodorus
356 2696 399 2734 in
418 2695 667 2733 describenda
686 2694 893 2733 Pa-nclzaea
917 2695 1049 2733 insula
1068 2708 1094 2734 v
1114 2704 1182 2744 45,
1199 2704 1219 2731 2
1243 2693 1317 2747 ἔχει
1337 2693 1378 2734 δὲ
1403 2693 1428 2745 ἡ
1454 2700 1575 2746 νῆσος
1600 2694 1700 2745 αὕτη

139 2751 204 2791 καὶ
230 2752 360 2800 πόλεις
389 2757 491 2806 τρεῖς
516 2751 756 2805 ἀξιολόγους,
777 2750 959 2805 ’Υρακίαν
983 2752 1046 2792 καὶ
1074 2754 1225 2792 Δαλίδα
1249 2752 1315 2792 καὶ
1336 2750 1552 2792 Ὠκεανίδα

142 2813 195 2849 64
217 2814 318 2851 exim
337 2813 422 2852 Put.
446 2814 482 2852 V
480 2814 529 2851 αἶ.
550 2813 638 2851 exin
659 2813 729 2850 aliz·
833 2814 884 2850 67
910 2812 969 2860 Cf.
983 2812 1239 2862 Sibyll.carm.
1254 2826 1300 2850 111
1320 2822 1393 2860 127
1411 2812 1480 2851 καί
1490 2808 1526 2864 ῤ’
1542 2810 1700 2864 ἔκριναν

139 2871 307 2922 βασιλῆα
321 2871 478 2925 Κρόνον
492 2870 652 2911 πάντων
672 2870 906 2922 βασιλεύειν,
926 2871 1069 2911 οὕνεκά
1094 2887 1153 2911 τοι
1177 2870 1407 2924 πρέσβιστός
1434 2867 1467 2909 τ’
1490 2866 1540 2922 ἦν
1565 2886 1607 2923 γε
1633 2870 1698 2910 καὶ

140 2924 242 2976 εἶδος
262 2927 440 2983 ἄριστος,·
464 2932 557 2970 haee
583 2933 729 2969 tantum
750 2942 960 2979 posueram
983 2932 1084 2976 olim,
1103 2933 1221 2970 waimis
1240 2934 1369 2979 aperte
1394 2942 1479 2969 cum
1497 2931 1700 2969 Ennianis
