2020 3334
339 196 401 232 Lx
897 197 924 232 I.
949 195 1177 232 HISTORIA
1201 195 1337 231 ENNH

339 312 410 358 est,
442 310 538 358 quin
568 310 610 346 in
642 309 763 346 Ennii
791 309 964 346 carmine
994 308 1155 356 fuerint,
1186 308 1253 346 sed
1283 319 1331 346 ea
1360 310 1566 358 tamquam
1594 309 1760 348 totidem
1790 310 1897 360 frag-

338 371 473 407 menta
509 368 712 405 annalium
744 367 1016 405 Ennianorum
1051 379 1269 417 proponere
1306 369 1348 405 et
1380 366 1588 417 disponere
1615 368 1796 418 ineptum
1826 370 1898 417 est,

339 429 373 466 si
405 427 563 476 quidem
593 426 821 476 Propertius
851 438 930 464 non
961 426 1071 463 aliud
1102 425 1201 465 dicit
1231 438 1350 475 quam
1381 438 1422 464 se
1452 438 1522 464 ora
1552 427 1726 466 fontibus
1764 426 1896 466 admo-

339 487 440 524 visse
471 485 575 523 unde
606 485 758 524 Ennius
790 487 882 523 ante
912 484 1074 529 biberit,
1106 485 1142 522 h.
1175 498 1207 523 e.
1238 497 1286 523 ex
1318 485 1508 523 memoria
1542 498 1673 524 rerum
1703 487 1899 525 Romana·

338 558 437 592 rum,
467 546 514 583 ut
543 544 670 593 illum,
700 545 761 582 ita
790 557 831 583 se
862 557 934 583 sua
963 544 1150 583 hausisse.
1183 543 1332 589 Quodsi
1361 545 1421 582 ita
1450 546 1555 583 recte
1579 545 1899 595 interpretamur,

339 604 439 641 nihil
476 604 660 654 prohibet
697 604 905 652 quominus
935 602 1108 642 Aemilia
1144 607 1303 652 tropaea
1339 606 1445 642 vecta
1479 606 1563 642 rate
1599 603 1650 641 ad
1682 603 1899 642 Aemilium

339 662 510 700 Paulum
535 664 627 713 post
656 662 904 712 splendidam
928 663 1136 701 victoriam
1162 662 1209 701 de
1234 662 1375 701 Perseo
1400 665 1440 701 et
1464 662 1742 702 Macedonibus
1765 676 1898 714 repor-

339 724 467 760 tatam
492 734 527 760 a.
546 735 583 759 u.
603 735 634 760 c.
656 723 739 760 587
766 722 934 760 Romam
958 722 1188 760 redeuntem
1211 722 1445 771 referantur,
1470 722 1517 760 de
1544 735 1620 771 quo
1645 722 1775 761 reditu
1798 735 1898 772 quae

340 781 479 819 Livius
508 780 630 819 habet
661 778 760 832 (ην
781 781 850 829 35,
870 775 915 833 3)
940 781 1043 819 hanc
1066 782 1149 819 vim
1173 780 1381 820 verborum
1405 781 1604 831 Propertii
1628 782 1784 832 egregie
1809 794 1898 832 ape-

338 841 458 878 riunt.
485 839 594 885 Quae
620 841 714 889 quia
739 839 788 877 ab
807 840 937 878 Ennio
962 841 1172 878 memorari
1196 853 1274 879 non
1299 842 1495 890 poterant,
1520 841 1774 878 temerarium
1799 843 1901 880 esset

339 899 462 937 aliam
492 899 782 949 interpretandi
811 900 1007 938 rationem
1036 912 1231 949 quaerere.
1265 898 1351 944 Qua
1375 899 1423 937 de
1446 912 1489 938 re
1513 900 1594 937 iam
1619 899 1899 951 Hertzbergius

339 959 381 995 in
412 971 548 996 comm.
580 961 685 997 reete
716 958 919 997 iudicavit.

456 1017 538 1055 Nec
575 1017 741 1056 Ovidius
779 1012 832 1069 (a.
863 1012 1114 1071 711—770)
1151 1031 1230 1056 non
1266 1020 1438 1056 testatur
1473 1018 1646 1056 Ennium
1680 1019 1900 1068 principem

339 1079 547 1126 poetarum
578 1077 845 1115 Romanorum
876 1078 998 1115 etiam
1028 1079 1114 1115 tum
1144 1077 1300 1115 haberi:
1331 1078 1374 1115 in
1405 1089 1525 1115 amor.
1558 1073 1593 1129 (1
1621 1078 1687 1124 15,
1710 1073 1783 1127 19)
1811 1090 1900 1115 cum

339 1138 476 1185 poetas
507 1136 750 1174 immortales
782 1149 864 1174 esse
895 1137 1031 1175 multis
1062 1136 1250 1186 exemplis
1276 1139 1359 1174 tam
1385 1136 1543 1175 Graecis
1569 1148 1688 1186 quam
1712 1136 1900 1175 Romanis

339 1195 493 1245 probat,
524 1196 696 1245 primum
726 1195 993 1233 Romanorum
1025 1196 1203 1245 appellat
1234 1196 1407 1233 Ennium

554 1255 712 1292 Ennius
744 1258 826 1293 arte
857 1266 992 1293 carens
1024 1256 1263 1303 animosique
1292 1254 1436 1293 Accius
1467 1256 1547 1293 oris

625 1313 819 1352 Casurum
850 1314 957 1351 nullo
988 1317 1153 1361 tempore
1182 1325 1319 1352 nomen
1350 1314 1499 1352 habent.

560 1373 774 1411 Varronem
796 1374 1046 1420 primamque
1076 1376 1198 1411 ratem
1229 1385 1327 1421 quae
1357 1374 1497 1411 nesciet
1526 1375 1632 1411 aetas
1664 1385 1742 1422 eqs.

342 1431 465 1476 Quem
499 1431 603 1480 quod
634 1434 716 1470 arte
746 1435 936 1470 carentem
968 1431 1077 1480 dicit,
1107 1432 1181 1470 hoc
1212 1434 1272 1470 est
1303 1431 1407 1481 quod
1437 1432 1510 1469 illa
1541 1433 1670 1470 aetate
1702 1432 1830 1469 Ennio
1863 1435 1902 1470 et

339 1491 479 1540 priscis
505 1491 644 1540 poetis,
670 1492 851 1540 quamvis
876 1492 1080 1542 ingenium
1105 1491 1391 1539 concederetur,
1417 1494 1543 1529 artem
1569 1491 1701 1529 deesse
1725 1491 1900 1542 vulgaris

340 1551 473 1599 opinio
506 1552 608 1598 erat,
641 1562 759 1599 quam
786 1548 951 1588 Ovidius
982 1551 1104 1588 etiam
1134 1551 1215 1589 alio
1246 1551 1349 1599 loco,
1381 1550 1427 1588 de
1460 1563 1537 1599 quo
1568 1552 1721 1600 postea,
1747 1552 1901 1588 secutus

340 1611 409 1647 est.
459 1608 608 1647 Rursus
640 1609 761 1647 Ennii
793 1610 969 1659 exemplo
1005 1610 1133 1647 utitur
1159 1608 1323 1648 Ovidius
1354 1612 1428 1648 art.
1460 1622 1535 1647 am.
1563 1604 1626 1662 (111
1651 1604 1776 1661 409),
1814 1622 1902 1647 cum

340 1669 467 1717 poetis
505 1668 600 1705 olim
630 1680 794 1718 magnos
825 1669 945 1706 fuisse
976 1669 1142 1707 honores
1173 1669 1281 1707 dicat
1313 1670 1381 1717 qui
1412 1670 1493 1706 iam
1526 1669 1568 1706 in
1605 1668 1901 1706 desuetudinem

340 1727 519 1764 abierint.
553 1727 711 1765 Ennius
743 1728 902 1765 emeruit
935 1727 1114 1766 Calabris
1145 1729 1188 1765 in
1212 1729 1404 1766 montibus
1436 1731 1542 1765 ortus
1573 1729 1773 1776 contiyuus
1790 1729 1902 1775 poni,

339 1786 469 1833 Scipio
500 1798 655 1834 mayne,
693 1787 772 1824 tibi.
810 1786 868 1823 De
905 1788 1038 1824 statua
1069 1787 1165 1825 haec
1197 1787 1275 1824 dici
1307 1799 1407 1836 quae
1438 1787 1559 1824 Ennii
1590 1786 1739 1825 credita
1770 1789 1830 1825 est
1859 1787 1903 1824 in

342 1844 538 1894 Scipionis
569 1847 821 1883 monumento
853 1846 985 1895 posita
1016 1858 1136 1895 supra
1167 1860 1204 1895 p.
1225 1859 1293 1883 xlx
1325 1847 1554 1892 memoravi,
1585 1845 1654 1883 ubi
1679 1858 1766 1883 eam
1790 1846 1902 1883 fabu-

340 1903 420 1954 lam
446 1904 624 1953 pluribus
649 1904 778 1943 verbis
805 1906 965 1944 excussi.
993 1905 1170 1942 Tertium
1191 1906 1311 1942 Ennii
1331 1904 1495 1943 Ovidius
1521 1918 1610 1943 cum
1628 1904 1775 1943 honore
1795 1918 1902 1943 men-

340 1964 487 2001 tionem
525 1963 624 2001 facit
659 1965 762 2002 trist.
796 1958 844 2016 (11
865 1958 988 2016 423),
1025 1964 1094 2001 ubi
1130 1977 1171 2003 se
1205 1965 1373 2002 aliorum
1409 1966 1616 2013 poetarum
1654 1965 1841 2014 exemplis
1878 1977 1902 2002 a

341 2023 421 2060 suis
453 2022 682 2061 criminibus
714 2035 883 2074 purgare
915 2024 1075 2073 cupiens
1107 2024 1300 2073 gravioris
1332 2025 1557 2074 argumenti
1582 2024 1710 2073 poetis
1736 2024 1903 2073 opponit

341 2094 405 2119 eos
438 2083 508 2131 qui
538 2082 689 2120 lasciva
720 2084 759 2120 et
789 2083 922 2121 iocosa
951 2083 1092 2120 sectati
1123 2083 1213 2121 sint.

624 2142 678 2179 Et
707 2142 910 2180 Romanus
941 2142 1051 2180 habet
1080 2143 1203 2179 multa
1232 2143 1361 2180 iocosa
1390 2142 1497 2180 liber.

562 2201 683 2248 thue
712 2212 782 2238 suo
814 2201 986 2238 DIartem
1017 2202 1151 2239 cecinit
1177 2202 1312 2250 qravis
1344 2202 1503 2238 Ennius
1534 2212 1610 2245 ore,

624 2260 783 2298 Ennius
813 2261 966 2308 inqenio
996 2262 1202 2304 maximus,
1234 2263 1316 2298 arte
1345 2260 1469 2304 rudis,

554 2319 738 2366 Eoeplicat
768 2322 810 2356 ut
840 2331 981 2358 causas
1011 2320 1145 2367 rapidi
1174 2319 1382 2358 Lucretius
1412 2320 1527 2367 ignis,

552 2377 618 2415 Sic
646 2390 721 2416 sua
752 2378 894 2417 lascivo
925 2381 1082 2417 cantata
1112 2381 1166 2417 est
1193 2390 1307 2426 saepe
1339 2377 1491 2416 Catullo
1519 2379 1680 2425 femina.

342 2436 466 2473 Ennii
489 2437 649 2474 anna-les
675 2437 774 2475 dicit
792 2439 834 2474 in
855 2437 997 2486 quibus
1023 2439 1154 2488 gravis
1174 2439 1292 2487 poeta
1310 2437 1479 2475 Martem
1499 2437 1533 2474 h.
1556 2449 1586 2474 e.
1606 2437 1711 2474 bella
1732 2439 1772 2474 et
1792 2449 1902 2474 arma

342 2496 495 2542 cecinit,
526 2495 744 2545 tribuitque
776 2498 813 2534 ei
843 2497 1047 2547 ingenium
1076 2497 1140 2534 cui
1165 2499 1290 2534 artem
1315 2496 1493 2546 denegat.
1528 2495 1603 2532 Sed
1636 2508 1752 2544 quem
1786 2495 1901 2533 modo

341 2555 383 2590 in
408 2555 619 2604 gravitatis
645 2556 866 2605 exemplum
891 2556 1040 2604 attulit,
1066 2555 1239 2593 eiusdem
1265 2555 1425 2593 annales
1452 2555 1632 2604 quamvis
1657 2554 1803 2592 hirsuti
1822 2555 1903 2592 sint

342 2615 474 2651 tamen
501 2613 642 2651 habere
669 2614 767 2652 dicit
793 2628 815 2652 a
841 2614 983 2663 quibus
1008 2617 1211 2652 matronae
1231 2613 1448 2652 cavendum
1468 2614 1521 2651 sit
1539 2615 1677 2663 utpote
1698 2625 1798 2662 quae
1818 2626 1903 2652 car-

341 2674 444 2711 mine
475 2673 522 2711 ab
555 2675 660 2711 omni
690 2673 741 2711 ad
772 2673 1079 2723 delinquendum
1110 2674 1262 2712 doctior
1292 2686 1375 2711 esse
1406 2673 1531 2722 possit
1557 2667 1669 2725 (ibid.
1698 2673 1781 2710 259
1797 2668 1900 2724 sqq.)

554 2731 771 2780 Sumpserit
802 2733 976 2777 annales,
1005 2734 1105 2771 nihil
1136 2736 1190 2771 est
1219 2733 1408 2770 hirsutius
1439 2732 1529 2775 illis,

626 2792 753 2830 Facta
782 2793 833 2830 sit
862 2793 965 2830 unde
988 2804 1137 2839 pare-ns
1168 2792 1257 2830 Ilia
1286 2802 1420 2838 nempe
1451 2791 1553 2838 ἱερεῖ.

553 2850 780 2898 Sumpserit,
810 2850 1038 2889 Aeneadum
1066 2852 1238 2899 yenetrix
1262 2851 1330 2888 ubi
1346 2851 1494 2898 prima,
1525 2850 1691 2896 requiret

627 2909 857 2949 Aeneadum
883 2912 1056 2959 yenetrix
1086 2910 1189 2949 unde
1218 2911 1270 2951 sit
1299 2910 1405 2948 alma
1444 2909 1583 2947 Venus.
