2004 3278
748 216 1006 253 ANNALIUM
1031 218 1117 252 LIB.
1139 219 1154 252 I
1619 219 1727 255 CLII]

170 329 269 380 βεῖν,
294 328 337 366 αἳ
360 327 604 378 φυλάξουσιν
631 324 727 378 ἡμῖν
753 326 919 376 ἀδόλους
943 328 1012 376 τὰς
1039 327 1257 382 ὁμολογίας.
1282 330 1346 368 Ad
1371 344 1623 383 congressum
1644 346 1732 371 eum

170 387 306 426 Aenea
329 387 467 425 rettuli
487 399 644 426 versum
665 382 812 441 (XXVI),
838 401 861 426 a
881 401 960 438 quo
980 402 1209 440 responsum
1228 390 1332 440 regis
1351 390 1478 430 Albae
1497 391 1638 442 longae
1658 393 1730 429 ini-

168 447 270 485 tium
296 445 489 497 capiebat,
520 458 762 495 quamquam
786 459 864 485 non
893 449 1022 487 nescio
1052 451 1189 498 postea
1219 450 1261 487 in
1292 449 1407 489 rebus
1432 450 1531 489 Iliae
1556 450 1730 490 Albano·

169 520 258 544 rum
294 518 426 556 regem
457 505 664 544 Amulium
694 506 904 543 memorari
938 501 1045 559 (vide
1079 507 1129 545 ad
1155 520 1235 545 xxx
1267 504 1496 562 adnotata),
1532 509 1581 548 ad
1614 523 1730 559 quem

168 565 265 604 haec
289 565 522 617 nonbminus
547 566 651 603 recte
679 565 817 603 referri
848 567 1042 614 poterant.
1076 567 1255 616 Denique
1282 564 1474 606 ‘homines
1505 581 1602 618 quos
1627 569 1729 608 Lau·

169 625 293 663 rentis
318 626 425 663 terra
449 621 612 674 recepit’
634 617 786 677 (xxva)
812 624 918 662 haud
944 625 1060 662 dubie
1080 625 1234 664 Aeneas
1254 627 1294 664 et
1313 627 1473 666 comites
1494 629 1576 666 eius
1596 629 1729 666 dicun-

169 685 246 734 tur,
267 696 364 733 quos
377 685 548 733 primum
563 682 806 721 Laurentum
822 683 1025 722 advenisse
1038 687 1195 734 praeter
1215 687 1362 724 ceteros
1376 685 1588 735 Dionysius
1602 687 1730 726 Halic.

168 744 290 782 refert
308 755 323 780 1
343 744 411 793 45,
428 745 449 781 1
480 745 609 793 Τρῶες
635 742 677 781 οἷ
698 741 772 781 σὺν
787 742 928 796 Αἰνείᾳ
955 742 1212 795 διαφυγόντες
1238 741 1274 791 ἐξ
1292 739 1407 783 Ἰλίου
1423 774 1431 782 .
1446 774 1454 783 .
1474 743 1657 797 κατέσχον
1676 746 1732 793 εἰς

171 800 383 854 Λωρεντὸν
408 800 586 854 αἰγιαλὸν
608 796 864 854 Ἀβοριγίνων
890 800 952 841 ἐπὶ
978 805 1030 856 τῷ
1054 805 1285 857 Τυρρηνικῷ
1305 802 1459 855 πελάγει
1478 804 1657 855 κείμενον
1684 804 1731 844 οὐ

169 860 302 914 πρόσω
340 866 418 900 τῶν
456 859 629 912 ἐκβολῶν
666 867 735 900 τοῦ
776 859 976 913 Τεβέριος,
1014 862 1118 899 idem
1137 875 1151 899 1
1173 863 1239 909 53,
1261 863 1284 900 3
1319 865 1358 900 et
1383 862 1589 913 Appianus
1620 865 1696 903 vol.
1718 879 1731 903 1

168 935 206 971 p.
230 922 296 970 15,
318 921 341 959 5
362 920 491 960 Mend.
517 920 666 959 Paulus
692 920 800 959 Festi
827 934 863 970 p.
887 921 984 970 559,
1005 921 1109 959 4Th.
1140 922 1258 960 Troia
1279 952 1286 959 .
1309 952 1315 958 .
1337 923 1478 960 dieitur
1503 926 1537 961 et
1560 923 1664 962 locus
1690 926 1732 963 iu

169 991 263 1030 ayro
294 980 510 1025 Laurente,
541 991 615 1028 quo
638 982 817 1028 primum
847 980 992 1019 Italiae
1022 979 1176 1019 Aeneas
1210 993 1296 1020 eum
1329 982 1411 1020 suis
1443 984 1616 1021 constitit.
1656 982 1731 1022 Sed

169 1039 353 1079 Enniana
387 1052 465 1079 non
499 1039 547 1078 de
584 1039 759 1078 adventu
789 1039 947 1078 Aeneae
986 1041 1025 1078 et
1057 1040 1317 1079 Troianorum
1354 1053 1488 1078 verum
1527 1041 1574 1079 de
1602 1042 1731 1081 nescio

171 1112 249 1149 quo
274 1100 492 1149 posteriore
518 1101 693 1149 tempore
719 1111 802 1138 esse
829 1099 1057 1149 accipienda
1083 1100 1278 1148 quondam
1303 1100 1498 1149 particula
1523 1101 1636 1139 testis
1662 1103 1733 1150 est,

169 1159 288 1207 velut,
309 1160 354 1196 ut
372 1159 445 1197 hoc
464 1159 568 1207 utar,
594 1158 641 1197 de
660 1171 753 1197 nece
773 1159 882 1197 Tatii
902 1171 925 1197 a
944 1158 1208 1198 Laurentibus
1228 1160 1456 1208 perpetrata
1477 1154 1630 1212 (Livius
1648 1173 1662 1198 1
1680 1162 1731 1198 14

168 1218 367 1256 Plutarch.
388 1218 498 1256 Rom.
520 1231 550 1257 c.
573 1219 640 1256 23.
662 1213 736 1271 24)
763 1219 938 1269 cogitare
963 1219 1092 1256 liceat.
1121 1218 1197 1256 Sed
1224 1218 1316 1268 quia
1344 1219 1419 1258 hoc
1442 1220 1637 1257 incertum
1663 1221 1733 1268 est,

168 1278 448 1328 fragmentum,
471 1277 576 1327 quod
595 1279 728 1315 tamen
749 1278 798 1316 ad
818 1290 878 1316 res
898 1277 1055 1316 Aeneae
1074 1278 1259 1327 pertinet,
1278 1277 1319 1315 in
1340 1279 1513 1316 extrema
1532 1277 1579 1316 de
1598 1278 1733 1318 Aenea

169 1336 397 1375 narratione
422 1337 599 1387 apposui.
626 1337 685 1375 De
712 1336 822 1375 obitu
841 1337 998 1376 Aeneae
1024 1338 1119 1387 quid
1140 1337 1290 1376 Ennius
1316 1337 1524 1376 tradiderit
1548 1338 1732 1388 nescitur,

169 1396 247 1434 nisi
278 1409 400 1434 unum
430 1397 535 1434 inter
566 1396 657 1435 deos
688 1397 859 1436 relatum
885 1396 1010 1436 Servii
1044 1396 1269 1436 testimonio
1302 1397 1352 1435 ad
1377 1409 1505 1436 xxvm
1533 1397 1731 1448 adscripto

168 1457 335 1495 constat.
362 1454 514 1495 Obiisse
542 1457 634 1495 ante
660 1457 839 1506 coeptam
865 1456 963 1495 Iliae
990 1457 1259 1495 calamitatem
1285 1470 1330 1495 ex
1359 1457 1443 1495 eius
1470 1457 1620 1495 somnio
1641 1451 1729 1509 (44.

169 1516 223 1553 47
235 1509 340 1568 sqq.)
368 1515 580 1566 colligitur.

285 1574 427 1624 Itaque
453 1574 612 1613 devenit
637 1572 855 1624 disputatio
882 1575 932 1614 ad
951 1575 1069 1614 Iliam
1089 1570 1457 1628 (xxvia—xxxin),
1483 1588 1601 1624 quam
1627 1575 1731 1624 apud

168 1633 341 1671 Ennium
362 1633 520 1672 Aeneae
544 1636 680 1673 natam
706 1634 826 1673 fuisse
851 1648 929 1673 non
954 1634 1090 1674 fallaci
1111 1634 1237 1674 Servii
1262 1634 1487 1673 testimonio
1507 1636 1663 1672 constat
1682 1634 1731 1672 ad

168 1704 296 1732 xxvm
322 1693 443 1731 allato
469 1694 561 1732 dicit
584 1705 751 1742 namque
777 1688 966 1747 (Ennius)
993 1695 1120 1733 Iliam
1143 1695 1265 1743 fuisse
1288 1695 1415 1741 filiam
1433 1693 1608 1740 Aeneae,·
1633 1694 1733 1742 quod

168 1753 205 1790 si
229 1755 294 1798 est,
318 1751 475 1791 Aeneas
500 1765 598 1792 avus
623 1756 677 1792 est
694 1754 864 1792 Romuli.
890 1754 948 1792 De
975 1767 1054 1803 quo
1079 1753 1309 1792 testimonio
1328 1754 1491 1803 propter
1509 1753 1610 1801 quod
1627 1754 1661 1791 si
1680 1756 1733 1792 est

168 1811 408 1851 locutionem
441 1812 703 1851 addubitavit
718 1812 988 1864 Schweglerus
1015 1808 1124 1866 (hist.
1144 1813 1256 1851 Rom.
1278 1825 1293 1850 1
1312 1826 1348 1862 p.
1371 1807 1490 1865 407),
1522 1825 1571 1850 an
1601 1812 1732 1861 explo-

167 1872 298 1909 ratam
322 1885 406 1909 rem
426 1871 586 1911 Servius
611 1871 755 1922 prodat
781 1885 826 1911 ae
851 1886 929 1912 non
955 1874 1088 1923 potius
1113 1872 1185 1911 illa
1211 1885 1256 1910 ex
1282 1871 1467 1923 ambiguo
1487 1871 1607 1909 Ennii
1627 1871 1732 1910 dicto

168 1943 238 1969 suo
257 1931 432 1980 periculo
452 1931 699 1971 concluserit.
725 1932 815 1970 Non
836 1932 932 1981 iure,
958 1933 992 1971 si
1013 1932 1107 1981 quid
1126 1932 1251 1971 video.
1278 1931 1381 1969 Nam
1400 1932 1446 1969 ut
1464 1930 1622 1969 mittam
1643 1943 1732 1969 eon-

169 1989 352 2029 cludendi
377 1991 589 2029 formulam
617 1990 667 2029 ad
691 1991 1032 2041 interpretandam
1056 2003 1192 2030 vocem
1211 1990 1483 2041 Vergilianam
1509 1988 1619 2038 (avo)
1644 2002 1730 2039 per-

167 2049 305 2099 tinere,
337 2051 493 2089 etiamsi
517 2050 669 2089 Ennius
694 2049 883 2099 Aeneam,
915 2050 984 2100 qui
1014 2052 1104 2089 ante
1135 2062 1346 2099 puerorum
1377 2050 1535 2099 partum
1567 2048 1732 2096 obierat,

168 2109 336 2147 fortasse
361 2121 556 2159 nusquam
574 2109 735 2147 Romuli
761 2122 879 2148 avum
898 2110 1125 2157 nominarit,
1150 2109 1223 2146 hoc
1244 2109 1376 2146 tamen
1396 2120 1474 2145 non
1493 2108 1622 2145 minus
1643 2120 1731 2145 con-

168 2169 261 2217 stat,
292 2169 461 2206 alterum
487 2167 520 2207 si
545 2181 682 2206 verum
708 2170 778 2217 est,
810 2167 927 2206 Iliam
952 2168 1072 2206 fuisse
1098 2167 1254 2206 Aeneae
1280 2166 1420 2204 filiam:
1445 2166 1486 2204 id
1513 2166 1616 2215 quod
1644 2166 1729 2204 Ser—

167 2227 255 2266 vius
281 2239 353 2266 nec
376 2227 450 2266 hoc
474 2227 560 2266 loco
586 2239 657 2266 nec
682 2227 819 2276 altero,
846 2239 962 2277 quem
987 2226 1123 2266 statim
1150 2226 1322 2274 afferam,
1347 2227 1387 2263 in
1414 2237 1507 2264 suae
1527 2225 1731 2264 cuiusdam

168 2286 429 2325 conclusionis
454 2286 625 2336 speciem
649 2286 784 2335 tradit,
811 2299 899 2325 cum
924 2285 1155 2336 praesertim
1181 2298 1226 2324 ea
1251 2285 1440 2323 memoria
1460 2297 1538 2323 non
1558 2284 1730 2323 Ennium

167 2346 324 2383 tantum
349 2346 417 2384 sed
443 2346 565 2384 etiam
589 2345 787 2384 Naevium
813 2346 993 2384 attineat.
1019 2345 1201 2394 Namque
1226 2344 1285 2383 ita
1306 2344 1464 2382 Servius
1490 2344 1625 2381 eodem
1644 2344 1729 2382 loco

168 2404 313 2443 allatus
338 2405 514 2444 Naevius
539 2407 574 2443 et
591 2405 750 2443 Ennius
775 2406 832 2443 ait
855 2404 1010 2444 Aeneae
1036 2416 1080 2443 ex
1103 2405 1190 2451 fiilia
1214 2405 1385 2452 nepotem
1409 2403 1619 2441 Romulum
1644 2414 1730 2441 eou-

168 2464 330 2503 ditorem
354 2465 463 2503 urbis
489 2458 703 2517 tradumt.*)
729 2463 981 2503 Testimoniis
1006 2464 1144 2502 favent
1167 2463 1325 2502 residua
1351 2462 1544 2512 quaedam
1569 2462 1609 2499 in
1635 2461 1731 2512 ipsis

286 2612 317 2657 ⁸)
346 2612 543 2658 Dionysius
568 2612 687 2648 Halic.
709 2626 721 2647 1
744 2615 798 2656 73,
819 2616 839 2646 2
866 2611 1007 2648 τούτων
1036 2610 1294 2657 (συγγραφέων
1315 2609 1435 2656 Ῥωμ.)
1466 2609 1508 2646 δέ
1537 2622 1634 2650 τινες
1665 2609 1730 2654 μὲν

168 2657 324 2695 Αἰνείου
343 2659 449 2701 υἱοὺς
467 2659 612 2706 λέγουσι
622 2659 804 2705 Ῥωμύλον
821 2672 859 2694 τε
873 2657 1086 2705 καὶῬῶμον
1100 2659 1186 2700 τοὺς
1199 2658 1363 2700 οἰκιστὰς
1375 2656 1599 2702 τῆςῬώμης,
1614 2656 1730 2699 ἕτεροι

169 2705 210 2741 δὲ
241 2706 432 2752 θυγατρὸς
456 2706 603 2743 Αἰνείου
628 2708 778 2749 παῖδας,
811 2705 897 2742 ὅτου
929 2705 970 2741 δὲ
1003 2706 1143 2751 πατρὸς
1173 2705 1295 2742 οὐκέτι
1328 2703 1558 2749 διορίζοντες.
1591 2703 1728 2738 Diodo-

167 2764 229 2788 rus
249 2766 300 2788 v11
326 2754 409 2799 (vol.
430 2767 457 2788 11
476 2767 511 2800 p.
529 2758 596 2789 109
617 2754 742 2799 Dind.)
771 2754 864 2789 ἔνιοι
891 2759 964 2790 τῶν
990 2752 1234 2800 συγγραφέων
1262 2751 1516 2797 πλανηθέντες
1544 2749 1728 2796 ὑπέλαβον

168 2800 254 2841 τοὺς
277 2801 363 2845 περὶ
384 2801 449 2837 τὸν
465 2800 648 2848 Ῥωμύλον
668 2802 707 2837 ἐκ
726 2806 791 2846 τῆς
809 2799 961 2836 Αἰνείου
980 2801 1171 2861 θυγατρὸς
1189 2798 1441 2846 γεννηθέντας
1460 2795 1641 2833 ἐκτικέναι
1660 2796 1727 2841 τὴν

167 2845 320 2892 Ῥώμην,
346 2849 384 2882 et
409 2849 521 2894 paulo
547 2851 633 2894 post
657 2849 742 2892 περὶ
760 2853 825 2892 τῆς
842 2859 1092 2894 προσηγοριας
1110 2848 1246 2892 ταύτης
1267 2846 1404 2892 Φάβιος
1423 2844 1441 2879 ὁ
1461 2843 1527 2884 τὰς
1540 2841 1728 2888 Ῥωμαίων

168 2893 320 2937 πράξεις
339 2895 564 2942 ἀναγράψας
584 2896 699 2938 ἄλλως
718 2895 1030 2941 μεμυθολόγηκεν.
1059 2895 1110 2930 Cf.
1132 2895 1399 2930 Mommsenum
1419 2892 1560 2935 quaest..
1582 2891 1685 2925 Rom.
1701 2903 1728 2924 11

168 2952 203 2985 p.
225 2945 293 2977 268
303 2954 381 2987 sqq.
