2004 3278
801 184 1052 221 MACROBIU
1055 186 1078 221 S
1625 188 1721 225 CXV

156 295 251 333 licet
274 305 351 333 nox
374 295 602 342 mtempesta
626 307 742 344 saepe
768 296 875 345 apud
894 296 1074 336 Servium
1092 301 1340 338 memoretur.
1367 299 1477 339 Unus
1497 301 1718 340 Macrobius

158 348 253 407 (15)
274 353 352 391 duo
372 365 508 392 versus
528 354 670 391 citavit
689 366 735 391 ex
754 356 882 404 primo
905 354 963 405 [L]
983 368 1063 395 non
1074 357 1145 405 pol
1163 359 1272 396 homo
1291 360 1495 407 quisquam
1514 362 1630 408 faciet
1646 362 1718 399 im-

149 424 259 461 pume
278 414 475 451 animatus
493 413 562 451 hoc
579 414 659 451 m'sz·
677 415 731 457 tu,
749 425 843 452 nam
861 416 916 453 mi
935 416 1060 453 calido
1080 416 1151 454 das
1169 419 1360 466 sanquine
1371 429 1532 466 poenas.
1559 418 1717 458 Servius

159 471 210 510 ad
242 471 409 510 eundem
434 471 605 523 Vergilii
629 472 760 510 locum
787 467 845 524 (1x
868 468 972 526 420)
999 476 1153 523 partem
1177 477 1334 514 tantum
1360 477 1521 516 alterius
1546 490 1640 517 nam
1663 480 1718 517 mi

158 531 284 570 calido
310 543 377 580 eqs
403 531 552 569 attulit.
585 530 649 568 Ad
673 530 844 582 Vergilii
862 544 920 569 ΧΠ
943 532 1025 570 552
1052 545 1206 572 samma
1229 536 1407 573 nituntur
1431 547 1546 583 opum
1570 539 1610 575 vi
1634 538 1717 575 Ma-

157 589 312 628 crobius
339 585 434 644 (17)
466 591 667 641 integrum
698 602 855 628 versum
886 590 1007 629 Ennii
1038 604 1084 629 ex
1116 594 1257 641 quarto
1286 591 1349 642 [11]
1382 594 1553 634 Romani
1582 596 1719 634 scalis:

155 661 310 688 summa
333 651 514 688 nitwntar
537 661 654 697 opum
679 651 730 694 vi,
757 649 916 688 Servius
943 650 993 688 ad
1019 650 1156 689 eadem
1180 651 1349 702 Vergilii
1373 652 1446 690 hoc
1471 655 1627 692 tantum
1656 655 1718 693 he-

157 709 392 748 mistichium
411 709 646 747 Ennianum
671 708 889 746 adnotavit.
916 708 1026 747 Alibi
1050 710 1093 747 in
1118 710 1295 749 versibus
1321 712 1390 760 qui
1414 724 1437 749 a
1461 712 1639 761 pluribus
1665 715 1718 751 ci-

156 769 296 806 tantur
331 767 555 806 Macrobius
583 780 685 806 unus
719 768 923 806 annalium
954 768 1100 806 librum
1127 769 1298 818 addidit,
1330 770 1439 808 velut
1465 784 1580 820 quem
1604 772 1672 809 ille
1698 785 1718 810 0

157 827 266 866 sexto
293 823 342 878 [1]
371 827 510 865 attulit
536 821 630 879 (18)
657 828 744 875 qais
761 829 867 875 potis
898 829 1062 876 inqentis
1089 840 1167 877 eqs,
1198 830 1241 866 in
1267 841 1311 867 οο
1339 828 1606 874 Quintilianus
1633 832 1718 880 qui-

159 886 251 928 dem,
272 886 465 924 indicium
489 885 584 924 libri
609 886 714 934 fecit,
741 886 809 924 sed
834 899 923 924 eum
949 899 1019 925 nec
1046 886 1205 926 Servius
1238 900 1309 926 nec
1333 888 1541 928 Diomedes
1573 902 1717 928 memo-

158 946 308 984 rarunt.
336 945 388 983 Et
415 945 466 983 ad
483 957 641 984 versum
667 946 851 983 certatim
877 959 900 984 a
925 947 1061 984 multis
1088 947 1254 985 citatum
1273 959 1375 985 unas
1394 949 1503 985 homo
1521 949 1630 987 nobis
1652 961 1717 998 eqs

157 1016 257 1043 unus
271 1004 495 1043 Macrobius
514 1005 588 1043 hoc
608 1005 778 1054 amplius
799 1004 954 1043 addidit
967 1000 1062 1058 (23)
1077 1007 1122 1043 ut
1142 1019 1161 1043 e
1175 1006 1404 1044 duodecimo
1421 1019 1502 1045 esse
1518 1003 1583 1058 [11]
1598 1010 1717 1046 testa-

156 1065 276 1102 retur.
320 1064 417 1102 Post
446 1064 621 1102 Ennium
652 1064 790 1102 eodem
822 1065 952 1113 capite
982 1065 1111 1113 primo
1143 1065 1236 1102 libri
1261 1077 1302 1103 VI
1328 1077 1351 1103 a
1379 1066 1431 1103 25
1460 1066 1510 1103 ad
1536 1067 1589 1104 49
1617 1068 1719 1104 varii

157 1124 310 1173 poetae,
334 1122 542 1161 Lucretius
567 1125 610 1160 in
635 1124 787 1172 primis,
814 1123 968 1172 Furius,
994 1123 1151 1172 Varius,
1179 1122 1371 1172 Catullus,
1397 1125 1468 1162 alii
1493 1125 1658 1163 eundem
1676 1127 1718 1163 in

156 1182 317 1221 modum
337 1185 615 1232 excerpuntur:
642 1195 665 1221 a
687 1183 741 1220 50
761 1182 865 1220 redit
884 1182 1048 1231 Ennius,
1075 1185 1113 1221 et
1134 1184 1199 1221 50.
1223 1184 1288 1221 51.
1311 1184 1377 1221 52.
1400 1184 1465 1221 53.
1487 1184 1542 1222 54
1562 1184 1719 1223 Ennius

155 1243 199 1280 in
228 1244 330 1280 sexto
363 1242 506 1281 decimo
527 1272 535 1280 .
557 1272 565 1280 .
591 1242 641 1279 E.
666 1243 709 1280 in
734 1244 871 1290 quarto
897 1242 1040 1281 decimo
1062 1272 1069 1280 .
1091 1272 1100 1280 .
1125 1242 1175 1280 E.
1200 1243 1244 1280 in
1268 1245 1396 1281 octavo
1418 1273 1426 1280 .
1447 1273 1455 1280 .
1481 1243 1530 1280 E.
1550 1245 1593 1281 in
1618 1246 1718 1282 sexto

157 1301 300 1340 decimo
315 1331 323 1339 .
339 1331 346 1339 .
361 1302 411 1339 E.
430 1303 475 1340 in
492 1304 594 1340 sexto
610 1331 617 1339 .
633 1331 641 1339 .
655 1301 728 1339 hoc
749 1301 885 1339 ordine
905 1302 1053 1340 citatur
1071 1303 1111 1339 et
1131 1314 1219 1340 cum
1231 1301 1400 1352 Vergilii
1419 1301 1595 1341 versibus
1615 1315 1717 1341 com-

156 1361 330 1410 ponitur.
357 1360 533 1406 Quorum
557 1362 789 1399 memoriam
814 1374 893 1399 non
918 1361 1034 1398 modo
1054 1373 1132 1399 non
1153 1360 1311 1399 Servius
1338 1361 1405 1399 sed
1430 1373 1542 1399 nemo
1562 1363 1718 1411 praeter

156 1419 401 1458 Macrobium
427 1421 612 1459 servavit.
652 1419 689 1457 A
717 1421 769 1458 55
798 1420 849 1458 ad
878 1420 931 1458 59
959 1419 1071 1458 Accii
1095 1432 1230 1458 versus
1259 1432 1412 1469 semper
1443 1420 1605 1458 adiectis
1637 1422 1717 1458 tra-

157 1479 388 1530 goediarum
412 1480 543 1518 titulis
570 1479 620 1517 ad
642 1480 790 1518 similes
810 1479 1061 1530 Vergilianos
1083 1479 1273 1528 adscripti
1292 1479 1486 1530 leguntur.
1514 1478 1715 1518 Postremo

158 1551 181 1576 a
208 1538 264 1576 60
288 1539 408 1577 tertio
435 1539 485 1577 ad
509 1539 684 1576 Ennium
708 1538 863 1577 rediens
888 1538 1111 1577 Macrobius
1136 1539 1232 1576 haec
1259 1537 1372 1576 affert
1397 1538 1554 1576 Ennius
1579 1540 1622 1577 in
1646 1551 1717 1576 wn-

156 1597 300 1636 decimo
322 1595 402 1648 [111]
430 1610 517 1637 cam
542 1598 588 1637 de
606 1598 807 1646 Peryamis
827 1599 1043 1646 loqueretar
1064 1594 1176 1646 ‘qaae
1194 1609 1313 1645 neque
1333 1597 1555 1636 Dardaniis
1575 1628 1583 1635 .
1605 1627 1613 1635 .
1637 1597 1718 1636 Nec

156 1668 243 1695 cum
261 1660 375 1706 capta
394 1653 497 1706 capi'
518 1669 603 1707 eqs,
628 1657 696 1695 ubi
716 1670 816 1707 quae
837 1657 991 1695 addidit
1010 1669 1096 1695 cam
1115 1657 1161 1695 de
1179 1657 1380 1709 Peryamis
1399 1657 1613 1704 loqueretar
1632 1669 1717 1695 sen-

156 1717 307 1754 tentiae
334 1716 570 1766 aperiendae
596 1729 715 1755 causa
741 1716 907 1765 addidit,
934 1717 1027 1766 quia
1049 1717 1122 1754 hoc
1143 1729 1163 1753 0
1182 1715 1359 1754 versibus
1381 1716 1514 1754 citatis
1535 1717 1717 1767 cognosci

156 1787 235 1813 non
254 1777 396 1825 potuit.
426 1777 478 1813 62
501 1777 660 1815 Ennius
679 1778 722 1815 in
743 1778 901 1824 septimo
918 1771 1041 1827 [ΧΙΧ];
1061 1777 1101 1814 et
1119 1775 1291 1813 medium
1310 1776 1415 1813 inter
1434 1774 1510 1813 duo
1526 1770 1620 1828 (61)
1635 1775 1717 1813 En-

154 1835 246 1873 nius
276 1836 320 1873 in
343 1834 569 1874 Alexandro
596 1831 678 1887 [111]
711 1835 784 1873 hoc
809 1848 932 1873 unum
956 1836 1062 1873 inter
1085 1836 1147 1873 tot
1173 1834 1376 1872 annalium
1402 1846 1535 1873 versus
1560 1835 1716 1884 tragoe-

156 1893 245 1932 diae
278 1895 511 1944 exemplum,
543 1895 611 1933 sed
635 1896 682 1932 ut
705 1895 802 1933 haec
828 1907 984 1944 quoque
1009 1895 1100 1942 tria,
1131 1895 1177 1931 ut
1201 1895 1332 1932 cetera
1356 1894 1544 1942 pleraque
1573 1894 1717 1940 omnia,

155 1965 255 1992 unus
282 1954 526 2003 perhibuerit
553 1953 788 1992 Macrobius.

274 2013 447 2051 Tantum
478 2013 525 2051 de
557 2014 685 2063 primo
718 2025 858 2064 genere
890 2012 1232 2062 comparationum
1265 2011 1369 2060 quod
1399 2024 1439 2050 se
1471 2011 1571 2049 velle
1603 2012 1715 2049 insti-

156 2074 266 2110 tuere
286 2072 509 2111 Macrobius
534 2072 798 2122 indicaverat3
825 2072 867 2109 in
893 2072 1022 2120 capite
1048 2071 1173 2110 altero
1200 2070 1374 2108 eiusdem
1398 2069 1491 2107 libri
1517 2069 1568 2108 ad
1593 2082 1714 2120 genus

159 2131 330 2169 alterum
355 2132 508 2170 accedit
532 2131 594 2169 his
619 2131 865 2180 praemissis:
883 2133 975 2178 post
998 2141 1131 2168 versus
1157 2130 1205 2167 ab
1231 2130 1321 2167 aliis
1346 2129 1406 2168 vel
1430 2140 1474 2167 ex
1492 2130 1637 2177 inteqro
1656 2129 1715 2167 vel

156 2201 201 2228 ex
218 2193 334 2237 parte
359 2190 567 2228 translatos
591 2190 651 2228 vel
675 2189 866 2237 quaedam
889 2188 1130 2227 immutando
1154 2189 1272 2227 verba
1296 2190 1494 2236 tamquam
1516 2189 1605 2236 fuco
1637 2187 1714 2226 alio

155 2250 301 2293 tinctos,
331 2261 436 2287 nunc
466 2249 565 2287 locos
596 2249 688 2287 locis
718 2259 938 2295 componere
962 2247 1064 2286 sedet
1088 2248 1231 2291 animo,
1260 2249 1304 2284 ut
1329 2247 1432 2285 unde
1455 2247 1614 2295 formati
1637 2248 1717 2285 sint

155 2309 269 2357 quasi
294 2308 339 2346 de
363 2308 515 2356 speculo
540 2319 754 2356 coywoscas.
779 2307 826 2344 In
853 2319 930 2356 qua
955 2307 1067 2355 parte
1092 2307 1182 2355 post
1206 2306 1333 2344 multa
1352 2304 1588 2344 Lucretiana
1612 2307 1714 2343 trac-

155 2368 244 2405 tata
271 2367 464 2416 quaedam
489 2367 610 2405 Ennii
637 2366 864 2415 afferuntur,
895 2366 1044 2415 partim
1069 2365 1251 2414 deinceps
1277 2366 1425 2414 partim
1456 2365 1546 2402 aliis
1577 2365 1714 2413 mixta,

157 2428 196 2464 et
221 2439 267 2464 ex
293 2426 501 2465 annalibus
527 2426 735 2475 nonnulla,
768 2426 849 2464 alia
880 2437 926 2462 ex
956 2424 1172 2475 tragoediis
1204 2425 1244 2462 et
1269 2437 1315 2462 ex
1341 2423 1534 2473 Scipione.
1572 2423 1712 2472 Itaque

155 2484 252 2524 haec
270 2486 458 2537 leguntur
480 2487 531 2524 16
554 2486 712 2524 Ennius
734 2486 777 2523 in
796 2487 925 2523 octavo
946 2480 1052 2536 [xv1]
1073 2479 1211 2522 ‘multa
1229 2484 1310 2522 dies
1329 2485 1371 2521 in
1385 2480 1493 2521 bello’
1509 2495 1576 2532 eqs
1596 2477 1711 2535 (287.

159 2545 254 2583 288.
277 2540 398 2598 289);
428 2546 480 2583 18
508 2545 557 2583 Ε.
582 2546 626 2584 in
649 2543 874 2583 Alexandro
896 2541 971 2593 [1x]
1001 2539 1037 2580 ‘o
1062 2543 1131 2581 lux
1153 2540 1305 2581 Troiae’
1333 2555 1399 2592 eqs
1422 2543 1611 2591 quattuor
1628 2553 1711 2579 ver-

156 2615 221 2642 sus
262 2616 307 2643 eo
343 2604 460 2643 modo
498 2604 682 2654 dispositi
720 2616 835 2652 quem
872 2615 1009 2641 verum
1044 2601 1183 2650 habui3
1223 2603 1275 2640 21
1316 2602 1366 2639 Ε.
1402 2602 1446 2639 in
1485 2600 1713 2647 Cresphonte

157 2660 233 2712 [1v]
256 2660 389 2712 ‘neque
414 2667 557 2702 terram
581 2659 752 2702 iniicere'
773 2675 857 2712 eqs3
885 2662 937 2699 25
960 2661 1010 2699 Ε.
1028 2662 1072 2699 in
1089 2660 1314 2699 Alexandro
1334 2655 1396 2711 [x]
1420 2656 1527 2697 ‘nam
1545 2659 1711 2696 maximo

155 2718 274 2760 salta'
301 2735 385 2772 eqs3
414 2724 467 2761 26
489 2723 539 2761 Ε.
564 2724 607 2761 in
625 2721 802 2769 Scipione
831 2719 905 2771 [VI]
935 2717 1119 2758 ‘mundus
1144 2720 1239 2758 caeli
1263 2715 1411 2758 vastas'
1432 2730 1498 2766 eqs
1525 2718 1712 2765 quattuor

158 2781 343 2830 quadrati
366 2782 609 2832 perpulchri3
638 2782 690 2819 27
713 2781 761 2818 Ε.
780 2782 824 2819 in
841 2782 943 2818 sexto
963 2775 1026 2831 [x]
1049 2776 1244 2818 ‘incedam
1265 2779 1424 2817 arbusta
1434 2788 1509 2824 per
1528 2771 1621 2813 alta’
1643 2786 1709 2822 eqs

160 2841 333 2890 quinque
357 2853 511 2890 versus3
538 2841 592 2879 28
614 2841 663 2878 Ε.
688 2841 732 2878 in
755 2840 913 2887 septimo
936 2839 1079 2878 decimo
1100 2834 1161 2889 [v]
1184 2834 1431 2876 ‘concurrant
1454 2834 1569 2873 veluti
1592 2829 1709 2871 ‘venti’

157 2910 225 2948 eqs
249 2901 329 2940 tres
354 2913 500 2940 versus.
540 2900 648 2946 Quae
672 2898 826 2949 periodi
857 2899 961 2947 sunt,
991 2898 1053 2936 uti
1083 2897 1268 2945 indicavi,
1300 2895 1465 2933 duorum
1495 2893 1559 2931 vel
1589 2892 1710 2929 trium

1450 2957 1500 2992 h*
