2054 3282
880 173 998 207 AIAX
1628 172 1707 213 121

862 291 1005 335 ΑΙΑΧ

926 398 944 432 Ι

156 459 208 500 17
242 458 324 509 Qui
349 474 439 501 rem
464 473 561 501 cum
586 458 762 501 Achivis
789 462 1012 515 gesserunt
1037 459 1182 501 statim

923 563 957 598 H

156 625 208 666 18
243 624 482 667 salmacida
508 623 646 680 spolia
671 625 762 667 sine
788 625 941 667 sudore
967 627 1009 666 et
1035 624 1241 681 sanguine

910 729 961 763 HI

156 797 209 838 19
241 795 431 852 Aliquod
455 796 612 853 lumen,
637 796 845 840 iubarne?
877 797 922 839 in
948 796 1063 839 caelo
1091 811 1215 839 cerno

271 925 388 959 AIAX
419 925 435 960 Ι
447 927 518 971 (17)
543 925 687 961 Nonius
700 939 736 971 p.
749 929 828 969 393,
843 930 885 960 13
899 926 910 943 ‘
920 926 1048 960 statim
1061 925 1244 971 producta
1257 925 1378 971 prima
1392 926 1538 971 syllaba
1549 937 1571 961 a
1582 928 1714 962 stando

152 980 431 1024 perseveranter
443 981 482 1014 et
495 979 703 1025 aequaliter
716 979 913 1025 significat.
930 979 1125 1014 Terentius
1140 979 1297 1024 (Phorm.
1313 992 1336 1015 v
1350 983 1380 1022 3,
1398 982 1431 1025 7)
1447 980 1559 1016 «bina
1573 980 1716 1015 talenta

154 1033 328 1077 capiebat
348 1033 497 1069 statim»
519 1032 576 1078 (cf.
593 1033 726 1068 Donat.
747 1034 795 1068 ad
814 1033 849 1068 h.
865 1033 914 1079 1.).
936 1032 1091 1068 Plautus
1110 1032 1340 1078 Amfitryone
1355 1035 1450 1079 (239)
1466 1034 1556 1069 «nec
1575 1034 1717 1068 recedit

152 1086 233 1121 loco
254 1086 344 1131 quin
364 1086 491 1120 statim
510 1097 587 1121 rem
613 1088 752 1132 gerat».
774 1087 874 1121 idem
899 1086 939 1120 in
959 1087 1090 1121 eadem
1110 1087 1205 1132 (276)
1227 1086 1304 1123 «ita
1330 1086 1458 1121 statim
1483 1088 1585 1121 stant
1610 1087 1717 1132 signa

153 1139 311 1175 omnia».
328 1139 468 1174 Ennius
482 1140 596 1175 Aiace
611 1140 699 1185 «qui
715 1169 720 1175 .
738 1169 744 1175 .
762 1169 767 1175 .
784 1140 945 1175 statim».
960 1139 1136 1174 Afranius
1151 1151 1291 1186 augure
1306 1144 1362 1185 (11
1378 1140 1436 1186 R.)
1451 1151 1491 1176 «.
1509 1169 1514 1174 .
1533 1169 1538 1174 .
1554 1140 1615 1175 hic
1634 1151 1717 1175 nos-

152 1195 209 1228 ter
229 1192 424 1228 delaborat
443 1205 526 1228 cum
545 1205 659 1238 puero
681 1194 858 1229 statim».’
970 1193 1025 1228 De
1044 1193 1220 1238 prosodia
1239 1194 1349 1236 vocis,
1371 1204 1445 1228 non
1465 1194 1511 1228 de
1531 1193 1717 1239 significa-

153 1247 265 1290 tione,
279 1246 421 1281 Nonius
435 1246 582 1281 videtur
594 1246 696 1282 falli:
713 1247 757 1282 cf.
773 1246 999 1282 Ritschelius
1014 1257 1098 1292 opp.
1113 1260 1150 1281 1v
1162 1259 1197 1291 p.
1214 1250 1257 1281 27
1261 1250 1282 1280 4
1297 1259 1375 1292 sqq.
1392 1246 1475 1282 Dici
1487 1248 1578 1292 puto
1591 1247 1718 1282 Troia-

153 1311 229 1342 nos,
258 1300 322 1345 qui
348 1311 431 1335 cum
453 1300 603 1335 Achivis
630 1301 757 1335 statim
782 1301 805 1335 i.
829 1312 858 1336 e.
879 1301 1158 1345 perseveranter
1176 1302 1233 1335 tot
1253 1311 1368 1335 annos
1387 1311 1465 1335 rem
1482 1301 1516 1335 h.
1532 1312 1562 1336 e.
1578 1301 1717 1335 bellum

152 1355 357 1398 gesserunt,
378 1365 534 1399 quorum
553 1354 694 1389 iudicia
713 1354 860 1389 virtutis
879 1354 959 1399 peti
972 1354 1108 1389 Nestor
1126 1353 1165 1388 in
1186 1354 1387 1389 certamine
1400 1354 1526 1389 Aiacis
1547 1356 1585 1389 et
1598 1354 1717 1389 Ulixis

153 1407 321 1442 iusserat.
338 1406 389 1442 Cf.
406 1407 517 1442 schol.
533 1407 720 1452 Aristoph.
737 1407 850 1451 equit,
868 1411 970 1442 1056.
986 1407 1115 1452 Odyss.
1131 1420 1168 1441 x1
1183 1411 1250 1442 547
1265 1419 1349 1442 cum
1366 1408 1478 1443 schol.
1494 1407 1615 1443 Aliter
1627 1408 1717 1442 Rib-

153 1460 318 1505 beckius,
339 1461 376 1495 et
395 1461 452 1495 est
470 1471 527 1495 res
546 1461 698 1495 incerta.

271 1514 305 1548 H
325 1515 396 1559 (18)
434 1514 564 1549 Festus
584 1527 619 1559 p.
635 1517 715 1557 484,
732 1518 774 1549 17
790 1514 855 1549 Th.
875 1515 883 1528 Γ
896 1514 1076 1549 Salmacis
1096 1514 1244 1549 nomine
1264 1515 1430 1560 nympha
1450 1514 1552 1549 Caeli
1575 1516 1613 1549 et
1631 1514 1718 1549 Ter-

154 1579 216 1602 rae
230 1567 308 1602 filia
323 1567 442 1602 fertur
455 1578 567 1602 causa
580 1567 694 1602 fontis
709 1567 946 1602 Halicarnasi
959 1578 1079 1611 aquae
1095 1567 1344 1612 appellandae
1358 1567 1471 1603 fuisse
1486 1567 1717 1610 Salmacidis,

154 1632 267 1666 quam
286 1621 351 1666 qui
370 1620 537 1664 bibisset,
558 1621 648 1656 vitio
669 1621 917 1666 inpudicitiae
930 1620 1164 1656 mollesceret
1183 1621 1229 1656 ob
1244 1632 1327 1656 eam
1340 1631 1418 1655 rem
1431 1621 1531 1665 quod
1546 1621 1624 1656 eius
1640 1621 1719 1655 adi-

153 1676 213 1709 tus
234 1675 454 1719 angustatus
474 1674 681 1719 parietibus
701 1674 934 1710 occasionem
952 1674 1112 1720 largitur
1131 1674 1327 1709 iuvenibus
1343 1674 1601 1720 petulantibus
1616 1675 1719 1709 ante-

154 1728 365 1763 cedentium
383 1739 582 1773 puerorum
597 1728 882 1774 puellarumque
895 1728 1163 1771 violandarum,
1184 1728 1274 1773 quia
1287 1739 1361 1763 non
1374 1729 1495 1773 pate(t
1507 1727 1717 1774 re)fugium.

154 1781 295 1816 Ennius
315 1781 574 1818 «salmacidas
587 1783 691 1827 polla
711 1794 737 1817 s,
753 1782 934 1828 sanquine
954 1786 987 1817 et
1004 1782 1136 1818 sudore
1145 1782 1193 1817 ».’
1294 1781 1420 1817 Cicero
1441 1782 1487 1816 de
1501 1780 1561 1816 off.
1576 1795 1588 1816 1
1605 1784 1658 1824 18,
1675 1785 1717 1816 61

156 1835 305 1880 ‘itaque
323 1835 363 1869 in
381 1835 527 1880 probris
546 1836 707 1871 maxime
722 1836 762 1871 in
775 1836 952 1880 promptu
966 1836 1033 1878 est,
1048 1835 1079 1869 si
1093 1835 1184 1879 quid
1198 1835 1275 1870 tale
1295 1835 1371 1870 dici
1389 1836 1514 1880 potest
1527 1836 1634 1880 (trag.
1647 1835 1717 1869 inc.

155 1892 222 1923 210
236 1889 294 1934 R.)
315 1900 401 1925 «vos
422 1889 521 1923 enim
539 1889 690 1924 iuvenes
717 1889 883 1924 animum
901 1889 1032 1935 geritis
1057 1888 1287 1931 muliebrem,
1309 1888 1376 1923 illa
1395 1888 1499 1934 virgo
1518 1888 1610 1924 viri»
1632 1889 1669 1923 et
1689 1888 1720 1922 si

155 1941 246 1986 quid
266 1942 344 1977 eius
363 1942 465 1978 modi
479 1942 663 1979 «Salmaci
675 1943 725 1978 cla
737 1943 856 1987 spolia
870 1954 896 1977 S.
910 1942 1041 1978 sudore
1053 1946 1087 1978 et
1099 1943 1329 1988 somyuine».²
1434 1942 1593 1977 Variant
1606 1941 1720 1986 scrip-

154 1997 252 2030 tores
266 1995 405 2038 ordine,
421 1995 551 2041 etipse
565 1995 691 2031 Cicero
706 1997 784 2031 tam
800 1996 810 2012 ‘
821 1996 983 2030 sudore
1009 1996 1053 2030 et
1079 2007 1094 2030 s
1104 1995 1302 2040 anguine
1322 1996 1470 2040 partam
1482 1995 1697 2029 libertatem
1707 1995 1717 2010 '

156 2049 216 2095 (de
228 2048 300 2094 leg.
316 2059 392 2094 agr.
408 2062 435 2082 11
450 2053 480 2091 6,
497 2050 554 2094 16)
569 2060 681 2094 quam
697 2049 899 2084 ‘maiorum
919 2049 1142 2094 sanguine
1162 2050 1206 2083 et
1225 2049 1388 2083 sudore
1408 2048 1598 2092 quaesita’
1615 2047 1718 2094 (ibid.

156 2106 211 2143 26,
225 2103 293 2147 69).
308 2101 450 2136 Plinius
471 2112 527 2147 ep.
550 2115 576 2136 11
597 2105 627 2144 7,
645 2106 662 2136 1
687 2103 870 2137 ‘sudore
890 2103 934 2137 et
953 2101 1178 2147 sanguine
1198 2103 1236 2137 et
1254 2101 1392 2136 factis.’
1412 2101 1537 2136 Livius
1557 2114 1608 2136 vu
1628 2104 1683 2143 38,
1700 2105 1720 2135 6

158 2155 244 2190 ‘suo
265 2167 313 2189 su
325 2155 430 2190 dore
450 2166 500 2190 ac
519 2166 598 2190 san
605 2155 768 2201 guine.’
867 2155 926 2190 Ad
945 2155 1099 2190 Aiacem
1116 2154 1346 2190 Ribbeckius
1366 2154 1512 2190 rettulit
1534 2154 1624 2190 olim
1646 2166 1720 2190 non

155 2208 234 2243 sine
252 2207 529 2253 probabilitate.

274 2261 324 2295 ΠΙ
345 2264 416 2307 (19)
443 2261 560 2297 Varro
582 2262 627 2296 de
644 2261 667 2296 1.
683 2262 720 2296 L.
737 2275 773 2297 VI
788 2266 807 2296 6
825 2262 887 2296 ‘ut
900 2263 987 2297 ante
1002 2262 1117 2297 solem
1130 2263 1252 2297 ortum
1266 2262 1366 2307 quod
1386 2262 1517 2296 eadem
1537 2261 1647 2296 stella
1660 2272 1721 2296 vo-

156 2316 262 2350 catur
286 2315 404 2357 iubar,
432 2316 531 2360 quod
557 2315 699 2358 iubata,
725 2314 908 2351 Pacuvius
935 2315 1240 2362 (Pacuvianus
1254 2315 1455 2361 Victorius)
1476 2315 1569 2350 dicit
1593 2316 1722 2360 pastor

157 2370 238 2413 (347
259 2369 315 2414 R.)
338 2370 493 2405 «exorto
513 2369 644 2404 iubare
663 2369 782 2404 noctis
803 2369 957 2404 decurso
977 2369 1149 2405 itinere».
1171 2369 1312 2404 Ennius
1334 2369 1489 2415 (Ennii
1511 2368 1569 2403 vel
1587 2368 1720 2403 melius

156 2422 364 2456 Ennianu
373 2434 388 2457 s
409 2422 658 2468 scribendum)
672 2422 768 2457 Aiax
782 2422 930 2459 «lumen
943 2422 1099 2457 iubarne
1115 2451 1121 2457 .
1136 2451 1141 2456 .
1159 2423 1318 2458 cerno».’
1403 2423 1506 2457 Idem
1519 2422 1610 2458 ibid.
1625 2435 1662 2457 v1
1675 2425 1718 2456 81

158 2475 288 2510 ‘cerno
308 2475 408 2510 idem
428 2475 543 2519 valet;
569 2476 698 2521 itaque
716 2487 783 2521 pro
803 2476 910 2511 video
932 2475 987 2510 ait
1008 2475 1150 2511 Ennius
1174 2476 1322 2512 «lumen
1342 2476 1498 2511 iubarne
1513 2504 1519 2510 .
1537 2504 1543 2509 .
1560 2476 1718 2511 cerno›>.’

273 2528 377 2563 Idem
390 2529 480 2563 ibid.
495 2542 546 2564 v11
562 2533 580 2563 7
585 2533 605 2564 6
622 2530 650 2563 ‘.
667 2558 673 2563 .
691 2557 697 2563 .
713 2529 862 2575 trigona
875 2528 1028 2564 faciant.
1045 2529 1221 2574 «aliquod
1240 2529 1366 2564 lumen
1382 2529 1539 2564 iubarne
1559 2528 1718 2574 (iubar.

156 2592 208 2616 ne
228 2581 337 2627 Flor.)
354 2610 360 2616 .
378 2610 383 2616 .
406 2583 564 2619 cerno».'
587 2582 696 2617 iubar
724 2582 862 2617 dicitur
887 2582 996 2617 stella
1014 2582 1157 2626 lucifer,
1179 2593 1294 2627 quase
1313 2583 1353 2618 in
1373 2594 1516 2618 summo
1537 2582 1636 2627 quod.
1655 2582 1720 2617 ha-

157 2730 258 2768 iecto
273 2730 560 2779 Quadrigarius
574 2742 636 2778 ap.
654 2729 748 2768 Gen.
764 2742 805 2767 1x
824 2738 883 2778 13,
899 2739 912 2765 1
923 2727 947 2766 6
957 2743 971 2776 ‚·
990 2731 1111 2770 scutis
1124 2731 1309 2780 proiectis
1322 2729 1490 2769 Sisenna
1509 2730 1616 2777 apud
1627 2729 1721 2766 Ma-

158 2790 328 2828 crobium
349 2789 428 2828 Sat.
450 2802 492 2829 vr
516 2800 553 2838 4,
575 2798 635 2837 15.
666 2788 724 2837 Cf.
745 2790 775 2826 I
776 2790 798 2827 Ζ.
819 2801 876 2828 v11
906 2798 987 2836 224
1010 2787 1053 2828 τὸ
1077 2784 1217 2843 (σάκος
1243 2784 1346 2842 219)
1369 2787 1520 2841 πρόσθε
1547 2785 1720 2839 στέρνοιο

158 2846 290 2899 φέρων
306 2848 552 2899 Τελαμώνιος
567 2847 668 2894 Αἴας
688 2853 757 2898 στῆ
778 2847 827 2900 ῥα
844 2843 931 2898 μάλ’
943 2845 1134 2901 ’Έκτορος
1152 2847 1267 2901 ἐγγύς
1378 2849 1430 2886 17
1455 2848 1598 2886 Versus
1610 2859 1721 2885 lman-

159 2918 227 2945 cus
245 2909 432 2946 incertum
451 2920 529 2959 qua
540 2910 657 2958 parte
675 2907 902 2956 suppleatur
1025 2909 1078 2948 18
1100 2907 1324 2948 Salmacida
1343 2907 1472 2958 spolia
1489 2906 1661 2956 Scaliger
