2020 3334
647 192 914 230 VERGILIUS.
952 196 1167 232 HORATHJ
1172 197 1194 232 S
1596 202 1693 236 LVII

260 304 451 351 Tempora
484 306 588 342 certa
618 305 821 354 modosque
852 310 886 345 et
915 309 1016 356 quod
1045 310 1157 356 prius
1187 310 1322 350 ordine
1351 313 1543 350 verbumst

257 363 454 401 Posterius
484 363 623 409 faciae,
647 376 892 412 praeponens
923 367 1060 406 ultima
1083 370 1240 416 primis,

259 422 351 460 Non
380 423 425 459 ut
452 422 488 459 si
517 422 646 460 solvas
672 418 888 471 ‘postquam
919 426 1130 465 Discordia
1160 430 1282 466 taetra

260 479 365 519 Rem
394 481 559 528 ferratos
583 484 712 528 postes
736 486 946 531 portasque
976 482 1158 533 refreyit,'

259 540 448 578 Invenias
479 541 594 577 etiam
625 540 771 579 disiecti
801 543 972 580 membra
999 547 1146 590 poetae.

141 600 204 638 Ab
235 599 364 637 Ennio
396 599 512 647 enim,
545 598 650 648 quod
682 599 771 638 aljis
802 601 968 639 testibus
1001 603 1165 652 constat,
1197 605 1365 653 sumpsit
1396 606 1534 653 quibus
1570 609 1698 657 gravi-

142 661 267 698 tatem
304 659 495 696 orationis
533 658 723 708 depingat
755 653 861 710 (ann.
882 673 954 698 vm
980 661 1025 697 fr.
1052 655 1118 712 11),
1157 674 1256 710 quae
1294 676 1341 700 ne
1372 664 1509 702 solutis
1543 666 1699 713 quidem

143 719 316 756 numeris
349 730 394 755 ac
425 717 600 756 versibus
632 719 777 767 pereat.
810 718 947 767 Neque
974 721 1204 769 aspernatus
1231 722 1290 759 est
1315 734 1360 759 ex
1385 722 1523 760 iisdem
1549 725 1698 762 annali-

144 778 215 816 bus
247 772 332 830 (lib.
353 777 428 814 inc.
449 771 510 829 lx)
542 789 725 814 versuum

356 834 509 874 Audire
541 838 595 874 est
624 847 762 883 operae
785 838 958 884 pretium
982 838 1188 885 procedere
1218 842 1314 877 reete

359 895 434 943 Qui
464 906 545 933 rem
575 894 798 933 Romanam
828 896 1064 944 Latiumque
1095 909 1293 945 auqeseere
1323 899 1450 943 vultis,

147 968 312 1004 quorum
345 954 514 992 alterum
544 954 671 991 Varro
712 955 856 993 saturis
895 956 973 994 suis
1011 956 1177 994 inseruit
1209 951 1378 1009 (testam.
1412 952 1493 1010 111),
1532 960 1701 1008 priorem

145 1014 338 1052 imitando
377 1014 594 1063 exprimere
634 1015 674 1051 et
710 1014 752 1051 in
789 1027 872 1052 rem
908 1014 1024 1065 longe
1055 1014 1251 1054 diversam
1282 1018 1522 1066 convertere,
1557 1019 1597 1054 in
1629 1021 1700 1055 sat.

146 1087 159 1111 1
194 1075 237 1122 2,
259 1074 311 1111 37
346 1085 434 1110 cum
465 1073 524 1110 ita,
555 1072 692 1111 scribit
721 1072 876 1112 Audire
913 1076 967 1112 est
1002 1086 1138 1121 operae
1168 1076 1340 1122 pretium
1368 1077 1573 1123 procedere
1609 1080 1703 1115 reete

146 1134 213 1181 qui
249 1133 419 1170 moechos
455 1143 534 1170 non
567 1131 700 1180 vultis,
747 1132 887 1181 quibus
927 1134 995 1182 qui
1031 1146 1165 1171 versus
1203 1134 1323 1171 Ennii
1366 1135 1575 1184 adscripsit
1611 1135 1703 1173 Por—

147 1192 288 1242 phyrio
331 1192 480 1229 urbane
521 1191 734 1229 Horatium
777 1191 875 1229 dicit
917 1193 1025 1230 abuti
1066 1193 1239 1231 versibus
1282 1194 1502 1231 Ennianis:
1550 1194 1615 1231 sed
1660 1206 1704 1232 ea

150 1251 355 1289 urbanitas
386 1252 564 1289 constare
589 1263 668 1288 non
693 1251 835 1300 potuit,
867 1253 944 1290 nisi
970 1252 1090 1289 etiam
1115 1252 1287 1302 legentes
1320 1253 1510 1302 originem
1536 1253 1703 1291 alienam

148 1312 413 1361 agnoscerent.
447 1309 500 1347 Et
530 1323 578 1348 ne
611 1310 773 1348 alterius
807 1310 965 1359 quidem
996 1323 1129 1349 versus
1161 1311 1334 1348 Enniani
1358 1313 1562 1350 immemor
1587 1312 1704 1350 fuisse

147 1370 305 1408 videtur
336 1382 423 1407 cum
455 1370 498 1407 in
530 1382 559 1407 c.
587 1381 614 1408 s.
644 1370 696 1407 66
734 1369 871 1408 scribit
907 1382 1060 1418 remque
1090 1370 1311 1408 Romanam
1341 1370 1576 1418 Latiumque
1612 1372 1704 1418 felir

148 1430 312 1467 alterum
342 1430 386 1466 in
417 1429 582 1466 lustrum
609 1458 617 1466 .
645 1459 652 1466 .
671 1432 869 1478 proroqat.
911 1429 985 1466 Sed
1018 1430 1096 1468 nisi
1126 1429 1244 1467 fallor
1281 1431 1320 1467 et
1358 1441 1457 1477 quae
1488 1442 1517 1466 c.
1544 1443 1558 1466 1
1586 1431 1627 1476 2,
1652 1431 1701 1466 17

149 1489 196 1526 de
220 1488 298 1525 Ilia
322 1488 490 1525 nimium
516 1490 702 1537 querente
728 1490 767 1526 et
793 1489 875 1526 eius
901 1489 1028 1526 ultore
1054 1488 1186 1526 Tiberi
1212 1489 1364 1535 cecinit,
1395 1489 1622 1526 memoriam
1647 1502 1704 1526 re-

149 1548 278 1585 tinent
303 1547 541 1585 narrationis
567 1547 613 1584 de
634 1547 709 1584 Ilia
729 1548 934 1586 Ennianae
955 1561 1054 1596 quae
1073 1547 1150 1585 fuit
1169 1549 1210 1584 in
1230 1548 1356 1597 primo
1378 1548 1578 1584 annalium
1599 1543 1706 1598 [25],

150 1609 189 1645 et
221 1607 423 1655 orationis,
463 1619 582 1655 quam
613 1606 756 1644 Iunoni
786 1607 929 1645 tribuit
961 1620 989 1645 c.
1023 1620 1067 1644 111
1095 1608 1132 1655 3,
1171 1619 1321 1644 summa
1358 1607 1552 1644 sententia
1590 1606 1707 1643 ducta

150 1667 209 1704 est
241 1678 287 1703 ex
318 1665 525 1704 annalibus
552 1666 684 1714 Ennii,
716 1667 758 1703 in
785 1666 926 1714 quibus
952 1678 1114 1716 magnas
1141 1667 1271 1715 partes
1297 1665 1415 1703 fuisse
1440 1665 1599 1702 Iunonis
1631 1667 1706 1702 tes-

149 1725 316 1763 timonia
348 1725 606 1774 prodiderunt
637 1724 683 1763 de
716 1725 856 1774 quibus
888 1726 929 1763 in
961 1727 1074 1775 parte
1099 1738 1128 1762 11
1153 1725 1268 1762 huius
1301 1725 1557 1774 praefationis
1589 1723 1706 1761 disse-

150 1785 228 1821 rui:
261 1785 302 1821 in
335 1797 411 1832 qua
442 1797 484 1821 re
515 1785 578 1822 vel
609 1784 704 1822 haec
737 1798 837 1834 quae
870 1784 942 1822 dea
973 1785 1070 1822 dicit
1095 1778 1189 1836 (47)
1223 1795 1299 1832 qua
1330 1783 1479 1821 medius
1503 1783 1629 1830 liquor
1652 1794 1707 1820 se-

151 1845 271 1881 cernit
301 1844 489 1890 Europen
520 1844 568 1881 ab
599 1842 702 1891 Afro
739 1843 844 1881 haud
883 1844 962 1882 seio
1002 1857 1051 1881 an
1089 1843 1258 1881 colorem
1295 1842 1478 1880 duxerint
1514 1855 1559 1879 ex
1590 1841 1708 1878 Ennii

151 1915 265 1941 versu
296 1902 343 1940 de
376 1902 582 1940 annalibus
610 1899 670 1954 [1x
696 1904 742 1941 fr.
769 1899 832 1953 111]
859 1903 1064 1950 Europam
1089 1903 1330 1950 Libyamque
1360 1913 1488 1949 rapam
1518 1901 1584 1938 ubi
1612 1901 1708 1938 diei-

152 1962 208 2000 dit
237 1962 358 2006 unda,
397 1975 473 2010 quo
508 1961 642 2000 Cicero
673 1963 734 2000 bis
766 1974 858 2000 usus
890 1963 959 2000 est.
1003 1961 1077 1999 Sed
1109 1963 1250 2011 poetae
1280 1973 1421 1998 munus
1453 1973 1541 1998 cum
1571 1972 1707 1997 venus-

151 2022 315 2059 tissimis
347 2021 524 2059 versibus
556 2022 614 2059 ita
646 2021 841 2059 describat
872 2034 930 2071 ep.
951 2034 980 2058 11
1002 2022 1038 2069 2,
1062 2020 1143 2058 115

368 2080 582 2118 Obscurata
612 2081 683 2118 diu
706 2081 853 2128 populo
885 2080 1005 2117 bonus
1037 2081 1140 2117 eruet
1171 2081 1282 2126 atque

365 2140 541 2186 Proferet
571 2141 613 2176 in
645 2140 766 2176 lucem
796 2140 968 2185 speciosa
998 2138 1185 2176 voeabula
1215 2149 1357 2179 rerum,

367 2198 473 2246 Quae
497 2199 642 2245 priscis
673 2200 884 2235 memorata
918 2196 1126 2235 Catonibus
1158 2199 1270 2243 atque
1302 2194 1471 2243 Cetheqis

365 2257 483 2295 Nune
513 2258 610 2294 situs
640 2257 821 2304 informis
845 2257 991 2303 premit
1021 2258 1054 2293 et
1084 2255 1233 2292 deserta
1263 2257 1429 2291 vetustas
1455 2266 1534 2302 eqs,

155 2317 237 2354 eius
270 2317 430 2354 virtutis
463 2317 653 2364 quantam
684 2317 838 2365 partem
869 2315 991 2352 fuisse
1022 2315 1062 2351 in
1091 2313 1220 2351 Ennio
1252 2313 1415 2351 senserit
1445 2312 1504 2350 his
1537 2312 1709 2350 versibus

155 2370 206 2428 (a.
229 2390 264 2425 p.
287 2376 341 2413 48
358 2370 462 2427 sqq.)
496 2375 687 2424 patefacit

861 2434 897 2470 si
927 2435 1024 2480 forte
1052 2444 1200 2470 necesse
1231 2434 1284 2469 est

367 2494 533 2532 Indictis
564 2496 778 2531 monstrare
810 2492 1019 2530 recentibus
1051 2492 1184 2530 abdita
1215 2503 1356 2534 rerum,
1389 2492 1421 2527 et

368 2554 535 2601 Fingere
567 2554 741 2591 cinctutis
771 2563 849 2589 non
881 2551 1063 2589 eoeaudita
1096 2550 1264 2598 Cetheyis

372 2612 570 2660 Continqet
596 2634 649 2637 —
676 2632 733 2637 —
1018 2610 1111 2657 quid
1142 2612 1269 2647 autem

372 2671 537 2710 Caecilio
567 2672 780 2718 Plautoque
810 2670 919 2707 dabit
948 2669 1150 2706 Romanus
1181 2668 1402 2714 ademptum

378 2732 544 2779 Verqilio
584 2730 801 2776 Varioque?
832 2740 897 2777 eqo
928 2740 1008 2772 cur,
1040 2728 1244 2775 adquirere
1269 2738 1402 2774 pauca

368 2790 413 2828 Si
436 2801 610 2837 possum,
642 2789 827 2832 invideor,
859 2800 946 2826 eum
977 2788 1112 2835 linqua
1146 2786 1302 2824 Catonis
1334 2787 1368 2822 et
1392 2784 1501 2820 Enni

368 2849 589 2887 Sermonem
612 2849 790 2896 patrium
822 2847 1002 2885 ditaverit
1032 2849 1066 2884 et
1094 2857 1196 2883 nova
1225 2856 1355 2882 rerum

369 2909 543 2947 Nomina
567 2907 775 2955 protulerit
794 2928 847 2933 -
