2054 3282
339 194 421 236 122
1009 184 1207 220 SCENICA

1082 302 1133 336 IV

333 371 391 413 20
422 369 530 411 Aiax
556 369 685 409 misso
712 367 916 422 sanguine
941 364 1085 419 tepido
1111 362 1225 404 tullii
1251 361 1444 404 efflantes
1468 361 1616 403 volant

986 538 1222 582 ALCMEO

1098 645 1114 679 1

329 711 382 753 21
1164 706 1325 747 factum
1351 708 1415 747 est
1441 706 1525 748 iam
1551 706 1624 748 diu

1088 799 1122 833 Π

1020 864 1186 891 Ancnmo

326 922 383 964 22
414 922 562 964 Multis
589 936 681 963 sum
707 921 844 963 modis
871 921 1197 975 circumventus,
1229 919 1379 961 morbo
1413 919 1540 962 exilio
1567 921 1695 974 atque
1721 919 1883 974 inopia3
1910 908 1916 917 ⁵

414 992 521 1034 Tum
553 1008 685 1048 pavor
711 993 964 1047 sapientiam
991 1007 1161 1034 omnem
1187 991 1247 1033 mi
1273 991 1513 1033 examinato
1539 993 1799 1046 expectorat:

325 1134 388 1168 bet
406 1133 530 1168 lumen
550 1132 726 1168 diffusum
744 1134 787 1168 ut
805 1133 863 1168 leo
889 1133 928 1168 in
955 1133 1078 1178 capite
1103 1132 1240 1168 iubam.
1262 1132 1372 1167 huius
1398 1133 1499 1168 ortus
1526 1131 1713 1178 significat
1737 1131 1884 1167 circiter

325 1198 402 1221 esse
423 1189 623 1221 extremam
643 1188 798 1222 noctem.
814 1186 943 1231 itaque
963 1186 1017 1221 ait
1035 1186 1195 1221 Pacuius
1215 1187 1365 1222 «exorto
1381 1214 1387 1220 .
1405 1214 1412 1220 .
1429 1214 1435 1220 .
1451 1185 1634 1221 itinere»)
1751 1185 1806 1219 Ex
1824 1185 1882 1220 his

324 1240 441 1274 tribus
461 1240 683 1274 testimoniis
703 1241 802 1275 recte
822 1240 960 1275 taxatis
985 1240 1135 1286 prodire
1159 1240 1318 1275 arbitror
1341 1250 1424 1275 eam
1444 1239 1612 1281 formam,
1636 1250 1749 1283 quam
1771 1250 1883 1284 supra

323 1293 429 1337 posui
452 1304 637 1338 quamque
660 1294 915 1329 commendavi
934 1294 972 1328 in
994 1305 1155 1339 prooem.
1172 1305 1203 1328 a.
1221 1296 1312 1328 1880
1332 1305 1367 1338 p.
1385 1296 1447 1337 143
1473 1292 1583 1328 simul
1609 1293 1766 1337 apparet
1790 1292 1882 1327 haec

322 1346 446 1380 Aiacis
473 1346 634 1381 Enniani
660 1347 771 1382 verba
798 1358 877 1383 esse
899 1347 954 1382 ita
976 1347 1163 1392 loquentis
1186 1347 1361 1392 ‘aliquod
1382 1346 1509 1381 lumen
1529 1347 1622 1392 (φῶς
1640 1347 1687 1391 τι)
1713 1346 1753 1380 in
1778 1346 1881 1381 caelo

323 1410 446 1435 cerno:
467 1399 622 1435 iubarne
642 1401 736 1435 est‘?’
757 1403 801 1436 ut
818 1401 911 1436 haec
931 1401 1175 1447 interrogatio
1188 1401 1314 1435 media
1334 1400 1383 1435 sit
1401 1400 1465 1434 isti
1485 1399 1645 1435 orationi
1660 1399 1882 1444 interposita

322 1463 364 1487 eo
383 1463 483 1487 more
503 1464 613 1496 quem
631 1453 654 1488 l.
671 1466 697 1488 s.
719 1454 891 1500 explicui.

438 1506 488 1540 IV
501 1508 573 1552 (20)
605 1507 736 1543 Festus
750 1521 785 1553 p.
799 1512 878 1551 532,
888 1512 908 1543 2
923 1508 988 1543 Th.
1007 1509 1065 1534 ‘—
1078 1508 1252 1543 dixerunt
1267 1518 1346 1543 esse
1360 1507 1507 1550 silanos
1523 1507 1574 1542 ali
1586 1507 1693 1549 rivos,
1709 1506 1760 1542 ali
1773 1506 1881 1541 vehe-

321 1561 461 1594 mentes
472 1559 718 1604 proiectiones
733 1562 926 1607 sanguinis
937 1562 1119 1597 arcuatim
1131 1561 1290 1604 fluentis,
1300 1561 1430 1605 quales
1444 1562 1531 1596 sunt
1537 1561 1667 1595 Tiburi
1680 1561 1719 1595 in
1726 1560 1878 1595 Aniene.

321 1612 460 1647 Ennius
479 1613 736 1649 inaiacea-iax
754 1615 867 1650 misso
888 1616 1069 1661 sanguine
1089 1617 1114 1650 t.
1132 1615 1217 1650 tulii
1237 1626 1267 1650 e.
1285 1615 1462 1650 volant».’
1482 1614 1621 1649 Paulus
1644 1613 1790 1649 ‘tullios
1814 1613 1881 1648 alii

322 1665 513 1702 dixerunt.
530 1696 536 1701 .
554 1696 560 1702 .
575 1667 727 1704 Aniene.
748 1668 889 1704 Ennius
910 1669 1159 1714 «sanguinet.
1174 1668 1274 1704 tullii
1294 1679 1323 1703 e.
1338 1668 1514 1704 volant».'

436 1748 631 1786 ALCMEO
668 1751 770 1797 1(21)
789 1751 933 1787 Nonius
945 1764 981 1797 p.
996 1755 1128 1795 127,13
1145 1751 1241 1787 ‘iam
1256 1750 1320 1786 diu
1332 1762 1400 1797 pro
1414 1751 1500 1787 olim
1518 1780 1524 1785 .
1539 1780 1545 1785 .
1559 1779 1565 1785 .
1581 1750 1722 1785 Ennius
1735 1750 1880 1786 Alcme-

321 1813 388 1837 one
409 1802 572 1838 «factum
591 1806 648 1839 est
666 1804 742 1839 iam
762 1804 877 1841 diu».’

436 1856 469 1890 H
489 1859 560 1902 (22)
593 1857 719 1893 Cicero
740 1858 786 1893 de
799 1859 890 1894 orat.
906 1872 948 1893 111
963 1862 1017 1902 58,
1034 1861 1101 1893 218
1119 1858 1244 1894 ‘aliud
1256 1858 1356 1894 vocis
1376 1869 1493 1904 genus
1513 1858 1709 1893 iracundia
1728 1857 1800 1893 sibi
1820 1869 1877 1892 su-

320 1910 398 1944 mat
415 1938 420 1943 .
438 1939 443 1944 .
463 1939 469 1944 .
492 1911 595 1945 aliud
614 1913 745 1954 metus,
768 1912 969 1947 demissum
989 1914 1027 1947 et
1045 1912 1236 1947 haesitans
1256 1913 1294 1947 et
1316 1912 1503 1947 abiectum
1526 1912 1676 1948 «multis
1699 1923 1780 1946 sum
1801 1923 1878 1946 mo-

320 1963 376 1997 dis
397 1965 557 2009 (modis
584 1977 677 2000 sum
702 1965 853 2012 integri)
876 1995 882 2000 .
900 1995 906 2000 .
924 1996 930 2002 .
951 1966 1044 2001 mihi
1065 1968 1147 2012 (om.
1169 1966 1306 2011 mutili)
1327 1967 1536 2002 eaeanimato
1555 1969 1759 2010 expectorat
1784 1965 1879 2000 alter

320 2017 456 2060 (alter
476 2029 544 2053 om.
559 2019 697 2065 mutili)
711 2019 916 2054 terribilem
935 2020 1101 2054 minatur
1114 2019 1261 2065 (mutili,
1281 2019 1525 2054 minitatur
1544 2019 1694 2064 integri)
1711 2048 1717 2053 .
1735 2048 1740 2053 .
1758 2047 1764 2053 .
1779 2019 1878 2062 refa-

317 2071 396 2116 9e'at
415 2072 439 2105 t.
454 2083 618 2118 sanymm
631 2073 768 2118 (mutili
787 2074 940 2117 vetusti3
961 2073 1183 2119 sanguine
1204 2074 1330 2118 ceteri)
1346 2102 1352 2107 .
1370 2073 1542 2109 .metu».’
1640 2073 1743 2107 Idem
1757 2073 1803 2107 de
1816 2072 1877 2107 fin.

319 2136 355 2157 1v
376 2127 429 2166 23,
446 2129 489 2159 62
506 2126 596 2160 ‘hoc
615 2137 699 2161 vero
725 2129 762 2162 te
787 2127 884 2162 ferre
909 2139 984 2162 non
1008 2127 1183 2172 potuisse,
1206 2127 1305 2171 quod
1331 2126 1478 2170 antiqui
1496 2126 1575 2161 illi.
1593 2155 1599 2160 .
1616 2154 1622 2160 .
1641 2126 1877 2168 crediderint,

320 2176 408 2219 eius,
430 2178 494 2223 qui
513 2179 667 2215 honeste
686 2180 834 2224 viveret,
856 2180 888 2215 si
906 2181 1007 2216 idem
1026 2180 1141 2216 etiam
1154 2180 1248 2216 bene
1262 2180 1412 2224 valeret,
1427 2180 1521 2215 bene
1535 2180 1692 2223 audiret,
1708 2180 1878 2225 copiosus

438 2327 492 2364 20
515 2327 700 2366 Animam
719 2329 838 2367 misso
858 2330 999 2379 sangui
1018 2329 1275 2368 Hermannus
1294 2329 1346 2368 ad
1364 2328 1478 2377 δορὴ.
1492 2326 1556 2366 Ai.
1573 2326 1668 2377 918,
1689 2329 1756 2367 sed
1773 2327 1877 2366 Aiax

319 2386 417 2422 tueri
437 2385 520 2423 licet
538 2388 580 2424 in
599 2389 771 2426 oratione
789 2389 905 2428 lenius
923 2389 1027 2427 modi
1046 2388 1149 2427 ferro
1169 2400 1374 2438 percussus
1392 2388 1496 2426 iacet
1508 2387 1628 2426 Aiax:
1647 2387 1767 2426 misso
1788 2400 1875 2426 san-

318 2443 436 2493 guine
455 2445 561 2482 tullii
582 2446 759 2486 efflantes
779 2448 939 2494 volant;
956 2451 1001 2486 ut
1011 2447 1123 2496 δορὴ.
1135 2446 1199 2485 Αιζ
1213 2445 1296 2496 898
1309 2446 1411 2493 Αἴας
1432 2441 1491 2485 ὅδ’
1515 2443 1610 2497 ἡμῖν
1630 2445 1771 2498 ἀρτίως
1790 2461 1876 2485 νεο-

319 2501 474 2554 σφαγὴς
498 2507 639 2551 κεῖται,·
666 2508 699 2543 et
714 2518 818 2554 pars
843 2508 967 2546 altera
993 2508 1153 2546 additur
1178 2510 1220 2545 ut
1243 2508 1286 2545 in
1304 2507 1446 2554 Eur-ip.
1466 2506 1611 2543 Hecub.
1629 2503 1711 2553 568
1733 2507 1780 2544 cle
1804 2506 1875 2544 Po-

319 2562 459 2611 lyxena
477 2560 603 2613 τέμνει
623 2564 769 2620 σιδήρῳ
788 2565 1009 2617 πνεύματος
1030 2566 1230 2618 διαρροάς·
1252 2564 1413 2617 κρουνοὶ
1433 2560 1469 2603 δ’
1492 2563 1682 2616 ἕχώρουν.·
1701 2566 1758 2603 ita
1777 2565 1877 2603 tullii

318 2621 501 2659 dicwntur
519 2624 747 2670 sanquinem
765 2627 926 2663 missum
946 2626 993 2664 de
1010 2626 1167 2663 vulnere
1185 2626 1355 2664 volantes
1375 2626 1519 2673 efflare.
1539 2624 1663 2662 Paulo
1684 2623 1875 2662 aliterSo—

310 2680 467 2727 phooles
480 2678 545 2719 Αἱ.
567 2690 640 2728 141
656 2691 670 2717 1
697 2681 750 2720 ἔτι
775 2682 848 2736 γὰρ
868 2682 1013 2735 θερμαὶ
1032 2683 1210 2736 σύριγγες
1229 2682 1311 2723 ἄνω
1331 2688 1486 2734 φυσῶσι
1505 2680 1624 2734 μέλαν
1645 2681 1783 2732 μένος,·
1808 2683 1875 2721 sed

317 2740 419 2777 idem
441 2749 464 2787 9
476 2737 524 2775 18
545 2737 700 2791 βλέπειν
719 2738 893 2791 φυσῶντ’
917 2740 1000 2782 ἅνω
1019 2742 1116 2793 πρὸς
1136 2743 1248 2795 ῥῖνας
1267 2741 1309 2782 ἔκ
1329 2757 1367 2782 τε
1387 2741 1547 2793 φοινίας
1566 2744 1717 2792 πληγῆς
1737 2744 1874 2792 μελαν-

317 2795 392 2836 θὲν
412 2793 495 2849 αἷμ’
516 2793 584 2837 ἀπ’
604 2798 749 2846 οἰκείας
769 2806 945 2852 σφαγῆς,·
965 2805 1000 2840 et
1010 2802 1162 2841 Haemo
1182 2804 1225 2841 in
1237 2802 1435 2851 Antiqona
1456 2798 1562 2847 1238
1684 2802 1874 2851 sanguine

316 2857 451 2906 tepido
479 2859 518 2896 in
544 2861 789 2907 anapaestico
818 2872 928 2899 versa
953 2859 1096 2900 Accius
1123 2859 1204 2909 607
1222 2862 1270 2899 R.
1436 2861 1488 2898 22
1516 2860 1761 2898 Multimodis
1788 2872 1873 2898 sum

316 2918 408 2954 sunt
425 2918 491 2964 qui
510 2918 658 2963 malint,
680 2921 715 2957 et
732 2919 779 2966 cf.
796 2918 872 2958 Cic.
886 2931 940 2958 or.
957 2930 981 2967 4
988 2929 1024 2969 5,
1039 2930 1052 2956 1
1065 2929 1116 2968 53
