2004 3278
750 164 1012 200 ANNALIUM
1036 165 1123 199 LIB.
1144 165 1160 199 I
1626 163 1736 199 CLXI

171 277 230 316 dis
263 277 502 328 genitalibus
534 277 630 315 haec
660 277 781 316 verba
810 289 915 316 umus
947 279 1019 317 erit
1048 289 1159 326 quem
1190 279 1232 315 tu
1259 277 1364 316 tolles
1388 278 1432 316 νη
1457 277 1615 316 caerula
1639 277 1736 316 caela:

170 338 312 385 templa
337 336 551 375 credendus
578 338 637 375 est
662 337 864 386 extulisse3
891 338 1002 375 cuius
1028 337 1200 375 orationi
1225 349 1320 375 num
1346 337 1584 386 praemissus
1613 337 1736 375 fuerit

169 396 232 434 hic
262 408 396 435 versus
428 396 566 443 effudit
594 407 702 435 voces
726 398 891 444 proprio
923 408 1009 435 eum
1041 399 1194 444 pectore
1230 399 1363 434 sancto
1402 391 1486 449 (lib.
1510 391 1733 449 1110111111),

172 467 289 504 quem
315 455 476 505 quidem
494 455 699 505 praemitti
717 456 893 505 potuisse
912 468 991 493 non
1010 467 1122 505 nego,
1148 456 1352 493 incertum.
1377 455 1510 505 Atque
1529 456 1600 494 illo
1619 468 1735 494 versu

168 514 368 553 indicatur
399 515 531 565 etiam,
564 527 680 564 quem
711 515 949 564 quaerimus,
981 514 1090 552 locus
1119 514 1285 553 concilii.
1321 514 1418 552 Cum
1443 515 1546 552 enim
1571 528 1651 552 non
1676 515 1734 552 ita

168 574 353 612 instantis
379 574 568 623 temporis
593 574 719 611 futuri
742 574 934 612 indicium
960 574 1171 623 contineat,
1196 574 1283 611 tum
1302 573 1349 611 de
1371 571 1480 612 ‘uno’
1502 574 1607 623 quod
1627 574 1733 623 dicit,

168 633 215 670 de
249 634 385 682 altero,
418 634 552 682 Remo,
583 633 758 671 nondum
788 633 947 671 videtur
979 634 1111 671 actum
1141 633 1275 671 fuisse.
1309 632 1559 682 Superiorem
1590 635 1734 681 autem,

169 705 289 741 quam
318 693 440 743 vulgo
471 692 661 741 ferebant,
699 692 830 730 sedem
862 692 1017 730 concilii
1055 691 1278 741 anquirens‚
1314 704 1393 730 11011
1430 693 1734 730 commodiorem

169 751 334 801 dispicio
365 752 450 800 hac,
486 764 564 800 qua
597 751 759 800 ascripsi
793 763 893 800 quae
925 751 1000 789 huc
1031 752 1229 800 pertinere
1259 751 1469 789 videantur
1499 752 1732 802 fragmenta.

285 810 397 848 Nihil
421 811 464 848 in
482 810 544 848 his
564 811 717 849 mutavi
737 809 918 860 quamvis
938 822 1017 848 non
1036 810 1209 849 nesciam
1229 810 1324 860 quid
1348 812 1485 848 contra
1505 810 1676 849 dixerint
1695 812 1734 849 et

169 869 267 908 alios
294 869 393 908 alias
417 871 590 908 rationes
618 871 739 919 sequi.
768 869 845 908 Sed
870 882 1065 908 summum
1091 871 1152 908 est
1174 869 1359 920 intelligi,
1383 869 1425 906 in
1450 869 1577 919 primo
1598 870 1734 908 annali

167 929 287 967 fuisse
308 929 470 967 deorum
489 929 700 967 concilium
718 930 761 967 in
781 941 906 978 eoque
925 929 1059 967 Iovem
1078 929 1303 979 promisisse
1332 929 1442 967 Unus
1467 931 1539 968 erit
1563 941 1673 977 quem
1692 932 1734 967 tu

167 989 272 1026 tolles
298 1001 365 1037 eqs
384 988 512 1026 Marte
539 989 690 1026 scilicet
713 989 979 1026 intercedente
1004 990 1051 1026 ut
1083 988 1138 1025 dii
1165 989 1293 1026 solent
1313 1001 1357 1026 eo
1377 989 1566 1037 temporis
1586 990 1732 1038 puncto

168 1060 246 1096 quo
272 1060 468 1085 summum
493 1049 579 1086 erat
604 1047 826 1097 periculum
850 1061 899 1086 ne
925 1048 1073 1098 gemini
1091 1047 1231 1086 Martis
1257 1047 1329 1085 filii
1353 1049 1530 1097 perirent
1549 1049 1589 1086 et
1607 1048 1734 1086 Roma

167 1107 277 1145 nulla
309 1109 412 1145 esset
442 1108 587 1144 futura.
625 1107 688 1144 Ab
721 1108 795 1145 hoc
827 1109 960 1145 autem
992 1107 1158 1146 concilio
1190 1119 1353 1157 segrego
1388 1107 1557 1145 alterum
1583 1119 1660 1156 quo
1686 1106 1733 1145 de

168 1165 420 1216 Carthaginis
451 1166 546 1204 fatis
580 1166 783 1217 agebatur,
816 1167 923 1216 quod
955 1169 1094 1205 octavo
1128 1167 1263 1205 annali
1294 1166 1486 1215 relinquo.
1521 1165 1660 1204 Cetera
1691 1167 1733 1204 in

168 1226 396 1264 coniectura
427 1227 559 1275 posita
591 1227 695 1274 sunt,
728 1239 807 1275 qua
837 1238 932 1264 usus
964 1226 1158 1265 nonnulla
1188 1238 1268 1264 non
1300 1237 1346 1263 ex
1376 1226 1450 1263 hoc
1480 1225 1582 1263 libro
1609 1226 1734 1264 allata

166 1285 239 1323 hoc
271 1285 357 1323 loco
390 1286 549 1323 inserui.
581 1285 705 1324 Velut
728 1285 830 1323 illud
863 1297 939 1334 quo
973 1285 1015 1323 di
1045 1285 1238 1336 genitales
1264 1286 1515 1323 recensentur
1540 1279 1732 1338 (XXXVII),

168 1345 325 1393 qualem
345 1357 548 1382 recensum
568 1345 828 1383 conveniebat
847 1344 984 1382 statim
1002 1345 1044 1381 in
1057 1346 1184 1393 primo
1200 1356 1383 1383 consessu
1396 1344 1492 1393 fieri,
1512 1346 1552 1382 et
1564 1345 1611 1381 fr.
1623 1357 1733 1384 XXXV

166 1416 257 1441 cum
288 1403 458 1454 Vergilii
488 1403 585 1442 Aen.
613 1417 639 1441 X
668 1406 688 1442 1
724 1417 748 1441 a
779 1404 897 1443 schol.
925 1403 1066 1442 Veron.
1100 1404 1302 1451 collatum,
1334 1404 1374 1442 et
1403 1404 1478 1442 hoc
1515 1403 1731 1441 frustulum

168 1458 349 1515 (XXXVI),
388 1475 464 1511 quo
501 1464 544 1500 in
582 1463 651 1501 1110
689 1463 948 1501 instaurando
982 1463 1145 1501 deorum
1177 1463 1342 1501 concilio
1370 1463 1499 1500 utitur
1529 1462 1731 1513 Vergilius

166 1522 263 1560 Aen.
283 1535 308 1559 X
331 1522 367 1560 5.
393 1522 523 1561 Nimis
547 1523 696 1560 incerte
720 1523 796 1561 huc
821 1523 990 1560 refertur
1013 1535 1149 1562 versus
1175 1534 1196 1560 o
1219 1524 1369 1572 yenitor
1389 1525 1517 1560 noster
1534 1521 1731 1567 Saturnie,

165 1583 333 1619 maxime
360 1582 494 1619 divum
520 1581 606 1633 (lib.
626 1583 700 1619 inc.
721 1576 783 1633 11),
809 1595 927 1630 quem
947 1582 1173 1620 Ennianum
1193 1594 1276 1621 esse
1295 1593 1374 1620 non
1393 1582 1621 1619 testimonio
1641 1593 1731 1620 0011-

166 1642 248 1679 stat
280 1640 347 1678 sed
379 1642 565 1678 accurata
590 1640 754 1678 Homeri
784 1641 1021 1690 imitatione,
1053 1641 1099 1679 de
1132 1653 1211 1690 qua
1242 1641 1333 1680 vide
1365 1653 1466 1690 quae
1499 1640 1550 1678 ad
1574 1652 1731 1679 versum

165 1700 296 1749 ipsum
321 1700 522 1738 adnotavi.
557 1699 633 1738 Sed
659 1713 704 1738 ea
729 1700 790 1738 uti
816 1701 1084 1750 appellatione
1110 1713 1189 1739 non
1220 1713 1298 1738 uno
1330 1701 1415 1738 loco
1447 1699 1603 1738 licebat.
1641 1700 1732 1738 Non

166 1759 309 1798 certius
335 1759 411 1797 huc
436 1760 628 1797 referetur
652 1772 800 1808 versus,
826 1772 944 1809 quem
968 1760 1096 1798 Varro
1123 1760 1170 1798 de
1195 1760 1221 1797 1.
1241 1759 1284 1798 L.
1306 1772 1364 1799 v11
1387 1761 1408 1797 7
1436 1759 1533 1797 item
1559 1760 1642 1797 sine
1661 1772 1729 1797 no-

166 1819 270 1856 mine
301 1820 442 1868 poetae
470 1819 663 1867 laudavit,
688 1821 915 1858 contremuit
938 1819 1120 1868 templum
1145 1832 1331 1868 maynum
1356 1819 1464 1857 Iovis
1490 1819 1731 1857 altitonantis

166 1873 252 1931 (lib.
272 1879 346 1916 1110.
367 1873 478 1931 Lxx),
505 1891 621 1927 quem
641 1878 867 1917 Ennianum
893 1891 975 1918 esse
1001 1879 1117 1917 facile
1145 1879 1350 1927 credimus,
1376 1878 1445 1916 sed
1471 1879 1566 1927 quia
1584 1878 1731 1929 legitur

164 1938 206 1974 in
232 1937 368 1975 eadem
393 1939 506 1986 parte
533 1950 613 1986 qua
637 1938 763 1976 Varro
790 1938 837 1976 de
863 1939 993 1986 templi
1018 1938 1373 1989 significationibus
1400 1938 1485 1988 agit
1510 1938 1549 1975 et
1573 1950 1730 1976 versum

165 2008 291 2034 XXXIX
325 1997 434 2035 Unus
460 1998 532 2035 erit
555 2009 666 2045 quem
691 2000 733 2035 tu
757 1998 862 2036 tolles
889 2010 956 2046 eqs
983 1998 1123 2035 attulit
1149 1991 1226 2050 (vn
1246 1992 1304 2049 6),
1328 1997 1420 2034 111110
1445 1996 1611 2034 concilio
1640 1996 1730 2034 deo-

164 2068 253 2093 rum
289 2056 540 2094 inserendum
578 2069 678 2105 esse,
717 2069 794 2105 quo
827 2058 1060 2107 argumento
1092 2056 1153 2094 uti
1183 2056 1298 2095 video
1329 2055 1491 2093 Petrum
1523 2054 1648 2093 Ganal
1679 2055 1729 2093 ad

165 2114 279 2152 Varr.
300 2115 325 2151 1.
345 2127 389 2165 0.,
409 2127 454 2152 00
475 2115 525 2153 ad
543 2115 733 2153 Varronis
753 2128 902 2153 morem
920 2116 1048 2153 relata
1066 2115 1184 2153 nimis
1205 2116 1356 2152 incerta
1381 2116 1440 2152 est
1464 2114 1729 2163 ratiocinatio,

166 2186 254 2211 cum
284 2175 518 2222 praesertim
550 2187 598 2212 ne
629 2175 711 2212 vim
737 2174 896 2223 quidem
921 2186 1056 2213 versus
1084 2174 1247 2212 eandem
1273 2186 1355 2212 esse
1381 2186 1536 2211 necesse
1562 2175 1615 2212 sit
1640 2186 1729 2211 cum

165 2232 335 2283 Vergilii
359 2245 474 2271 versu
499 2232 596 2271 Aen.
617 2246 643 2270 X
666 2233 746 2271 115
775 2234 915 2271 adnuit
939 2236 973 2272 et
1003 2236 1122 2271 totum
1151 2236 1251 2271 nutu
1280 2234 1485 2281 tremefecit
1512 2232 1729 2281 Olympum,

167 2293 236 2331 aut
260 2292 470 2331 Homerico
496 2305 542 2330 ex
568 2305 644 2341 quo
670 2292 737 2330 ille
771 2305 972 2341 expressus
1005 2294 1065 2330 est
1095 2287 1120 2344 ἦ
1152 2291 1218 2331 καὶ
1247 2289 1460 2347 κυανέῃσιν
1492 2287 1547 2330 ἐπ’
1582 2289 1728 2344 ὀφρύσι

165 2357 278 2390 νεῦσε
304 2351 487 2402 Κρονίων
508 2384 515 2391 .
537 2381 544 2389 .
567 2350 686 2403 μέγαν
714 2347 750 2390 δ’
779 2349 943 2398 ἐλέλιξεν
957 2348 1170 2403 Ὄλυμπον,

286 2410 471 2449 Confecto
503 2411 681 2460 concilio,
712 2411 759 2448 ut
790 2411 926 2449 statim
950 2411 992 2448 in
1022 2412 1138 2449 terris
1165 2412 1357 2460 appareat
1381 2412 1441 2449 vis
1468 2423 1602 2449 eorum
1628 2423 1728 2459 quae

165 2470 207 2507 in
233 2468 402 2519 Olympo
421 2470 601 2520 Iuppiter
626 2470 810 2518 decrevit,
835 2470 991 2518 flumen,
1015 2471 1058 2508 in
1083 2483 1160 2519 quo
1185 2472 1301 2520 pueri
1326 2470 1495 2520 expositi
1519 2471 1644 2518 erant,
1668 2471 1726 2507 in-

165 2531 230 2566 tra
253 2530 360 2579 ripas
385 2529 541 2567 refluxit
569 2524 668 2582 (XL).

284 2588 403 2626 Pueri
427 2590 650 2627 servantur:
676 2588 908 2626 nutriuntur
934 2601 957 2626 a
981 2589 1076 2638 lupa
1102 2583 1200 2641 (XLI.
1221 2601 1316 2627 XLII.
1336 2583 1466 2643 XLm).
1495 2589 1554 2626 De
1581 2600 1661 2638 qua
1685 2600 1727 2625 re

167 2647 388 2685 Ennianam
402 2649 668 2686 narrationem
681 2648 775 2685 licet
788 2647 903 2686 hodie
918 2647 1124 2698 eVergilio
1138 2648 1234 2686 Aen.
1244 2661 1318 2687 vm
1334 2649 1418 2687 630
1427 2661 1510 2697 sqq.
1526 2647 1725 2696 dispicere.

166 2705 279 2756 Lupa
298 2707 463 2756 fugatur
482 2719 506 2744 a
524 2707 748 2756 pastoribus
770 2707 837 2755 qui
856 2708 937 2744 iam
957 2719 1044 2745 cum
1063 2708 1248 2758 gregibus
1268 2708 1434 2745 stabulis
1454 2706 1602 2744 relictis
1623 2718 1726 2744 cam-

166 2777 235 2814 pos
262 2767 301 2803 et
325 2765 431 2804 rivos
457 2768 660 2815 repetunt:
697 2767 752 2804 sic
778 2767 882 2803 enim
906 2766 986 2804 fere
1011 2768 1250 2816 interpretor
1275 2779 1359 2804 XLII
1384 2779 1429 2803 ex
1455 2778 1499 2803 eo
1527 2777 1603 2814 quo
1632 2776 1725 2802 usus

166 2835 251 2862 sum
279 2826 564 2874 supplemento,
590 2827 654 2863 cui
678 2826 815 2864 favent
841 2837 942 2874 quae
968 2826 1183 2875 Dionysius
1210 2839 1256 2863 eX
1280 2825 1404 2863 Fabio
1430 2825 1585 2862 Pictore
1605 2824 1726 2861 refert

167 2896 189 2920 a
207 2896 268 2921 me
288 2884 330 2921 in
350 2884 604 2923 adnotatione
619 2885 753 2923 allata.
776 2884 852 2929 Qui
867 2884 972 2933 quod
984 2885 1130 2923 ibidem
1147 2886 1267 2934 paulo
1280 2886 1371 2934 post
1384 2879 1450 2936 (7)
1465 2895 1625 2921 narrare
1638 2895 1725 2932 per-

239 2956 391 2981 Eumne
413 2957 458 2982 ed.
477 2957 606 2982 Vahlen.
1499 2948 1512 2982 l

1766 2979 1769 3004 l
