2004 3278
429 169 649 206 SGENICA:
676 170 985 206 ALEXANDER.
1024 171 1368 206 ANDROMACHA
1585 172 1692 208 cem

128 282 262 334 liquiis
293 283 410 322 hodie
441 295 519 321 non
552 285 729 333 apparet.
764 284 938 322 Ennium
967 283 1228 334 Euripideum
1259 286 1480 336 exemplum
1512 287 1690 324 secutum

133 354 215 382 esse
239 342 368 381 Varro
399 344 568 381 testatus
594 344 653 380 est
678 337 756 395 (x),
788 343 855 381 sed
882 356 983 392 quae
1015 343 1131 382 hodie
1157 346 1286 383 exstat
1310 345 1511 395 Euripidis
1536 344 1690 383 Andro-

130 402 271 441 macha
302 414 389 444 eam
420 414 499 440 non
530 402 650 439 fuisse
682 402 798 439 facile
830 403 1032 451 probatur.
1065 402 1169 440 Nam
1200 417 1249 441 ne
1281 404 1408 442 dicam
1436 417 1536 454 quae
1562 404 1689 442 Varro

131 462 246 501 affert
270 461 311 498 in
336 461 410 499 hac
434 460 640 511 tragoedia
665 473 744 498 non
768 461 860 512 legi,
886 463 1166 511 argumentum
1187 463 1318 512 ipsum
1338 465 1377 501 et
1394 477 1436 501 re
1457 466 1496 502 et
1514 465 1690 513 tempore

129 521 178 559 ab
203 521 388 559 Enniana
419 520 631 558 discretum
667 522 735 558 est.
768 520 844 558 Illa
879 521 981 558 enim
1008 520 1285 560 Andromacha
1315 522 1396 560 iam
1428 523 1576 561 diutius
1603 535 1689 561 cum

128 579 388 629 Neoptolemo
416 579 599 630 coniugio
624 580 760 617 iuncta
785 592 952 629 puerum
979 593 1023 617 ex
1051 592 1095 618 eo
1121 583 1286 630 peperit,
1317 582 1473 631 ipsique
1500 584 1540 620 et
1569 595 1690 631 puero

128 639 176 678 ab
196 639 424 687 Hermiona,
450 637 619 677 Menelai
644 638 738 688 fflia,
765 651 885 688 quam
909 641 1047 688 postea
1073 639 1356 690 Neoptolemus
1383 641 1542 679 domum
1568 641 1690 689 duxit,

128 698 320 749 pernicies
340 699 515 748 paratur.
542 698 661 747 Apud
679 698 864 747 Ennium,
892 711 1134 748 quamquam
1154 699 1349 748 quaedam
1370 702 1461 738 sunt
1481 713 1582 749 quae
1602 712 1691 737 cum

127 759 206 797 ista
230 757 509 796 Andromacha
541 758 709 797 conferri
740 759 927 807 poterant
959 752 1067 811 (vide
1099 758 1289 796 adnotata
1316 759 1366 797 ad
1393 760 1465 807 843
1500 760 1691 808 86—913

127 812 186 871 x),
223 818 364 867 utpote
396 829 497 866 quae
528 829 680 854 memor
711 818 813 855 esset
847 817 967 855 etiam
1000 830 1135 855 eorum
1168 831 1266 867 quae
1299 820 1390 857 ante
1422 820 1534 869 gesta
1569 820 1692 867 erant,

128 876 234 928 apud
268 876 441 914 Ennium
474 875 638 925 inquam
674 878 807 914 omnia
841 877 969 927 magis
1003 876 1177 915 recentia
1214 877 1399 915 videntur
1434 891 1456 916 a
1490 878 1613 916 ruinis
1653 880 1692 915 et

126 935 308 975 incendio
334 935 477 974 Troiae
508 937 548 974 et
579 948 667 973 cum
697 948 741 974 eo
772 937 949 985 tempore
982 937 1191 974 coniuncta
1225 950 1303 986 quo
1331 936 1470 975 Graeci
1501 937 1689 975 diuturno

129 996 233 1035 bello
259 994 421 1033 tandem
445 994 557 1033 finito
583 995 757 1033 reditum
787 995 828 1033 in
854 996 1027 1045 patriam
1055 995 1252 1045 parabant
1277 990 1362 1050 (11),
1395 1009 1417 1034 6
1450 1009 1528 1046 quo
1559 998 1693 1034 tamen

126 1057 256 1105 primo
287 1054 536 1104 tempestatis
568 1054 607 1092 vi
639 1055 787 1104 repulsi
820 1057 911 1093 sunt
939 1049 1000 1108 (1).
1041 1054 1169 1100 Quare
1201 1055 1384 1094 Enniana
1415 1055 1693 1094 Andromacha

128 1115 178 1154 ad
204 1127 291 1153 eam
317 1114 585 1152 condicionem
610 1113 773 1164 propius
800 1114 981 1152 accedere
1007 1114 1190 1152 videatur
1225 1128 1304 1164 qua
1335 1117 1394 1153 est
1425 1115 1465 1152 111
1490 1114 1691 1165 Euripidis

129 1173 348 1212 Troadibus
380 1173 470 1211 inde
503 1185 526 1211 a
557 1187 593 1211 v.
617 1174 719 1221 577,
757 1173 825 1211 ubi
856 1176 946 1222 post
978 1173 1262 1224 Astyanactem
1294 1187 1409 1212 suum
1442 1176 1480 1212 et
1510 1174 1690 1212 Hectoris

128 1233 253 1271 filium
279 1246 298 1271 e
324 1245 438 1271 muro
464 1232 660 1271 deiectum
686 1233 866 1282 quamvis
890 1233 1018 1271 invita
1040 1246 1186 1271 novum
1211 1235 1399 1272 maritum
1426 1234 1535 1283 sequi
1556 1236 1692 1271 coacta

129 1295 198 1332 est.
225 1293 285 1330 Ex
303 1293 377 1331 hac
399 1305 555 1342 quoque
575 1292 781 1342 tragoedia
802 1292 997 1341 quaedam
1018 1293 1065 1330 ad
1086 1293 1205 1330 Ennii
1225 1306 1359 1332 versus
1381 1293 1570 1342 adscripsi
1592 1305 1690 1341 quae

129 1353 351 1402 comparari
382 1364 495 1401 posse
527 1351 756 1390 viderentur
789 1346 896 1404 (vide
932 1352 981 1389 ad
1007 1364 1051 1389 111
1078 1354 1117 1389 et
1143 1364 1183 1391 1v
1209 1354 1248 1389 et
1274 1353 1323 1390 ad
1350 1347 1406 1405 x).
1446 1352 1521 1389 Sed
1558 1354 1691 1389 tamen

127 1412 298 1450 multum
325 1411 435 1449 abest
461 1413 507 1448 ut
526 1411 679 1448 Ennius
705 1411 810 1449 credi
835 1411 961 1461 possit
986 1424 1097 1450 suam
1123 1411 1300 1449 fabulam
1328 1425 1373 1449 ex
1400 1424 1444 1449 ea
1466 1424 1585 1460 quam
1605 1410 1690 1448 dico

128 1471 327 1509 Troadum
364 1472 477 1520 parte
511 1469 671 1519 petiisse
704 1472 744 1508 et
775 1470 825 1508 ad
858 1482 944 1509 eam
977 1471 1250 1509 conformasse.
1289 1471 1427 1509 Fuerit
1458 1471 1580 1520 igitur
1613 1470 1692 1508 alia

128 1530 267 1569 fabula
292 1529 519 1579 Euripidea,
551 1542 672 1579 quam
705 1530 903 1580 cognitam
928 1543 1007 1567 non
1032 1530 1234 1579 habemus,
1268 1543 1369 1579 quae
1394 1530 1514 1567 Ennii
1539 1529 1690 1567 Andro-

130 1590 292 1628 machae
319 1589 564 1627 aechmaloto
592 1589 813 1639 exemplum
839 1588 999 1627 dederit.
1029 1588 1101 1627 Cui
1127 1589 1232 1638 quod
1252 1589 1403 1627 Ennius
1422 1589 1605 1638 Euripidi
1633 1601 1691 1626 as-

130 1649 302 1687 sentiens
329 1648 429 1686 dixit
456 1642 519 1701 (x)
546 1661 688 1687 nomeu
713 1647 885 1686 inditum
911 1660 992 1686 esse
1020 1649 1126 1697 quod
1151 1646 1266 1700 ἀνδρὶ
1299 1647 1469 1699 μάχεται,
1499 1647 1692 1686 indicium

129 1710 189 1747 est
215 1720 292 1758 quo
317 1707 476 1758 ingenio
503 1709 543 1745 et
569 1720 649 1757 qua
674 1708 821 1746 ferocia
846 1710 1013 1757 uterque
1040 1710 1157 1758 poeta
1177 1707 1497 1746 Andromacham
1523 1720 1604 1745 esse
1624 1720 1691 1745 vo-

128 1769 260 1806 luerit.
291 1766 554 1812 Quamobrem
578 1766 770 1816 putabam
795 1779 878 1806 vm.
899 1780 951 1804 1x.
974 1780 1010 1805 x.
1031 1780 1073 1804 XI
1099 1768 1309 1805 coniuncta
1334 1767 1452 1805 huius
1479 1767 1691 1817 depingen-

129 1827 201 1866 dae
226 1828 392 1865 naturae
418 1826 619 1875 inservire,
653 1839 754 1876 quae
782 1828 930 1876 quanto
958 1839 1074 1876 opere
1101 1826 1296 1876 respuerit
1328 1828 1367 1864 et
1398 1828 1609 1875 aspernata
1641 1827 1693 1864 sit

128 1889 220 1937 post
244 1886 456 1925 Hectorem
482 1886 552 1924 alii
577 1887 662 1924 viro
688 1885 730 1924 in
750 1886 981 1936 coniugium
1007 1886 1092 1924 dari
1113 1899 1158 1924 ex
1178 1885 1376 1924 Troadum
1399 1885 1576 1924 versibus
1597 1885 1647 1923 ad
1666 1898 1691 1922 x

130 1945 338 1995 adscriptis
363 1944 615 1996 intelligitur.
648 1944 820 1983 Mediam
844 1947 1011 1995 partem,
1044 1947 1091 1983 ut
1115 1958 1220 1983 nunc
1244 1957 1306 1983 res
1333 1947 1403 1994 est,
1429 1945 1582 1983 obtinet
1607 1957 1691 1982 am-

129 2005 308 2056 plissima
339 2004 640 2043 Andromachae
674 2005 926 2054 lamentatio,
967 2017 1087 2054 quam
1121 2003 1254 2042 Cicero
1287 2004 1576 2051 admirabatur,
1612 2015 1692 2052 qua

129 2065 200 2102 illa
227 2064 358 2103 omnia
384 2063 659 2113 complectitur
685 2076 786 2112 quae
812 2064 928 2102 modo
953 2075 1139 2113 perpessa
1165 2065 1235 2112 est,
1272 2063 1453 2101 Hectoris
1480 2062 1690 2112 praecipue

130 2137 290 2172 memor,
317 2124 426 2161 cuius
453 2135 567 2172 opem
592 2123 782 2171 implorat
802 2117 865 2175 (v)
887 2124 927 2160 et
945 2123 1208 2160 miserrimam
1227 2122 1378 2160 cladem
1399 2122 1580 2171 deplorat
1600 2115 1689 2174 (Vl).

132 2182 294 2221 Cantico
326 2181 514 2231 praemisi
540 2194 596 2230 111,
630 2181 735 2230 quod
767 2182 908 2230 opinor
937 2183 1042 2219 recte
1075 2180 1202 2230 scribi,
1235 2180 1350 2219 modo
1384 2181 1433 2218 ad
1464 2181 1691 2218 nuntiatum

131 2242 339 2280 consilium
357 2240 614 2290 Astyanactis
641 2235 708 2293 6*)
735 2253 847 2278 1111110
868 2240 1037 2278 Τ1016110
1064 2240 1272 2278 deiiciendi
1297 2240 1503 2278 referatur.
1531 2238 1603 2277 Cui
1623 2239 1690 2277 ad-

130 2301 250 2339 nexui
274 2314 317 2339 1v
343 2313 420 2349 quo
446 2299 494 2338 de
521 2300 728 2349 sepultura
753 2300 866 2349 pueri
892 2299 1008 2337 occisi
1035 2301 1226 2350 ageretur.
1254 2298 1361 2344 Quae
1389 2298 1522 2336 Cicero
1549 2311 1583 2336 a.
1607 2300 1690 2337 700

130 2361 171 2398 in
198 2360 365 2410 epistola
392 2359 442 2397 ad
467 2358 648 2397 Atticum
674 2353 734 2412 (lv
756 2359 822 2407 15,
845 2353 888 2410 6)
916 2371 1006 2396 cum
1031 2359 1078 2396 de
1104 2358 1207 2396 ludis
1240 2357 1322 2396 eius
1354 2359 1448 2396 anni
1481 2359 1615 2409 ageret
1643 2358 1691 2395 de

130 2419 375 2469 Antiphonte
408 2420 539 2457 actore
565 2418 702 2456 scribit
726 2419 826 2456 nihil
850 2421 929 2455 tam
947 2418 1152 2465 pusillum,
1182 2418 1281 2456 nihil
1306 2421 1385 2456 tam
1409 2419 1492 2456 sine
1516 2429 1603 2456 voce
1625 2447 1630 2453 .
1653 2447 1661 2454 .
1684 2447 1689 2453 .

131 2481 174 2518 in
192 2477 471 2517 Andromacha
495 2481 623 2516 tamem
647 2479 774 2516 ‘maior
798 2479 875 2525 fuit
899 2489 1017 2525 quam
1036 2476 1242 2526 Astyanax
1268 2489 1347 2526 eqs,
1373 2489 1420 2514 ea
1445 2477 1478 2515 si
1503 2478 1607 2514 recte
1633 2475 1691 2513 111-

131 2538 271 2589 telligo
296 2537 443 2575 indicio
470 2539 563 2575 sunt
587 2537 833 2586 Astyanacta
859 2549 947 2574 cum
972 2538 1098 2574 matre
1123 2537 1165 2574 in
1197 2548 1312 2574 scena
1343 2537 1566 2586 spectatum
1597 2548 1690 2574 esse.

249 2596 593 2634 Andromedam
612 2595 786 2634 Ennium
806 2608 853 2634 ex
866 2595 1069 2644 Euripidis
1082 2595 1336 2634 Andromeda
1354 2595 1518 2633 vertisse
1539 2594 1571 2632 si
1591 2594 1691 2632 nihil

133 2656 243 2694 aliud
275 2656 405 2705 ipsum
435 2655 676 2705 principium
709 2654 868 2692 fabulae
900 2649 930 2692 ὦ
962 2653 1032 2701 νὺξ
1065 2654 1148 2707 ἱερά
1172 2657 1238 2693 κτλ
1271 2657 1310 2692 61
1340 2666 1455 2693 sacra
1480 2654 1570 2691 Nox
1594 2664 1690 2700 quae

251 2756 282 2801 *)
307 2757 567 2791 Lachmannus
592 2757 683 2801 puto
709 2755 824 2801 probe
844 2755 1004 2790 coniecit
1022 2767 1039 2790 e
1063 2756 1222 2790 Troiano
1241 2766 1344 2790 muro
1364 2755 1498 2789 iactari
1516 2755 1595 2797 (pro
1615 2753 1687 2796 de):

134 2804 186 2838 sic
206 2803 304 2839 Serv,
325 2803 417 2838 Dan.
444 2804 483 2838 in
503 2803 592 2838 Aen.
614 2816 656 2837 111
670 2807 738 2838 489
767 2803 918 2838 Calchas
943 2804 1071 2838 cecinit
1096 2803 1336 2838 deiiciendum
1361 2813 1404 2836 ecc
1423 2801 1536 2835 muris
1555 2800 1690 2844 Astya-

132 2856 243 2887 nacta
269 2852 306 2886 et
330 2851 421 2886 ibid.
442 2852 702 2896 praecipitavit
727 2863 744 2886 e
769 2861 889 2893 murm
916 2852 954 2885 et
979 2861 1090 2897 saepe
1115 2850 1171 2885 ita
1195 2851 1329 2896 poetae
1352 2850 1389 2883 et
1409 2847 1617 2893 scriptores,
1644 2846 1690 2882 de

134 2909 289 2942 quorum
313 2910 383 2935 usu
409 2898 500 2934 alibi
527 2898 660 2934 dicam.
