2054 3282
353 168 437 211 160
1025 159 1224 196 SCENJCA

1093 278 1161 313 XII

1022 343 1224 370 Acfflmffls

346 405 431 447 242
462 402 791 457 Astrologorum
817 399 940 455 signa
964 399 1009 440 in
1034 397 1149 440 caelo
1177 398 1281 452 quid
1301 398 1367 452 fit
1391 398 1715 454 observationis,

465 473 571 515 Cum
591 486 718 527 capra
742 473 816 512 aut
840 484 949 524 nepa
974 471 1049 511 aut
1074 469 1266 511 exoritur
1289 483 1446 512 nomen
1471 469 1646 525 aliquod
1670 470 1904 513 beluarum.

345 545 431 587 244
462 543 583 594 Quod
609 546 672 585 est
698 544 794 584 ante
819 540 947 596 pedes
974 554 1098 581 nemo
1125 542 1301 595 spectat,
1327 540 1433 583 caeli
1459 543 1705 583 scrutantur
1728 541 1891 598 plagas.

345 719 468 742 versus
482 706 639 752 legimus
654 705 752 742 «otio
764 706 861 750 (234)
874 733 880 738 .
895 732 900 738 .
916 732 922 738 .
934 703 1070 738 vivitur
1083 705 1213 750 (241)».
1228 704 1276 738 ¹³.
1291 733 1296 738 .
1311 733 1317 739 .
1330 704 1492 749 petimus
1506 704 1622 750 igitur
1635 704 1738 739 dicas
1751 732 1757 739 .
1772 733 1778 739 .
1793 732 1798 739 .
1815 704 1906 749 quid

344 761 393 795 sit
406 761 555 806 ignotus
567 759 721 793 huiusce
734 768 859 792 versus
873 768 1001 792 sensus
1015 757 1197 794 «incerte.
1212 786 1218 792 .
1232 786 1238 791 .
1253 757 1411 794 vivitur»
1423 759 1548 803 (241).'
1617 757 1780 792 Militum
1794 758 1905 793 choro

343 815 382 849 in
402 814 476 848 otio
496 811 786 857 torpescentium
805 821 898 856 quas
917 810 1052 846 tribuit
1072 811 1275 846 sententias
1288 811 1429 846 Ennius
1450 822 1524 855 eas,
1543 812 1587 846 ut
1600 811 1779 846 Columna
1798 811 1907 846 intel-

342 867 444 909 lexit,
459 877 502 900 ex
516 865 673 900 Achillis
687 864 854 899 oratione
869 864 1027 909 sumpsit
1046 875 1142 908 quae
1160 864 1281 910 Iphig.
1296 864 1420 899 Aulid.
1437 875 1459 899 a
1472 877 1503 899 V.
1520 868 1589 899 804
1603 865 1816 910 exponitur:
1838 865 1905 900 οὐκ

346 919 384 962 ἐξ
404 919 484 955 ἴσου
510 919 579 964 γὰρ
606 917 762 963 μένομεν
783 916 954 962 Εὐρίπου
973 916 1096 959 πέλας.
1119 917 1154 952 οἳ
1179 917 1245 962 μὲν
1271 917 1341 963 γὰρ
1367 917 1470 963 ἡμῶν
1497 917 1600 959 ὄντες
1625 917 1754 963 ἄζυγες
1778 917 1906 964 γάμων

344 972 470 1014 οἴκους
489 972 645 1016 ἐρήμους
665 970 875 1012 ἐκλιπόντες
892 970 1031 1006 ἐνθάδε
1050 969 1234 1006 θάσσουσ’
1252 969 1310 1006 ἐπ’
1329 972 1470 1015 ἀκταῖς,
1487 971 1524 1007 οἳ
1537 969 1573 1007 δ’
1592 971 1737 1017 ἔχοντες
1756 971 1907 1012 εὔνιδας

343 1026 406 1061 καὶ
418 1027 559 1067 παῖδας
573 1054 579 1060 .
597 1054 603 1060 .
621 1054 627 1060 .
641 1025 779 1069 τούμὸν
794 1024 860 1069 μὲν
874 1022 942 1060 οὖν
959 1022 1108 1060 δίκαιον
1123 1023 1184 1068 ἐμὲ
1197 1022 1316 1069 λέγειν
1329 1025 1447 1071 χρεών
1463 1054 1469 1059 .
1488 1054 1493 1059 .
1509 1030 1578 1070 γῆν
1592 1024 1661 1070 γὰρ
1676 1025 1792 1060 λιπὼν
1809 1024 1906 1069 Φάρ-

344 1081 454 1114 σαλον
467 1078 534 1124 ἠδὲ
544 1077 670 1124 Πηλέα
684 1077 780 1123 μένω
793 1075 850 1113 ’πὶ
863 1079 1012 1119 λεπταῖς
1023 1075 1161 1112 ταισίδ’
1177 1076 1347 1122 Εὐρίπου
1360 1076 1764 1123 πνοαῖς,Μυρμιδόνας
1777 1077 1904 1125 ἴσχων·

344 1132 379 1167 οἳ
398 1130 434 1167 δ’
459 1132 517 1166 ἀεὶ
541 1129 798 1176 προσκείμενοι
824 1129 982 1176 λέγουσ’·
1001 1129 1169 1177 Ἀχιλλεῦ,
1191 1129 1227 1166 τί
1246 1130 1422 1176 μένομεν,
1441 1137 1552 1167 ποῖον
1571 1129 1708 1178 χρόνον
1728 1129 1780 1167 ἔτ’
1803 1131 1906 1176 ἐκμε-

342 1191 471 1230 τρῆσαι
491 1184 559 1231 χρὴ
579 1184 672 1229 πρὸς
687 1182 797 1219 Ἰλίου
818 1183 966 1229 στόλον,
986 1186 1059 1229 δρᾶ
1078 1183 1115 1219 δ’
1134 1183 1220 1220 εἴτι
1239 1184 1399 1228 δράσεις,
1416 1183 1438 1229 ἢ
1454 1182 1570 1229 ἄπαγ’
1587 1183 1717 1220 οἴκαδε
1737 1183 1906 1229 στρατόν,

342 1238 387 1273 τὰ
411 1244 484 1274 τῶν
505 1236 698 1282 Ἀτρειδῶν
724 1237 772 1283 μὴ
797 1236 918 1282 μένων
943 1237 1160 1283 μελλήματα.
1183 1237 1285 1272 Conf.
1300 1250 1330 1272 ν.
1349 1241 1439 1273 1000
1460 1249 1512 1282 sq.
1533 1237 1665 1282 Itaque
1684 1238 1783 1272 hunc
1804 1237 1907 1272 chori

345 1293 494 1326 cantum
516 1301 558 1325 eo
578 1291 659 1325 loco
678 1290 798 1336 posui,
820 1301 930 1335 quem
948 1291 1141 1336 patefacta
1162 1290 1265 1336 origo
1287 1291 1517 1327 demonstrat
1536 1293 1574 1326 et
1592 1290 1751 1336 flagitat.

460 1350 527 1384 XH
541 1351 638 1395 (242)
666 1349 791 1384 Cicero
806 1350 852 1384 de
865 1360 904 1384 re
917 1362 952 1395 p.
968 1363 981 1384 1
997 1353 1052 1393 18,
1067 1353 1111 1384 30
1127 1350 1138 1367 ‘
1148 1350 1322 1396 «egregie
1337 1350 1510 1385 cordatus
1530 1350 1640 1385 homo
1661 1350 1765 1385 catus
1779 1350 1906 1385 Aelius

344 1404 508 1446 Sextus»,
524 1403 588 1448 qui
602 1403 752 1448 egregie
766 1402 940 1438 cordatus
961 1404 998 1438 et
1018 1405 1122 1438 catus
1142 1403 1215 1438 fuit
1235 1405 1273 1438 et
1292 1403 1339 1438 ab
1359 1403 1478 1439 Ennio
1499 1406 1598 1449 (ann.
1614 1406 1696 1449 331)
1711 1404 1832 1439 dictus
1852 1405 1909 1438 est

343 1468 416 1491 non
436 1456 535 1501 quod
555 1467 600 1491 ea
619 1456 825 1500 quaerebat
844 1467 940 1500 quae
960 1467 1162 1500 numquam
1182 1457 1375 1500 inveniret,
1397 1458 1461 1492 sed
1481 1457 1580 1502 quod
1601 1468 1645 1492 ea
1658 1457 1908 1502 respondebat

463 1653 545 1690 242
561 1663 614 1700 sq.
629 1652 674 1689 fit
692 1653 830 1700 scripsi
843 1647 1027 1705 (prooem.
1046 1663 1059 1688 1
1071 1650 1154 1700 878
1168 1666 1211 1701 p.
1227 1648 1293 1706 7),·
1307 1655 1493 1691 orationis
1510 1654 1639 1701 forma
1660 1665 1704 1691 ea
1726 1655 1779 1691 est
1796 1655 1839 1691 ut
1857 1653 1906 1691 ab

346 1711 629 1750 observationis
656 1713 810 1749 nomine
836 1712 983 1750 verbali
1003 1713 1175 1760 pendeat
1203 1713 1491 1763 astrologorum
1519 1714 1644 1763 signa,
1671 1713 1724 1751 ad
1750 1713 1907 1751 modum

343 1771 571 1809 Plautinum
597 1782 697 1819 quae
721 1772 866 1809 misera
884 1772 925 1808 in
946 1772 1236 1821 exspectatione
1263 1773 1322 1810 est
1349 1772 1561 1822 Epignomi
1590 1772 1803 1810 adventum
1829 1772 1907 1810 viri

343 1830 457 1868 Stich.
481 1827 586 1876 283,·
610 1842 714 1868 nunc
737 1829 801 1868 hic
827 1843 914 1868 eam
938 1843 1021 1868 rem
1045 1831 1146 1880 volt,
1173 1831 1273 1880 scio,
1297 1843 1449 1869 mecum
1475 1831 1582 1869 adire
1609 1830 1659 1868 ad
1683 1832 1907 1880 pactionem

345 1889 465 1927 aulul.
484 1898 535 1925 20
546 1899 559 1925 1
574 1903 588 1935 ;
608 1891 771 1928 ceterum
789 1890 857 1927 hos
875 1900 1010 1928 versus
1027 1890 1158 1928 multis
1175 1891 1300 1929 modis
1315 1893 1480 1928 mutatos
1496 1893 1593 1928 reete
1610 1891 1771 1928 traditos
1786 1901 1908 1938 neque

345 1949 466 1986 ullam
484 1950 652 1996 recipere
672 1949 970 1987 emendationem
989 1949 1013 1987 l.
1032 1961 1060 1987 c.
1074 1950 1245 1997 probare
1262 1951 1416 1996 studui,·
1432 1950 1478 1988 de
1497 1950 1653 1987 nomine
1672 1949 1747 1987 bel.
1762 1950 1809 1996 ef.
1828 1948 1906 1987 Cic.

347 2009 398 2045 acl
416 2009 509 2055 fam.
523 2020 581 2047 VII
603 2017 639 2057 5,
656 2016 678 2054 3
700 2008 791 2045 huic
811 2020 882 2059 ego
902 2021 1028 2058 neque
1047 2008 1295 2046 tribunatum
1320 2021 1444 2058 neque
1469 2009 1758 2058 praefecturam
1781 2021 1906 2058 neque

347 2067 464 2105 ullius
495 2067 673 2106 beneficii
706 2069 855 2105 certum
884 2080 1025 2106 nomen
1054 2070 1158 2118 peto,
1185 2070 1218 2106 et
1242 2079 1340 2116 quae
1360 2071 1566 2117 praeterea
1591 2068 1615 2106 l.
1637 2079 1666 2106 e.
1687 2068 1820 2114 attuli,·
1844 2068 1906 2106 de-

346 2127 462 2173 nique
486 2128 590 2164 verbi
616 2128 789 2164 exoritur
807 2129 979 2175 positum
1002 2130 1135 2166 notum
1155 2129 1208 2166 est
1225 2129 1454 2176 optimorum
1478 2140 1555 2166 usu
1579 2128 1822 2175 confirmari:
1841 2140 1907 2165 ne-

349 2197 422 2233 que
435 2185 498 2223 hic
511 2186 613 2235 lupis
627 2198 711 2224 mos
731 2198 801 2224 nec
820 2187 915 2224 fuit
934 2186 1111 2225 leonibus
1120 2200 1133 2233 ,·
1152 2187 1310 2225 furorne
1330 2199 1464 2226 caecos
1485 2199 1535 2225 an
1553 2187 1684 2236 rapit
1701 2188 1761 2225 vis
1781 2187 1908 2225 acrior

347 2244 445 2281 Hor.
467 2246 570 2292 epod.
589 2253 624 2293 7,
648 2255 685 2280 11
714 2248 747 2283 et
773 2255 819 2292 13
975 2247 1057 2284 243
1088 2247 1230 2284 Versus
1247 2247 1412 2294 fortasse
1435 2257 1578 2284 memor
1601 2247 1679 2293 fuit
1706 2245 1836 2284 Cicero
1862 2246 1908 2283 de

347 2306 426 2340 nat.
447 2304 547 2341 deor.
568 2316 612 2340 111
638 2313 651 2339 1
663 2303 700 2352 6,
714 2314 770 2350 40
791 2305 966 2355 singulas
986 2306 1120 2343 stellas
1139 2317 1320 2343 numeras
1341 2305 1433 2343 deos
1453 2317 1595 2355 eosque
1615 2307 1685 2342 aut
1703 2305 1907 2342 beluarum

348 2363 504 2400 nomine
525 2363 711 2412 appellas,
730 2366 775 2401 ut
795 2376 966 2414 capram,
979 2367 1024 2402 ut
1043 2377 1196 2414 nepam,
1207 2366 1252 2402 ut
1267 2376 1338 2412 eqs.
1447 2365 1509 2402 De
1521 2377 1623 2414 nepa
1636 2364 1787 2402 Paulus
1798 2364 1906 2401 Festi

347 2434 390 2469 p.
412 2431 425 2456 1
437 2419 503 2468 67,
519 2431 543 2469 9
562 2422 629 2458 Th.
644 2435 744 2471 nepa
757 2423 944 2461 Afrorum
964 2424 1102 2474 lingua
1121 2424 1227 2462 sidus
1248 2424 1352 2472 quod.
1372 2436 1509 2462 cancer
1526 2423 1750 2473 appellatur
1768 2425 1802 2461 et
1812 2422 1907 2460 Fes-

319 2492 321 2494 ·
350 2482 410 2518 tus
428 2482 531 2528 ipse,·
548 2480 702 2518 Nonius
714 2493 756 2529 p.
775 2492 823 2528 14
831 2491 867 2530 5,
889 2492 935 2528 13
1067 2484 1151 2520 244
1176 2482 1235 2531 Cf.
1252 2482 1329 2522 Cic.
1346 2483 1457 2521 Tusa.
1478 2484 1576 2531 disp.
1590 2496 1615 2520 v
1637 2491 1704 2531 39,
1718 2492 1732 2518 1
1749 2492 1798 2528 14
1818 2494 1906 2520 cum

350 2539 420 2577 alii
439 2551 555 2589 saepe
569 2539 674 2589 quod
694 2543 784 2578 ante
803 2541 919 2590 pedes
939 2544 1039 2580 esset
1058 2554 1137 2579 non
1151 2541 1342 2590 viderent,
1359 2542 1427 2579 ille
1446 2542 1488 2579 in
1501 2541 1738 2579 infinitatem
1753 2553 1907 2579 omnem

348 2599 695 2649 peregrinabatur;
716 2599 801 2637 Ter.
816 2598 972 2647 ad.386
987 2601 1088 2639 istuc
1108 2603 1167 2639 est
1187 2613 1335 2650 sapere,
1354 2613 1432 2638 non
1453 2600 1557 2650 quod
1577 2602 1668 2639 ante
1686 2600 1804 2650 pedes
1823 2612 1906 2638 mo-

349 2658 439 2696 dost
458 2658 600 2708 videre,
620 2658 687 2696 sed
710 2659 828 2697 etiam
850 2660 921 2697 illa
945 2673 1044 2709 quae
1064 2661 1199 2698 futura
1219 2662 1312 2698 sunt
1330 2661 1573 2710 prospicere;
1585 2660 1688 2697 Min.
1702 2659 1786 2697 Fez.
1804 2669 1818 2695 1
1831 2668 1866 2709 2,
1882 2667 1901 2706 7

350 2716 515 2755 desinite
542 2718 641 2756 caeli
666 2718 804 2768 plagas
830 2719 869 2755 et
893 2719 1030 2757 mundi
1052 2750 1058 2756 .
1081 2749 1089 2756 .
1110 2721 1258 2758 secreta
1282 2719 1436 2757 rimari:
1456 2720 1553 2757 satis
1574 2720 1632 2756 est
1650 2730 1722 2767 pro
1741 2717 1905 2768 pedibus

351 2777 523 2826 aspicere
674 2777 771 2815 caeli
797 2778 1022 2816 scrutantur
1040 2779 1198 2828 plagas:
1218 2779 1264 2826 cf.
1279 2777 1485 2826 Aumzstin.
1507 2778 1604 2825 conf.
1625 2790 1649 2814 x
1677 2775 1740 2825 16,
1758 2786 1808 2824 25
1830 2779 1905 2822 in„-

350 2835 544 2873 Paulinus
561 2836 741 2874 Nolanus
761 2838 864 2884 epist.
887 2845 948 2885 12,
965 2846 987 2884 5
1007 2850 1050 2885 p.
1070 2846 1135 2887 77,
1158 2846 1204 2885 15
1221 2838 1274 2875 H.
1417 2837 1667 2885 Septenarius
1692 2837 1907 2874 adnectitur

350 2896 555 2933 octonariis
573 2898 616 2933 ut
637 2904 730 2943 259.
749 2893 832 2931 260
854 2898 886 2933 et
907 2894 1136 2943 362—365

2040 2664 2046 2668 ⁴
2034 2628 2054 2636 ’,
2028 2473 2054 2623 'smel
2037 2400 2054 2466 §aaa
2039 2357 2054 2395 m:
2049 2340 2054 2352 -
2040 2173 2054 2335 „rm-nm..
2043 2058 2054 2168 «ὼ.
2048 2026 2054 2047 .-
2050 2000 2054 2022 ,-
