2020 3334
574 234 782 271 VERRIUS
803 237 1022 273 FLACCUS.
1061 238 1238 274 FESTUS
1598 242 1691 277 LXV

136 347 308 386 arbitror
338 347 518 396 oportere
550 347 591 384 in
622 347 696 386 hac
728 350 967 400 quaestione,
999 352 1044 388 ut
1069 353 1257 390 sermonis
1283 352 1393 390 filum
1424 366 1471 391 110
1504 367 1690 403 umquam

135 406 314 458 neglecta
343 419 476 443 rerum
502 405 728 445 condicione
755 409 994 447 aestimetur.
1029 409 1208 448 Ceterum
1233 412 1354 449 etiam
1378 413 1483 450 infra
1507 404 1549 450 in
1577 413 1689 451 Clau-

135 465 253 503 diano
285 476 439 503 neccsse
472 466 557 502 erat
587 463 634 502 de
665 466 888 505 imitatione
920 468 1102 506 Enniana
1133 472 1393 518 quaereretur.

254 524 301 561 In
333 523 504 561 mediam
529 522 703 574 Augusti
735 526 905 563 aetatem
937 527 1042 564 cadit
1072 528 1106 564 is
1139 529 1208 576 qui
1239 530 1418 579 princeps
1445 542 1489 567 eo
1514 532 1689 580 tempore

135 584 483 634 grammaticorum
515 582 603 631 fuit,
634 582 797 621 Verrius
829 584 1004 633 Flaccus,
1039 585 1085 623 de
1118 587 1226 624 cuius
1259 588 1343 625 vita
1375 589 1413 625 et
1442 589 1556 626 rebus
1590 602 1688 637 quae

135 642 260 680 tradit
285 641 495 680 Suetonius
528 642 597 690 qui
628 642 732 679 inter
762 642 936 681 illustres
969 657 1057 681 eum
1088 645 1324 693 professores
1357 641 1406 698 (c.
1430 642 1501 699 17)
1531 649 1690 697 recepit,

135 702 231 739 olim
260 700 479 751 disceptavi
503 701 546 738 in
571 713 742 750 prooem.
770 713 802 739 a.
834 700 962 752 1877s
970 703 1034 750 78,
1066 715 1190 751 neque
1216 704 1262 741 de
1288 705 1336 742 iis
1364 706 1566 743 sententiis
1594 718 1689 754 quas

137 762 223 798 tum
254 760 421 810 probavi
452 761 491 797 et
522 759 700 797 stabilire
732 760 867 798 studui
898 760 1071 799 discessi.
1111 761 1185 800 Sed
1215 762 1288 800 hoc
1319 775 1420 800 nunc
1460 775 1537 801 non
1574 776 1690 814 agenâ€”

135 819 230 857 dum
261 820 330 857 est.
357 818 505 856 Verum
537 819 631 867 quia
661 820 703 856 in
736 819 880 871 grandi
911 832 1037 869 opere,
1070 833 1146 869 quo
1172 822 1389 870 priscorum
1414 822 1692 860 vocabulorum

134 891 249 916 usum
281 879 320 916 et
351 889 507 916 8011811111
536 878 879 928 interpretandum
910 879 986 917 sibi
1017 880 1194 929 sumpsit,
1227 892 1304 917 non
1333 881 1514 931 exiguam
1539 883 1691 930 partem

133 937 256 975 Ennii
287 937 526 975 carminibus
557 932 717 985 tribuit,
756 950 834 986 qua
870 939 1024 976 ratione
1061 938 1103 975 id
1139 939 1358 976 instituerit
1394 941 1433 976 et
1470 939 1564 989 quid
1600 940 1690 977 inde

134 995 414 1034 redundaverit
445 996 495 1033 ad
528 996 835 1035 conservandam
859 997 980 1034 Ennii
1010 998 1149 1047 poetae
1175 999 1403 1035 memoriam
1429 999 1690 1046 quaerendum

137 1057 205 1094 est.
244 1055 330 1093 Hoc
362 1067 459 1104 opus
492 1054 624 1093 Verrii
657 1057 844 1104 quoniam
874 1069 952 1094 non
987 1057 1185 1107 integrum
1223 1057 1278 1094 sic
1314 1058 1359 1094 ut
1397 1069 1441 1095 ex
1478 1057 1690 1096 conditoris

135 1127 254 1153 11101111
285 1115 426 1152 exierit
457 1113 506 1152 ad
538 1126 608 1153 1108
640 1116 820 1165 pervenit
851 1115 918 1153 sed
952 1116 1035 1154 01118
1073 1116 1246 1165 epitoma
1282 1117 1438 1153 tantum
1475 1118 1514 1153 et
1551 1116 1691 1165 duplex

136 1173 296 1223 quidem
327 1186 350 1211 a
382 1173 532 1211 duobus
563 1173 788 1212 hominibus
821 1175 950 1213 nescio
985 1187 1103 1223 quam
1135 1175 1259 1213 doctis
1291 1176 1330 1212 et
1364 1175 1501 1224 peritis
1539 1174 1691 1212 diverso

134 1235 311 1282 tempore
350 1234 389 1270 et
420 1231 644 1282 disparibus
677 1234 851 1271 consiliis
883 1234 1001 1283 facta,
1033 1235 1072 1272 et
1104 1246 1238 1271 earum
1270 1245 1368 1282 (11100
1398 1234 1597 1282 antiquior
1622 1236 1693 1281 est,

134 1305 182 1329 ne
209 1303 255 1329 ea
280 1291 440 1340 quidem
465 1291 542 1329 nisi
567 1304 655 1329 cum
679 1292 834 1343 ingenti
857 1292 1011 1331 iactura
1035 1292 1186 1330 infelici
1211 1304 1302 1330 casu
1321 1293 1426 1330 facta
1447 1291 1496 1329 ad
1516 1294 1689 1330 nostram

134 1351 365 1388 memoriam
389 1352 611 1401 propagata
632 1352 702 1400 est,
729 1354 895 1401 apparet
914 1353 1065 1401 quanta
1084 1351 1319 1389 difficultate
1339 1351 1517 1389 laborare
1537 1363 1690 1389 11000880

136 1409 188 1447 sit
213 1422 302 1447 eum
328 1409 396 1459 qui
421 1422 467 1448 ex
492 1410 552 1447 his
580 1409 755 1448 deductis
781 1411 875 1450 rivis
903 1423 1019 1460 saepe
1044 1410 1396 1448 intermittentibus
1416 1422 1486 1447 nec
1505 1422 1691 1459 umquam

136 1468 233 1506 satis
259 1468 445 1507 uberibus
471 1468 600 1518 ipsum
626 1471 746 1519 caput
772 1472 812 1508 et
836 1470 922 1508 fons
949 1470 1066 1519 quale
1086 1469 1208 1507 fuerit
1228 1468 1448 1518 quaerendo
1468 1481 1690 1518 repraesen-

135 1529 221 1565 tare
253 1527 461 1566 studuerit.
501 1528 577 1566 Sed
609 1541 655 1566 ea
689 1529 943 1580 investigatio
976 1541 1092 1578 saepe
1124 1528 1261 1566 multis
1293 1528 1463 1579 agitata,
1493 1529 1690 1577 postremo

135 1586 241 1635 quod
272 1586 393 1624 sciam
425 1599 448 1624 a
479 1586 589 1625 Rich.
614 1587 921 1627 Reitzensteinio
955 1584 1253 1637 quaestionibus
1278 1587 1479 1625 Verrianis
1515 1599 1548 1624 a.
1578 1587 1686 1624 1887

134 1644 402 1683 Vratislaviae
430 1645 545 1684 editis
571 1659 660 1684 cum
684 1659 872 1697 prospero
893 1659 1074 1685 successu
1093 1647 1143 1684 ad
1162 1646 1279 1684 finem
1299 1645 1494 1696 quendam
1513 1645 1692 1692 deducta,

136 1716 159 1742 a
184 1716 271 1742 meo
297 1704 482 1743 instituto
509 1705 639 1743 aliena
665 1707 734 1755 est,
762 1706 831 1755 qui
856 1706 929 1744 hoc
953 1708 1112 1744 tantum
1138 1718 1212 1756 ago
1238 1707 1284 1743 ut
1315 1706 1463 1755 quanta
1487 1716 1580 1754 pars
1608 1717 1691 1742 ver-

137 1775 250 1801 suum
275 1763 547 1802 Ennianorum
572 1764 614 1801 in
639 1765 718 1803 ista
742 1765 890 1815 duplici
916 1778 1036 1815 quam
1061 1764 1142 1802 dixi
1164 1764 1337 1814 epitoma
1357 1764 1513 1802 servata
1532 1763 1584 1801 sit
1604 1763 1690 1800 edo-

136 1834 245 1860 ceam
276 1823 492 1872 modosque
525 1823 665 1873 quibus
696 1825 763 1873 qui
796 1826 952 1863 exstant
982 1824 1191 1874 perscripti
1216 1824 1313 1872 sint,
1344 1824 1390 1860 ut
1421 1835 1508 1860 011111
1538 1822 1612 1859 fide
1645 1822 1692 1859 iis

136 1883 267 1930 utare,
298 1894 535 1932 proponam,
573 1879 692 1920 simul
717 1883 790 1921 1100
815 1885 990 1932 secutus,
1022 1885 1214 1933 quantum
1246 1882 1329 1920 eius
1361 1881 1445 1919 fieri
1476 1882 1617 1931 potest,
1649 1883 1693 1918 ut

137 1953 238 1990 quae
263 1940 366 1979 ratio
391 1941 433 1978 in
465 1941 514 1980 iis
547 1942 754 1980 afferendis
780 1942 909 1980 Verrii
942 1943 1064 1992 ipsius
1095 1941 1218 1979 fuerit
1248 1941 1506 1991 intelligatur.
1538 1940 1584 1977 In
1616 1951 1693 1988 qua

136 2013 176 2037 re
202 2013 250 2037 ne
276 2000 367 2049 quis
393 1997 566 2051 obiiciat,
592 2001 633 2038 in
658 2001 775 2039 unius
800 2003 941 2051 poetae
967 2001 1157 2050 reliquiis,
1184 2013 1272 2038 cum
1291 1999 1452 2038 Verrius
1478 2000 1539 2036 tot
1557 2000 1692 2047 poeta-

135 2072 223 2096 rum
250 2058 562 2109 scriptorumque
587 2062 842 2098 monumenta
868 2061 1092 2107 excusserit,
1117 2059 1215 2096 nihil
1241 2058 1339 2096 utile
1364 2069 1477 2107 posse
1500 2056 1692 2107 indagari,

134 2118 207 2155 hoc
238 2118 338 2167 dico,
368 2118 508 2156 Verrio
540 2118 787 2168 singulorum
818 2120 1053 2168 scriptorum
1083 2117 1204 2155 libros
1237 2130 1307 2166 per
1338 2128 1378 2154 se
1409 2115 1690 2165 perquirendos

136 2178 175 2215 et
208 2189 310 2226 quae
342 2189 388 2214 ex
419 2176 559 2226 quovis
591 2178 761 2226 repetita
793 2178 922 2215 essent
953 2176 1166 2226 separatim
1197 2176 1237 2212 in
1269 2175 1445 2213 ordinem
1480 2173 1692 2224 redigenda

134 2235 266 2283 fuisse,
298 2248 425 2284 neque
451 2247 605 2273 necesse
644 2248 726 2273 esse
760 2235 841 2274 eius
873 2248 1021 2273 morem
1052 2235 1291 2283 modumque
1316 2234 1357 2271 in
1387 2232 1566 2271 omnibus
1599 2245 1691 2270 eun-

137 2294 226 2332 dem
244 2294 379 2332 fuisse.
405 2294 490 2332 Hoc
510 2293 635 2345 igitur
655 2294 887 2361 obtinemus,
912 2294 1097 2332 Verrium
1115 2293 1300 2332 Flaccum
1319 2292 1449 2358 ipsum
1469 2291 1589 2329 Ennii
1608 2304 1690 2329 car-

134 2353 242 2391 mina
273 2353 488 2402 inspexisse
522 2355 561 2391 et
593 2366 693 2403 quae
724 2353 815 2391 usui
847 2354 977 2391 essent
1008 2366 1053 2390 ex
1091 2352 1139 2390 iis
1172 2351 1420 2401 excerpsisse,
1452 2362 1691 2400 quamquam

135 2412 240 2450 idem
254 2412 375 2450 etiam
385 2412 702 2460 ylossematorum
714 2414 916 2461 scriptores
929 2407 986 2465 (p.
1002 2413 1098 2460 170
1114 2405 1251 2464 8Th.),
1265 2422 1362 2460 (11108
1375 2410 1501 2447 Varro
1522 2421 1692 2459 quoque,

137 2473 176 2509 et
206 2470 364 2510 Ateium
394 2471 635 2520 philoloqum
671 2473 714 2510 in
745 2472 842 2510 libro
875 2472 1191 2520 ylossematorum
1223 2464 1278 2522 (p.
1308 2470 1407 2518 196,
1437 2463 1510 2521 18)
1543 2468 1691 2506 citavit

135 2529 275 2579 Itaque
301 2530 356 2568 sic
382 2542 555 2580 agemus,
579 2532 624 2568 ut
648 2531 819 2580 primum
838 2530 1000 2568 Festum
1026 2529 1222 2577 adeamus,
1249 2529 1318 2578 qui
1345 2540 1463 2593 quam
1489 2540 1535 2564 ex
1553 2526 1690 2564 Verrio

137 2589 351 2638 epitomam
377 2584 564 2642 (secundo
590 2590 654 2628 vel
685 2590 802 2628 tertio
828 2602 865 2638 p.
887 2588 975 2627 Chr.
996 2583 1171 2641 80001110)
1204 2587 1382 2635 confecit,
1414 2586 1497 2624 eius
1528 2597 1619 2634 pars
1650 2584 1689 2621 in

137 2647 267 2686 codice
291 2647 532 2686 Farnesiano
559 2650 697 2697 exstat,
724 2649 849 2686 altera
874 2647 949 2685 nisi
976 2660 1022 2685 ex
1047 2646 1285 2712 apographis
1311 2646 1513 2684 doctorum
1532 2643 1593 2682 edi
1612 2655 1690 2680 non

136 2706 280 2756 potuit,
306 2720 407 2756 quae
434 2703 669 2755 differentia,
694 2719 815 2756 quam
840 2719 942 2745 nunc
967 2719 1046 2744 non
1070 2705 1353 2756 persequimur,
1377 2714 1592 2751 numquam
1612 2713 1689 2738 non

138 2766 378 2804 attendenda
404 2767 474 2814 est,
501 2766 639 2804 deinde
665 2778 767 2815 quae
793 2765 940 2804 Paulus
967 2778 1013 2803 ex
1038 2765 1155 2803 Festo
1185 2763 1375 2812 excerpsit
1402 2757 1517 2814 (saec.
1543 2773 1580 2809 p
1601 2758 1690 2796 Chi.

137 2820 228 2877 vm)
254 2826 338 2862 tam
362 2824 417 2862 ibi
444 2822 514 2862 ubi
538 2826 700 2863 Festum
726 2824 940 2862 comitatur
968 2836 1089 2874 quam
1121 2822 1191 2861 ubi
1221 2822 1331 2860 nulla
1360 2819 1557 2870 particula
1581 2817 1688 2854 Festi

138 2885 317 2932 superest
342 2884 602 2933 consulamus,
629 2897 675 2922 ex
699 2884 779 2921 11118
804 2885 852 2921 ut
876 2883 1120 2932 percipiatur
1146 2881 1279 2930 qualia
1306 2882 1344 2918 et
1370 2878 1476 2916 cuius
1496 2887 1589 2914 usus
1609 2871 1689 2913 sint

137 2941 234 2980 haec
259 2955 362 2991 quae
388 2943 471 2980 eius
496 2943 571 2980 fide
594 2914 682 2981 â·sola
706 2942 895 2980 nitantur.

212 3013 363 3040 ENNIUS
383 3015 428 3041 ed.
448 3015 575 3041 Vahlen.
1458 3011 1478 3035 Î¸
