2020 3334
331 181 484 217 XXXVI
887 181 913 216 I.
939 180 1167 217 HISTORIA
1192 180 1329 216 ENNII

332 293 397 343 [id
434 294 627 333 diciturne
653 294 701 331 ab
733 293 927 341 suffieudo
951 293 1236 341 subliqaculum
1244 288 1333 347 .9]³²‘)
1366 292 1474 338 Quae
1504 307 1583 333 non
1614 294 1743 333 aliena
1773 306 1893 333 manu

332 355 467 391 assuta
498 352 564 390 sed
597 365 621 389 a
645 351 823 390 Varrone
853 352 939 401 ipso
972 351 1252 390 admonitionis
1284 364 1402 391 causa
1434 352 1633 403 adscripta
1657 353 1891 404 putaverim.

336 411 412 449 Sed
448 412 522 450 hoc
559 412 650 449 utut
687 412 763 460 est,
802 413 906 449 certe
943 423 1022 448 non
1059 410 1260 449 difficilius
1298 424 1418 460 quam
1456 425 1501 450 ex
1536 412 1732 452 Pacuvius
1769 414 1894 452 Pacui

332 471 442 509 Enni
465 470 692 508 restituitur
716 482 762 508 ex
794 471 964 519 Ermius,
997 472 1037 509 et
1060 470 1280 509 fortassean
1307 471 1528 520 exemplum
1553 472 1605 509 sit
1628 473 1671 509 in
1695 474 1893 522 promptu,

331 531 365 568 si
402 529 560 579 quidem
591 542 649 568 vn
675 530 731 568 60
768 542 872 578 quae
909 529 1011 568 falso
1049 530 1197 579 scripta
1230 531 1322 568 sunt
1358 530 1427 568 hoc
1457 530 1589 569 eadem
1620 533 1674 569 est
1702 532 1746 569 iu
1776 531 1894 570 corol-

331 589 436 627 laria
472 588 625 627 Neuius
668 590 723 627 sic
767 589 966 627 emendari
1006 588 1192 627 videntur
1227 590 1293 628 hec
1332 589 1464 627 eadem
1504 592 1558 628 est
1592 590 1636 628 iu
1675 589 1894 629 Corollaria

331 647 437 686 Neui
477 642 648 701 (dividia
685 647 852 699 scilicet,
890 648 937 686 de
970 660 1047 697 qua
1088 642 1252 701 agitur).
1289 647 1430 698 Itaque
1467 650 1513 686 ut
1549 647 1813 699 Agamemno,
1849 651 1894 686 ut

331 706 593 756 Andromeda,
625 708 670 745 ut
699 707 848 758 Medea,
881 708 936 745 sic
970 719 1084 756 nunc,
1116 706 1444 756 quemadmodum
1474 708 1598 746 Pacui
1621 710 1771 755 pastor,
1799 709 1895 746 item

333 766 445 804 Enni
480 765 590 805 Aiax
626 766 788 817 dicitur,
830 768 877 804 ut
913 778 1081 816 persona
1117 766 1278 805 fabulae
1316 766 1567 817 significetur.
1614 767 1738 812 Quem
1780 779 1895 805 usum

334 826 550 874 sequuntur
588 827 627 864 et
662 826 736 863 hoc
772 826 858 876 ipso
896 826 981 864 loco
1016 825 1136 863 verba
1166 827 1210 864 iu
1240 826 1367 864 Bruto
1401 826 1529 864 Cassii
1559 826 1660 874 quod
1690 827 1784 865 dicit
1812 826 1896 864 Lu-

332 885 450 923 cretia
481 886 520 922 et
551 884 656 934 quod
686 884 836 935 legitur
860 897 918 923 vn
944 886 967 923 3
1005 886 1147 923 Jeucer
1177 885 1299 930 Livii,
1331 898 1376 923 ex
1409 885 1599 923 Ennianis
1632 886 1895 933 Epicharmus

333 944 460 982 Esmiii
490 956 517 982 v
544 944 617 991 68,
655 943 702 981 de
740 956 817 993 quo
855 956 945 982 mox
976 943 1115 982 dicam.
1159 943 1269 982 Neve
1307 945 1394 993 quis
1432 945 1599 982 miretur
1630 946 1702 982 aut
1734 944 1895 982 obiiciat

334 1002 438 1051 quod
477 1015 582 1041 nunc
614 1016 692 1041 non
722 1002 831 1041 Aiax
861 1004 1005 1048 Ermii,
1042 1005 1087 1041 ut
1121 1004 1262 1042 Teucer
1292 1004 1420 1048 Livii,
1457 1004 1721 1051 Epicharmus
1758 1004 1896 1048 Ennii,

334 1062 460 1100 Bruto
489 1061 629 1107 Cassii,
664 1061 883 1101 Corollaria
907 1063 1039 1101 Naeui
1064 1062 1219 1111 dicitur,
1245 1062 1312 1100 sed
1337 1063 1448 1101 Enni
1472 1062 1591 1107 Aiax,
1622 1063 1695 1101 hoc
1719 1062 1776 1111 fit,
1802 1062 1896 1112 quia

332 1122 546 1171 praecessit
575 1122 700 1160 Pacui
722 1124 873 1169 pastor,
912 1123 951 1160 et
981 1122 1056 1159 hoc
1086 1121 1228 1159 maluit
1259 1134 1379 1171 quam
1409 1121 1619 1170 inversum,
1659 1121 1753 1171 quia
1782 1134 1895 1172 prae-

336 1181 506 1218 cesserat
530 1181 705 1219 Plautus.
740 1179 796 1218 Of.
823 1193 881 1219 vn
902 1182 968 1218 28.
1001 1180 1060 1218 De
1086 1180 1215 1219 verbis
1242 1182 1375 1219 autem
1399 1180 1495 1230 ipsis
1514 1180 1649 1219 Aiacis
1675 1193 1806 1219 secum
1831 1180 1894 1218 de-

335 1239 540 1278 liberantis
566 1239 710 1277 mirum
742 1241 801 1278 est
832 1238 1078 1278 doctissimos
1110 1239 1215 1278 viros
1246 1252 1324 1278 non
1357 1239 1544 1288 desinere,
1575 1242 1621 1278 ut
1650 1252 1807 1278 versum
1838 1240 1897 1277 fa-

334 1299 452 1347 ciant,
479 1299 770 1348 apertissimam
797 1300 836 1337 et
862 1299 1108 1348 aptissimam
1128 1300 1364 1337 sententiam
1385 1299 1610 1349 depravare.
1638 1299 1715 1337 Ter
1733 1299 1897 1336 affertur

335 1371 358 1396 a
390 1357 568 1396 Varrone
599 1370 746 1406 versus,
778 1359 818 1396 et
847 1358 921 1397 hoc
952 1358 1050 1406 loco,
1081 1358 1184 1396 unde
1214 1358 1414 1408 profectus
1445 1370 1543 1407 sum,
1575 1359 1614 1395 et
1638 1371 1680 1397 v1
1701 1359 1752 1396 81
1785 1369 1896 1396 cerno

332 1417 434 1455 idem
461 1417 582 1463 valet;
607 1419 736 1465 itaque
754 1428 830 1466 pro
856 1407 964 1456 video
990 1418 1047 1455 ait
1065 1418 1244 1456 Ennius:
1270 1414 1414 1456 ‘lumen
1438 1418 1602 1456 iubarue
1626 1418 1670 1456 iu
1692 1417 1794 1456 caelo
1820 1429 1897 1455 cer-

332 1473 421 1522 uo’‚·
453 1477 492 1514 et
516 1489 573 1515 vn
595 1478 617 1514 7
624 1477 646 1514 6
681 1476 749 1514 ubi
773 1476 971 1515 lemmatis
1002 1477 1087 1515 loco
1114 1471 1225 1529 (nam
1249 1477 1359 1525 prior
1383 1476 1580 1515 sententia
1603 1477 1721 1525 plane
1747 1477 1806 1514 est
1831 1476 1898 1514 ab·

336 1530 485 1588 soluta)
514 1536 611 1574 haec
635 1535 960 1585 praescribuntur
985 1548 1084 1584 quae
1111 1536 1292 1585 deinceps
1319 1536 1564 1586 explicentur
1589 1537 1774 1574 consueto
1803 1535 1897 1574 Var-

333 1595 440 1632 ronis
460 1606 586 1633 more:
613 1591 800 1643 ‘Aliquod
818 1595 949 1633 lumen
966 1596 1131 1633 iubarue
1149 1596 1192 1633 iu
1211 1595 1314 1633 caelo
1333 1591 1472 1634 cerua’
1492 1596 1609 1633 iubar
1627 1595 1770 1633 dicitur
1787 1595 1897 1633 stella

334 1654 472 1702 lucifer
503 1665 620 1702 quase
650 1655 694 1692 iu
723 1665 873 1691 summo
904 1654 1005 1702 quod
1035 1654 1146 1692 habet
1170 1654 1299 1692 lumen
1324 1655 1512 1702 diffusum
1542 1656 1586 1691 ut
1614 1654 1670 1692 leo
1700 1655 1745 1692 iu
1775 1655 1898 1701 capue

333 1714 478 1751 iubam.
516 1713 651 1752 Huius
682 1715 788 1751 ortus
814 1712 1011 1761 siquifiical
1040 1714 1190 1751 circiter
1220 1724 1299 1752 esse
1329 1715 1536 1751 extremam
1565 1715 1721 1751 noctem.
1759 1713 1898 1760 Itaque

335 1773 392 1810 ait
420 1773 612 1810 Pacuius:
644 1769 785 1811 ‘exorto
816 1773 953 1811 iubare
982 1773 1103 1811 noctis
1134 1772 1292 1811 decurso
1316 1769 1477 1810 itinere?
1511 1772 1587 1810 Ter
1610 1772 1735 1823 igitur
1762 1771 1898 1809 lauda-

334 1833 401 1869 tur
427 1831 532 1869 idem
563 1843 698 1870 versus
730 1832 842 1869 nulla
872 1831 1083 1880 varietate,
1120 1831 1197 1869 nisi
1230 1831 1334 1881 quod
1365 1831 1439 1869 hoc
1469 1831 1588 1869 tertio
1619 1830 1705 1870 loco
1740 1831 1898 1879 aliquod

337 1891 512 1938 accessit,
544 1890 649 1940 quod
681 1890 775 1940 quia
806 1890 856 1929 ad
888 1890 1124 1929 sententiam
1155 1890 1417 1929 necessarium
1454 1903 1533 1929 non
1564 1891 1659 1939 erat,
1691 1889 1771 1928 illis
1803 1889 1896 1928 duo-

335 1950 408 1988 bus
433 1950 528 1988 locis
555 1950 745 1989 omissum
770 1952 841 1998 est,
866 1950 933 1988 sed
959 1951 1116 2001 egregie
1141 1950 1304 1988 adiuvat
1330 1950 1558 1988 orationem.
1591 1948 1655 1987 Sic
1682 1949 1786 1987 enim
1805 1949 1898 1997 fere,

335 2011 383 2047 ut
412 2008 685 2060 Agamemnon
710 2010 751 2047 in
783 2009 992 2060 Iphigenia
1024 2009 1126 2058 Quid
1163 2010 1285 2048 noctis
1314 2009 1494 2048 videtur?
1522 2021 1601 2058 eqs,
1634 2008 1735 2046 Aiax
1767 2021 1898 2047 secum

336 2068 526 2118 loquitur,
557 2070 603 2106 ut
626 2069 695 2106 ubi
721 2068 882 2118 aliquod
907 2069 1039 2106 lumen
1066 2070 1230 2117 aspexit,
1257 2070 1380 2107 semet
1404 2069 1622 2118 interroget
1647 2068 1748 2106 sitne
1772 2067 1897 2116 iubar,

339 2127 434 2177 quia
460 2136 505 2166 eo
532 2129 666 2166 exorto
691 2129 847 2166 noctem
873 2129 1085 2166 extremam
1113 2140 1194 2166 esse
1215 2129 1364 2166 certum
1385 2130 1482 2175 erat,
1507 2129 1546 2165 et
1564 2127 1637 2165 hoc
1655 2128 1899 2166 momentum

337 2186 482 2225 habere
501 2187 542 2224 in
562 2186 695 2226 Aiacis
715 2187 916 2225 nocturnis
938 2187 1111 2225 consiliis
1130 2187 1298 2237 poterat.
1318 2186 1460 2236 Itaque
1479 2186 1576 2224 dicit
1595 2186 1752 2234 aliquod
1771 2186 1899 2224 lumea

338 2257 449 2284 cerno
470 2240 525 2298 (h.
546 2259 576 2284 e.
598 2247 727 2285 nescio
749 2246 854 2295 quod
872 2246 1005 2284 lumen
1025 2241 1171 2299 cerno),
1192 2246 1259 2285 sed
1279 2247 1324 2284 ut
1341 2246 1694 2296 interrogationem
1708 2245 1900 2284 iubarue?

339 2304 511 2343 mediam
542 2306 771 2356 interponat
802 2319 846 2344 eo
876 2317 982 2344 more
1008 2318 1124 2355 quem
1150 2305 1246 2343 alibi
1270 2305 1449 2355 pluribus
1476 2304 1685 2343 declaravi.
1729 2305 1781 2342 Et
1807 2304 1900 2354 quia

338 2364 411 2402 hoc
436 2365 519 2402 tam
551 2366 689 2414 aptum
721 2366 807 2402 erat
836 2366 878 2402 in
909 2364 1043 2404 Aiacis
1074 2364 1188 2402 rebus
1227 2377 1345 2414 quam
1376 2363 1476 2402 illud
1507 2364 1549 2401 in
1580 2363 1900 2414 Agamemnonis,

341 2423 468 2461 Varro
506 2424 650 2462 maluit
686 2436 873 2474 personas
912 2424 1117 2473 loquentes
1150 2424 1304 2472 afferre,
1342 2435 1419 2461 non
1455 2434 1563 2461 secus
1596 2424 1716 2471 atque
1747 2421 1900 2459 Andro-

339 2482 495 2520 medam
533 2485 572 2521 et
602 2483 827 2521 Lucretiam
864 2483 1068 2533 loquentes
1106 2483 1249 2521 maluit
1286 2495 1404 2532 quam
1442 2483 1512 2520 aut
1547 2481 1793 2531 tragoediam
1831 2482 1901 2519 aut

339 2542 499 2591 poetam
529 2542 701 2580 laudare.

461 2600 561 2639 Sunt
592 2601 752 2650 quidam
784 2613 918 2640 versus
950 2602 1093 2640 scenici
1125 2613 1221 2651 quos
1255 2602 1422 2639 metrum
1462 2599 1722 2648 demonstrat,
1759 2599 1899 2649 quibus

342 2660 461 2698 Ennii
485 2673 627 2698 nomen
652 2660 868 2711 praefixum
893 2661 1085 2711 originem
1110 2660 1271 2708 indicat,
1297 2660 1363 2699 sed
1388 2659 1529 2709 quibus
1554 2659 1683 2698 locum
1705 2659 1746 2696 in
1764 2659 1900 2697 fabula

460 2809 490 2853 ⁸)
516 2810 556 2844 id
580 2808 616 2844 h.
637 2819 667 2843 e.
693 2809 917 2854 suffibulum,
945 2809 1045 2853 quod
1071 2809 1275 2854 praecessit
1299 2808 1359 2854 (cf.
1382 2807 1454 2843 Cic.
1478 2807 1524 2842 de
1542 2807 1639 2852 legg.
1660 2820 1688 2841 11
1710 2811 1740 2852 1,
1757 2809 1800 2853 1).
1821 2806 1900 2842 Hoc

343 2855 442 2890 enim
468 2855 602 2891 voluit:
630 2855 893 2891 suffibulumne
912 2867 935 2891 a
955 2856 1136 2891 suffiendo
1160 2855 1434 2902 subligaculum
1454 2854 1602 2898 dicitur,
1627 2855 1721 2890 wird
1739 2855 1805 2890 mit
1823 2855 1900 2898 suf-

342 2903 506 2947 fibulum,
531 2904 599 2939 das
624 2915 648 2939 a
672 2904 852 2947 suffieudo
878 2905 1037 2939 bcuarmt
1062 2904 1120 2947 ist,
1145 2905 1213 2939 das
1237 2903 1502 2950 subliqaculum
1529 2901 1749 2937 bezev'chuet?
