2054 3282
305 206 390 248 206
796 196 1092 233 SATURARUM
1117 195 1205 230 LIB.
1226 194 1287 229 IV.
1302 193 1353 229 VI

783 361 1141 407 SATURARUM
1172 361 1280 404 LIB.
1308 360 1372 403 IV

307 488 359 529 12
670 497 805 537 neque
831 481 901 523 ille
925 481 1047 523 triste
1074 480 1287 535 quaeritat
1312 480 1451 534 sinapi

420 555 568 609 Neque
595 568 719 608 caepe
745 555 953 594 maestum

783 732 1143 777 SATURARUM
1177 732 1284 776 LIB.
1310 733 1372 776 VI

306 858 359 898 14
421 855 585 910 Quippe
617 854 705 896 sine
738 867 837 895 cura
867 852 1003 894 laetus
1035 852 1177 894 lautus
1210 867 1306 894 cum
1342 853 1515 895 advenis

417 926 587 968 Infertis
619 924 754 979 malis,
787 924 984 978 expedito
1017 923 1228 978 bracchio,

304 999 356 1040 16
419 997 571 1038 Alacer
602 995 749 1049 celsus,
781 995 928 1050 lupino
960 998 1175 1049 expectans
1196 996 1359 1049 impetu,

418 1161 502 1195 LIB.
518 1160 568 1194 IV
582 1162 654 1205 (12)
686 1159 896 1194 Macrobius
911 1158 986 1193 Sat.
999 1172 1035 1194 v1
1050 1163 1081 1202 5,
1091 1163 1112 1194 5
1128 1159 1265 1194 ‘tristis
1285 1171 1352 1204 pro
1366 1170 1491 1195 amaro
1505 1160 1703 1196 translatio
1719 1161 1855 1195 decens

301 1218 366 1257 est,
386 1217 428 1248 ut
448 1213 661 1257 «tristisque
680 1212 824 1257 lupini»
845 1212 967 1257 (Verg.
990 1223 1114 1258 georg.
1137 1226 1149 1247 1
1171 1214 1238 1258 75).
1261 1215 1298 1248 et
1317 1213 1372 1248 ita
1390 1213 1532 1248 Ennius
1553 1214 1675 1259 (8zita
1700 1214 1864 1248 ennius

299 1269 445 1313 praeter
473 1267 490 1300 s
514 1266 552 1300 in
577 1277 646 1300 ras.
665 1265 762 1310 Par.)
781 1265 821 1300 in
845 1265 941 1300 libro
965 1266 1182 1301 sabinarum
1204 1268 1481 1312 (saturarum
1507 1266 1699 1312 Columna)
1726 1269 1859 1312 quarto

300 1331 441 1365 «neque
466 1321 565 1355 truste
590 1320 772 1364 quaeritat
790 1320 916 1364 sinapi
934 1331 968 1353 n.
988 1330 1078 1365 cepe
1096 1320 1330 1356 maestum»)
1454 1320 1600 1355 Servius
1620 1321 1801 1356 Lemovic.
1819 1321 1859 1354 in

299 1386 421 1420 georg.
438 1387 449 1407 1
465 1377 507 1407 75
521 1385 556 1418 p.
574 1376 652 1415 151,
666 1376 709 1406 15
723 1372 819 1407 Thil.
838 1372 1050 1418 ‘tristisque
1063 1373 1200 1418 lupini:
1219 1373 1348 1416 amari,
1363 1384 1446 1408 cum
1461 1375 1565 1419 (quo
1586 1374 1680 1419 cod.)
1694 1373 1734 1408 in
1747 1375 1859 1419 gustu

299 1428 540 1474 (evanuerunt
559 1427 641 1461 octo
658 1426 735 1460 fere
754 1425 919 1461 litterae:
947 1426 1009 1461 sit
1034 1437 1231 1461 amarum
1256 1426 1404 1472 Daniel)
1420 1426 1543 1462 triste:
1565 1428 1683 1472 (nam
1707 1427 1859 1462 incoc-

298 1483 368 1515 tus
395 1491 570 1515 amarus
596 1481 664 1514 est
688 1479 783 1514 falso
804 1479 948 1525 addita)
968 1479 1109 1514 Ennius
1129 1490 1273 1525 «neque
1292 1481 1334 1515 ill
1355 1509 1361 1514 .
1379 1509 1385 1514 .
1403 1509 1409 1514 .
1427 1508 1433 1514 .
1455 1484 1487 1515 te
1506 1481 1642 1525 quaeri.
1664 1481 1714 1516 ad
1737 1481 1857 1525 sinap.

299 1535 366 1580 (ita
386 1534 529 1579 cod.)».’
647 1532 699 1568 Cf.
715 1532 751 1568 C.
768 1532 823 1567 Gl.
840 1533 878 1567 L.
893 1546 931 1568 1v
943 1545 979 1578 p.
994 1536 1073 1576 186,
1088 1536 1132 1567 32
1149 1532 1283 1568 ‘tristis
1305 1534 1479 1568 amarus?

410 1616 496 1651 LIB.
518 1616 569 1651 VI
588 1618 660 1662 (14)
699 1616 866 1651 Donatus
886 1616 926 1651 in
945 1616 1024 1650 Ter.
1040 1616 1185 1652 Phorm.
1201 1630 1229 1651 11
1249 1620 1280 1660 2,
1296 1620 1340 1651 25
1357 1617 1463 1652 ‘tene
1483 1616 1716 1662 asymbolum
1735 1617 1859 1651 venire

298 1672 450 1706 unctum
464 1671 577 1714 atque
589 1669 735 1704 lautum
748 1680 768 1704 e
781 1669 926 1704 balneis
935 1670 1108 1714 (otiosum
1122 1670 1169 1704 ab
1184 1670 1319 1713 animo,
1331 1681 1414 1705 cum
1428 1670 1493 1705 ille
1506 1672 1545 1705 et
1558 1681 1646 1705 cura
1659 1672 1697 1705 et
1709 1671 1859 1715 sumptu

299 1724 514 1759 absumitur.
537 1723 626 1757 dum
644 1722 716 1758 tibi
735 1722 778 1758 fit
797 1723 896 1768 quod
915 1722 1075 1768 placeat,
1095 1723 1160 1758 ille
1179 1723 1350 1769 ringitur,
1371 1725 1413 1758 tu
1432 1723 1586 1769 rideas):
1606 1723 1699 1758 haec
1718 1734 1792 1758 non
1812 1723 1868 1758 ab·

298 1777 523 1822 Apollodoro
536 1805 542 1810 .
553 1805 559 1811 .
571 1805 577 1811 .
588 1805 595 1811 .
606 1804 612 1811 .
624 1805 630 1811 .
645 1805 651 1811 .
666 1805 672 1811 .
687 1805 692 1811 .
708 1805 713 1811 .
726 1776 911 1811 translata
923 1778 1011 1811 sunt
1023 1777 1158 1812 omnia.
1168 1776 1331 1822 «quippe
1339 1778 1428 1822 (14).
1442 1806 1448 1811 .
1464 1805 1470 1811 .
1481 1777 1606 1812 ridens
1619 1787 1748 1812 voras»
1757 1777 1857 1822 (19).’

298 1830 498 1865 interstitio
518 1830 619 1874 quod
638 1829 845 1876 significavi
864 1829 951 1864 libri
969 1830 1063 1865 haec
1081 1830 1222 1865 habent
1241 1830 1317 1865 sed
1337 1831 1389 1865 de
1409 1841 1487 1865 cen
1503 1858 1509 1864 .
1525 1859 1531 1865 .
1549 1858 1556 1864 .
1573 1859 1579 1865 .
1595 1830 1679 1865 Vat.
1700 1830 1859 1865 redeas

298 1885 340 1918 In
358 1884 458 1918 Ricc.
479 1884 555 1918 ide
567 1895 613 1918 as
634 1883 748 1918 Oxon.
767 1883 844 1918 sed
864 1883 916 1917 de
936 1885 1062 1918 sexto
1083 1883 1195 1918 salis
1210 1912 1311 1918 .....
1327 1883 1428 1918 Leid.
1444 1883 1575 1920 Dresd.
1595 1884 1672 1918 sed
1692 1894 1711 1918 e
1732 1885 1857 1918 sexto

300 1937 413 1972 satis
433 1937 489 1972 ed.
504 1949 558 1982 pr.
571 1936 661 1971 Ven.
683 1937 759 1971 sed
779 1947 798 1971 e
819 1938 946 1972 sexta
971 1938 1229 1982 satyrarum
1255 1937 1390 1971 Ennii
1409 1939 1452 1972 ut
1470 1937 1616 1972 videtur
1636 1937 1856 1982 Stephanus.

298 1984 367 2025 His
390 1990 613 2025 testimoniis
638 1989 865 2035 intelligitur
883 2001 958 2025 non
977 1990 1087 2025 nimis
1108 1991 1208 2025 certo
1228 1990 1295 2026 hos
1315 2001 1440 2026 versus
1460 1991 1507 2025 de
1526 1992 1628 2025 sexto
1649 1992 1858 2025 saturarum

300 2044 410 2078 Ennii
430 2043 673 2079 circumferri:
694 2045 820 2079 tamen
834 2054 895 2079 eos
910 2055 975 2079 suo
989 2043 1070 2079 loco
1084 2043 1229 2089 reliqui,
1251 2054 1298 2079 ne
1316 2043 1413 2079 forte
1429 2044 1568 2079 frustra
1581 2045 1855 2089 quaererentur.

424 2216 475 2252 12
503 2216 570 2252 ille
596 2215 856 2254 Burmannus
980 2217 1031 2254 14
1055 2217 1138 2255 sine
1164 2229 1258 2254 cura
1276 2217 1429 2254 laetus:
1449 2217 1495 2263 cf.
1508 2217 1638 2264 praef.
1660 2217 1702 2254 in
1721 2216 1858 2254 Kochii

301 2271 468 2314 Senecae
480 2274 572 2313 dial.
585 2285 628 2322 p.
640 2287 666 2311 x
783 2278 800 2312 1
811 2276 835 2313 5
856 2275 1010 2313 infertis
1025 2270 1231 2328 (inferetis,
1245 2270 1440 2328 inferetis)
1454 2276 1488 2312 h.
1505 2287 1533 2314 e.
1547 2274 1730 2313 inanibus
1738 2288 1753 2321 ;
1771 2277 1815 2312 ut
1833 2286 1858 2313 a

300 2335 405 2372 facto
424 2333 591 2372 infectus
611 2335 666 2371 sic
685 2346 709 2371 a
729 2334 832 2372 farto
848 2334 1015 2373 insertae
1029 2335 1210 2373 (licuntur
1223 2346 1321 2382 quae
1333 2335 1460 2372 fartae
1479 2346 1557 2372 non
1575 2336 1681 2372 sunt:
1700 2334 1857 2372 insertis

300 2394 440 2432 Drescl.
455 2392 565 2431 Leid.
691 2393 742 2430 16
763 2393 906 2431 Alacer
924 2394 1048 2432 celsus
1067 2395 1110 2432 in
1122 2405 1289 2442 prooem.
1312 2403 1325 2429 1
1337 2391 1421 2430 880
1433 2405 1474 2441 p.
1497 2403 1546 2440 14
1567 2394 1616 2431 ab
1635 2394 1806 2432 oratione
1826 2395 1861 2431 et

300 2455 417 2491 metro
436 2453 634 2490 vindicare
652 2453 794 2495 studui,
819 2453 866 2499 ef.
886 2464 983 2491 scen.
1003 2463 1016 2488 1
1027 2463 1076 2501 9,·
1094 2464 1141 2491 ac
1158 2453 1252 2491 mihi
1271 2453 1397 2491 adhuc
1414 2453 1565 2491 videtur
1582 2452 1858 2491 mutationibus

301 2522 399 2560 quas
422 2512 534 2549 metri
558 2522 679 2550 eausa
704 2511 896 2550 adhibitas
920 2513 1002 2551 vidi
1022 2515 1055 2550 et
1073 2523 1209 2550 sensus
1228 2514 1262 2550 et
1279 2512 1466 2551 orat-ionis
1484 2514 1666 2550 venustas
1686 2513 1859 2560 graviter

301 2571 511 2618 depravari
520 2583 535 2617 ,·
553 2572 609 2608 sic
634 2571 733 2608 enim
757 2571 865 2608 video
891 2572 1072 2620 eoniunyi
1100 2572 1247 2609 alacres
1273 2573 1313 2609 et
1337 2572 1456 2609 erecti
1481 2565 1643 2623 (Seneca
1668 2571 1721 2609 ad
1744 2570 1856 2608 Helv.

303 2628 339 2679 8,
351 2640 372 2678 5
384 2644 397 2677 ,·
411 2630 463 2668 ad
476 2629 646 2667 Herenn.
661 2642 691 2666 11
711 2639 725 2665 1
735 2639 772 2678 9,
785 2623 856 2682 29)
866 2643 880 2676 ‚·
894 2630 1016 2668 alacri
1029 2631 1159 2668 anim0
1174 2632 1213 2668 et
1226 2632 1354 2668 erecto
1369 2625 1465 2683 (Cic.
1483 2629 1565 2669 Cat.
1578 2631 1669 2668 mai.
1684 2638 1749 2678 20,
1764 2638 1783 2676 7
1793 2624 1835 2681 5)
1845 2643 1860 2675 ,-

303 2693 336 2727 et
355 2702 399 2727 ex
417 2689 541 2727 altera
557 2691 674 2736 parte
698 2689 823 2727 celsus
843 2691 883 2726 et
901 2691 1051 2727 erectus
1071 2684 1168 2742 (Cic.
1186 2690 1296 2728 Tusc.
1314 2690 1411 2737 disp.
1426 2701 1452 2728 v
1472 2698 1534 2738 14,
1550 2698 1618 2735 42,
1637 2689 1744 2726 Plin.
1763 2701 1800 2726 n.
1820 2689 1855 2725 h.

302 2761 374 2788 vm
394 2742 465 2800 78)
475 2762 488 2794 ‚·
507 2748 668 2795 denique
687 2748 811 2786 celsus
837 2760 997 2798 corpore
1016 2749 1207 2798 vultuque
1226 2749 1330 2786 laeto
1345 2743 1451 2801 (Liv.
1466 2760 1546 2785 xxx
1563 2756 1630 2796 32,
1650 2744 1736 2797 11),·
1756 2759 1858 2785 erec-

302 2810 386 2845 tum
406 2809 446 2845 et
464 2807 610 2845 celsum
630 2807 751 2845 alacri
769 2809 809 2845 et
826 2809 1010 2857 prompto
1030 2820 1095 2848 ore
1115 2810 1234 2857 atque
1253 2808 1367 2846 vultu
1381 2802 1478 2860 (Cic.
1493 2808 1539 2844 de
1557 2818 1610 2844 or.
1625 2819 1640 2843 1
1658 2815 1724 2855 40,
1746 2801 1856 2858 184),

301 2869 345 2904 ut
366 2868 410 2904 in
433 2867 505 2904 hac
522 2867 681 2913 pictura
698 2868 871 2914 parasiti
894 2867 991 2905 nihil
1011 2867 1140 2914 aptius
1158 2878 1275 2914 quam
1300 2867 1430 2904 alacer
1448 2866 1572 2904 celsus
1590 2867 1763 2913 potuisse
1781 2866 1857 2902 diei

303 2926 395 2963 milei
407 2926 678 2971 persuadeam.
702 2926 764 2963 De
785 2925 959 2963 Bentleio
980 2926 1110 2964 eadem
1121 2927 1311 2973 probante
1330 2928 1365 2963 et
1387 2926 1447 2963 ln'e
1466 2927 1500 2962 et
1525 2934 1538 2960 1
1551 2933 1572 2971 5
1596 2925 1683 2962 vide
1701 2924 1857 2963 Deiatz-
