2004 3278
774 166 1080 206 CLAUDIANUS
1600 175 1712 210 CXXI

155 281 281 330 gitur3
313 280 381 329 qui
414 279 601 328 quoniam
627 279 747 318 Ennii
775 294 914 320 nomen
938 282 1101 331 habent,
1127 284 1243 333 plane
1269 286 1477 334 praeteriri
1502 299 1580 324 non
1605 290 1712 336 pote-

155 340 256 377 rant.
284 338 349 377 Sic
373 339 497 389 igitur
523 336 762 378 Claudianus
790 334 927 393 (xxm)
956 343 1097 380 cecinit
1121 344 1166 381 ut
1190 344 1343 383 illustre
1369 347 1469 383 esset
1494 347 1713 395 exemplum

155 410 248 437 suae
273 411 363 437 cum
389 397 605 436 Stilichone
630 398 917 438 familiaritatis
944 401 1183 440 coniunctae.

440 457 577 495 Maior
599 456 813 505 Scipiades,
839 459 955 497 Italis
980 461 1046 507 qui
1069 461 1173 498 solus
1199 462 1255 499 ab
1273 463 1351 500 oris

505 516 563 554 In
579 518 790 564 proprium
813 519 925 556 vertit
947 518 1099 556 Punica
1125 520 1222 558 bella
1247 524 1372 568 caput,

439 575 531 613 Non
554 576 639 614 sine
662 575 806 614 Pieriis
832 578 998 615 exercuit
1022 578 1170 616 artibus
1196 591 1319 617 arma.

509 634 668 682 Semper
693 637 777 673 erat
799 638 932 673 vatum
956 637 1130 674 maxima
1155 649 1250 676 cura
1275 638 1374 677 duci.

393 701 412 732 5
442 692 596 733 Gaudet
621 695 723 732 enirn
746 695 871 732 virtus
896 697 1003 734 testes
1027 696 1102 734 sibi
1126 697 1283 744 iunqere
1307 698 1468 736 Musas:

512 752 680 792 Carmen
704 756 822 798 amat,
847 755 1021 802 quisquis
1046 756 1216 794 carmine
1241 756 1360 804 diyna
1382 758 1490 805 yerit.

438 812 546 862 Erqo
569 824 637 851 seu
655 814 803 860 patriis
820 814 1050 861 primaevus
1073 815 1255 852 manibus
1279 816 1380 853 ultor

508 871 695 911 Subderet
718 872 947 920 Hispanum
971 873 1116 922 Zeqibus
1145 873 1349 919 Oceanum,

437 930 515 970 Seu
543 931 684 980 Tyrias
709 934 812 970 certa
836 933 1036 980 fracturus
1062 933 1217 980 cuspide
1242 935 1342 972 vires

372 997 416 1029 10
513 990 683 1039 Inferret
707 990 854 1039 Libyco
880 992 994 1040 siyna
1019 992 1215 1030 tremenda
1239 994 1361 1031 mari:

437 1049 637 1088 Haerebat
660 1050 792 1088 doctus
816 1051 929 1089 lateri
954 1052 1164 1099 castrisque
1187 1052 1331 1090 solebat

512 1108 698 1148 Omnibus
723 1110 766 1148 in
790 1110 939 1149 medias
965 1110 1152 1148 Ennius
1177 1111 1234 1149 ire
1259 1111 1382 1149 tubas.

437 1168 468 1206 I
469 1169 514 1207 lli
530 1171 623 1216 post
645 1169 760 1207 lituos
778 1170 928 1217 pedites
952 1171 1084 1217 favere
1109 1171 1260 1208 canenti

508 1228 783 1277 Laudavitque
806 1240 908 1267 nova
933 1229 1046 1267 caede
1070 1232 1249 1267 cruentus
1274 1241 1395 1277 eques,

368 1293 410 1325 15
439 1286 609 1335 Cumque
634 1289 890 1336 triumpharet
911 1289 1066 1337 yemina
1094 1287 1326 1338 Carthagine
1351 1289 1451 1328 victa

507 1347 626 1386 Hanc
649 1347 790 1386 vindex
807 1349 919 1396 patri
942 1349 1096 1392 vicerat,
1121 1349 1221 1387 hanc
1237 1349 1406 1395 patriae,

438 1405 538 1445 Oion
562 1406 667 1455 longi
691 1406 862 1456 Libyam
887 1407 1040 1446 tandem
1058 1410 1149 1455 post
1171 1409 1315 1455 fimera
1343 1408 1430 1446 belli

507 1464 611 1505 Ante
634 1477 729 1505 suas
753 1469 940 1505 maestam
965 1468 1108 1515 coqeret
1130 1467 1188 1505 ire
1211 1469 1328 1510 rotas,

437 1523 605 1564 Adveoeit
628 1526 786 1564 reduces
810 1537 938 1565 secum
971 1526 1141 1565 Victoria
1165 1527 1308 1564 Musas

366 1591 410 1623 20
507 1584 562 1623 Et
585 1588 730 1623 sertum
753 1586 835 1624 vati
859 1586 1014 1624 Martia
1039 1585 1176 1624 laurus
1202 1588 1294 1624 erat.

151 1641 234 1682 Hos
261 1653 394 1683 versus
421 1644 490 1693 qui
514 1644 578 1682 vel
603 1644 731 1683 obiter
755 1645 1078 1693 consideraverit,
1110 1644 1370 1683 admirabitur
1394 1645 1559 1683 fortasse
1586 1646 1711 1683 artem

153 1700 371 1742 Claudiano
397 1716 476 1742 non
500 1703 717 1755 indignam,
752 1704 820 1743 sed
850 1704 967 1743 simul
999 1705 1185 1755 agnoscet
1215 1705 1460 1743 verissimam
1488 1703 1710 1742 libertatem

151 1761 342 1813 fingendi,
381 1775 480 1812 quae
517 1765 677 1813 poetam
714 1763 841 1812 decet,
879 1764 1047 1803 similem
1084 1763 1146 1801 illi
1178 1776 1255 1813 qua
1286 1776 1400 1802 usum
1431 1775 1512 1801 esse
1542 1763 1638 1800 item
1669 1764 1709 1800 in

152 1821 281 1860 Ennio
302 1821 445 1860 Silium
463 1821 649 1861 Italicum
669 1817 725 1875 (p.
745 1817 886 1876 LXXVI)
908 1823 1089 1862 vidimus.
1116 1822 1229 1869 Quod
1251 1822 1462 1861 artificium
1485 1822 1710 1860 inveniendi

151 1882 197 1919 ut
227 1882 384 1930 penitus
409 1883 672 1931 perspiciatur
696 1895 744 1920 ne
771 1884 830 1921 est
855 1882 1013 1932 quidem
1040 1882 1144 1931 quod
1175 1894 1307 1921 eamus
1339 1895 1409 1931 per
1439 1882 1612 1932 singula,
1643 1881 1710 1920 sed

151 1939 253 1979 unde
280 1952 417 1979 ansam
441 1941 628 1990 petiverit
653 1942 688 1980 si
714 1942 918 1991 quaeritur
941 1941 1261 1991 respondebimus
1290 1954 1336 1978 ex
1368 1953 1412 1979 eo
1446 1940 1549 1989 quod
1575 1939 1708 1978 Cicero

151 1999 280 2038 verbis
312 2001 502 2049 expressit
539 2012 655 2039 carus
691 2002 770 2048 fuit
799 1999 992 2049 Africano
1022 2001 1216 2048 superiori
1245 2002 1372 2038 noster
1403 2000 1560 2037 Ennius
1599 1994 1707 2051 (ann.

150 2070 209 2096 ΧΠ
228 2058 275 2097 fr.
295 2053 374 2112 lv),
400 2059 463 2097 vel
488 2060 522 2098 si
547 2060 635 2108 plus
662 2061 867 2108 apposcet,
893 2072 938 2097 ex
963 2059 1012 2097 iis
1040 2071 1139 2108 quae
1163 2058 1353 2097 Horatius
1380 2058 1521 2096 cecinit
1544 2070 1586 2096 1v
1607 2058 1631 2095 8
1658 2058 1706 2096 iis

150 2117 326 2157 versibus
348 2119 416 2167 qui
435 2130 555 2167 supra
574 2131 610 2167 p.
625 2130 746 2167 xnsq.
767 2118 882 2156 allati
901 2119 1002 2157 sunt.
1028 2118 1168 2166 Itaque
1188 2118 1243 2156 sic
1269 2116 1520 2155 statuendum
1545 2118 1614 2165 est,
1639 2129 1707 2154 no-

150 2189 240 2215 men
266 2177 386 2215 Ennii
411 2178 549 2226 poetae
576 2178 736 2225 eiusque
762 2189 850 2216 cum
868 2176 1057 2216 Africano
1082 2177 1230 2214 maiore
1250 2175 1571 2215 consuetudinem
1589 2177 1706 2214 toties

151 2248 174 2274 a
200 2235 456 2286 scriptoribus
482 2236 710 2286 posterioris
737 2236 878 2275 aetatis
904 2236 1163 2274 memoratam
1187 2248 1235 2273 ne
1263 2234 1524 2274 Claudianum
1550 2234 1707 2284 quidem

150 2296 415 2345 praeteriisse3
441 2296 617 2333 carmina
643 2295 724 2333 eius
750 2296 948 2334 volutasse
974 2296 1013 2333 et
1038 2307 1083 2333 ex
1108 2295 1156 2333 iis
1176 2295 1386 2344 sumpsisse
1407 2293 1546 2343 quibus
1565 2294 1607 2332 in
1626 2294 1706 2332 suis

150 2354 389 2393 carminibus
421 2356 597 2392 uteretur
627 2354 788 2404 probari
811 2367 891 2393 non
916 2366 1038 2404 posse.
1065 2354 1169 2392 Nam
1195 2354 1299 2403 quod
1325 2353 1555 2392 Stoeckerus
1584 2353 1705 2402 inpri-

150 2414 224 2452 mis
251 2415 290 2452 et
315 2426 403 2452 cum
423 2426 467 2452 eo
489 2414 733 2453 consentiens
753 2414 887 2452 Birtus
908 2414 1135 2452 existimant
1154 2414 1275 2451 etiam
1293 2426 1354 2452 res
1373 2413 1570 2451 Romanas
1591 2411 1704 2450 Clau-

150 2472 313 2511 dianum
338 2486 384 2511 ex
409 2473 529 2511 Ennii
555 2473 762 2512 annalibus
788 2473 947 2522 petiisse
973 2474 1013 2511 et
1038 2472 1088 2511 ad
1119 2485 1254 2511 eorum
1285 2472 1635 2511 conformationem
1665 2483 1705 2509 se

152 2533 432 2582 composuisse,
463 2534 621 2571 tantum
652 2532 739 2570 dico
770 2532 959 2580 breviter,
990 2544 1038 2570 ne
1070 2531 1218 2570 diutius
1250 2543 1378 2570 morer
1407 2532 1450 2569 in
1476 2529 1704 2576 Claudiano,

150 2592 323 2640 primum
343 2604 439 2641 quas
460 2591 508 2629 ab
529 2592 658 2629 Ennio
678 2593 853 2641 sumptas
873 2591 1013 2629 volunt
1030 2603 1091 2630 res
1112 2603 1193 2630 esse
1212 2591 1449 2638 notissimas,
1476 2602 1571 2638 quas
1591 2600 1703 2626 nemo

150 2650 349 2689 nesciebat
380 2652 419 2689 et
444 2651 632 2689 nimirum
658 2651 808 2690 Ennius
836 2663 991 2700 quoque
1015 2651 1058 2689 in
1086 2650 1294 2689 annalibus
1327 2650 1535 2695 cecinerat,
1569 2659 1704 2695 quam-

152 2722 270 2758 quam
302 2709 457 2748 easdem
488 2722 785 2758 nonnumquam
816 2709 922 2759 apud
954 2708 1217 2748 Claudianum
1247 2708 1410 2747 mirifice
1441 2708 1582 2744 mixtas
1615 2717 1702 2742 cum

151 2768 241 2806 aliis
267 2768 316 2806 ab
336 2768 465 2807 Ennio
492 2769 760 2817 alienissimis3
785 2769 920 2817 qualia
947 2763 1061 2820 (xxw
1085 2769 1326 2814 124—132‚
1348 2779 1442 2803 XXIV
1463 2757 1628 2813 30sqq.)
1655 2763 1701 2800 de

151 2824 268 2865 Curio
296 2828 364 2876 qui
389 2827 585 2877 Pyrrhum
611 2828 775 2876 pepulit,
810 2840 926 2877 quem
953 2827 1057 2877 quod
1082 2826 1277 2866 Aeaciden
1298 2856 1306 2863 .
1328 2855 1335 2863 .
1361 2825 1553 2872 Pyrrhum
1576 2815 1700 2873 (125)

150 2897 228 2923 non
253 2898 367 2935 posse
391 2887 469 2926 nisi
495 2899 540 2924 ex
566 2887 687 2925 Ennii
712 2899 826 2926 versu
853 2880 961 2939 (ann.
984 2887 1066 2925 275
1093 2885 1268 2925 Aeacida
1292 2876 1484 2934 Pyrrhus)
1505 2881 1701 2919 nominari
