2004 3278
238 179 378 216 CCXVI
722 175 767 210 11.
791 174 857 209 DE
881 172 1036 208 LIBRIS
1061 170 1293 207 ENNIANIS

236 293 333 330 libro
357 291 424 337 qui
446 287 576 335 Scipio
602 287 828 325 inscribitur
852 279 919 336 (cf.
940 298 977 334 p.
997 277 1181 336 nxxxw),
1212 283 1446 322 documento
1477 286 1538 323 est
1568 298 1656 322 eum
1687 285 1792 324 hunc

237 362 315 387 non
345 349 387 385 in
412 347 556 385 saturis
581 346 732 394 legisse.
765 344 826 381 Ex
851 356 928 392 quo
959 342 1061 380 libro
1094 355 1195 391 quae
1226 343 1411 391 citantur,
1442 343 1519 382 duo
1551 343 1710 393 quidem
1741 344 1791 382 ad

237 407 430 456 Scipionis
455 417 515 443 res
543 405 586 441 in
609 402 747 441 Africa
778 403 908 453 gestas
938 401 1145 439 referenda
1175 403 1277 441 sunt.
1310 401 1486 446 Quorum
1515 403 1577 442 his
1604 405 1793 452 quattuor

237 465 438 514 quadratis
469 462 714 512 perpulchris
744 461 914 499 mundus
945 461 1042 499 caeli
1071 463 1204 498 vastus
1235 462 1402 499 constitit
1429 462 1580 500 silentio
1612 475 1679 511 eqs
1712 456 1791 514 (vl)

235 525 329 562 olim
354 522 631 560 intellexerunt
657 520 852 569 Scipionis
875 521 917 557 in
936 519 1115 558 Africam
1139 521 1435 571 navigationem
1460 520 1621 571 depingi
1647 521 1792 560 collato

234 583 346 620 Livio
366 593 493 619 xxvm
514 582 580 628 17,
603 581 654 617 12
676 574 747 631 (ad
766 591 798 616 a.
819 593 855 616 u.
878 573 982 631 548)
1001 578 1131 626 Scipio
1152 609 1160 616 .
1182 609 1191 617 .
1213 581 1295 627 ipse
1314 592 1400 618 cum
1422 579 1463 618 Ο.
1480 580 1619 618 Laelio
1638 581 1792 619 duabus

233 640 566 689 quinqueremibus
592 640 640 678 ab
668 638 900 686 Cartlzaqine
918 639 1116 685 profectus
1141 639 1350 686 tranquillo
1375 640 1479 678 mari
1495 639 1717 686 plurimum
1734 651 1792 677 re-

234 702 307 738 mis
330 699 524 738 interdum
549 701 583 736 et
606 698 683 736 leni
708 698 918 735 adiuvante
942 699 1050 736 vento
1075 699 1118 735 in
1135 696 1318 746 Africam
1341 700 1500 736 traiecit.
1524 698 1671 737 Versus
1691 698 1793 736 alter

234 770 383 807 quaque
411 760 572 806 propter
603 756 844 794 Hannibal-is
882 757 1013 804 copias
1049 757 1266 795 considerat
1297 752 1392 810 (vn)
1427 758 1524 796 scite
1554 758 1703 796 relatus
1733 760 1793 796 est

234 818 283 856 ad
303 830 348 855 ea
368 829 467 866 quae
486 815 694 866 Appianus
713 816 755 852 in
774 814 932 864 Libycis
947 828 977 854 c.
995 817 1047 854 39
1068 816 1144 854 vol.
1165 828 1180 853 1
1199 830 1236 866 p.
1259 818 1356 865 224,
1372 818 1425 855 22
1435 816 1486 854 M.
1506 817 1674 855 tradidit
1686 813 1708 855 ὃ
1722 814 1792 867 μὲν

234 875 282 926 δὴ
308 873 467 926 πέμψας
492 873 602 912 ἔλυσε
633 873 700 921 τὰς
731 872 877 925 ἀνοχὰς
904 873 970 912 καὶ
998 874 1179 913 Σκιπίων
1204 875 1376 924 Πάρθον
1407 889 1445 914 τε
1477 875 1647 927 μεγάλην
1678 874 1793 914 πόλιν

232 933 370 973 αὐτίκα
389 931 619 985 προσπεσὼν
641 929 715 971 εἷλε
740 931 805 971 καὶ
829 933 1033 984 πλησίον
1049 929 1271 985 Ἀννίβου
1295 933 1791 985 μετεστρατοπέδευεν.

234 993 290 1032 Of.
307 993 346 1031 G.
361 993 610 1032 Lehmannus
624 993 708 1031 Der
726 993 830 1032 letzte
843 994 1015 1042 Feldzuy
1034 993 1099 1031 des
1113 994 1449 1033 Hannibalischen
1461 995 1623 1043 Krieqes
1637 989 1791 1047 (1894)

233 1068 270 1103 p.
292 1054 389 1101 569,
422 1054 490 1102 qui
516 1053 708 1101 quantum
733 1052 863 1090 Ennio
889 1053 931 1090 in
955 1053 1097 1090 harum
1122 1065 1254 1090 rerum
1279 1054 1471 1092 memoria
1496 1053 1688 1091 tribueret
1711 1054 1793 1092 iam

234 1125 352 1162 supra
377 1126 414 1162 p.
442 1123 552 1150 cxcll
574 1125 610 1149 n.
643 1111 816 1150 laudavi.
852 1112 1009 1150 Tertius
1041 1113 1097 1150 sic
1128 1112 1291 1150 affertur
1322 1126 1345 1151 a
1375 1113 1577 1151 Macrobio
1612 1116 1692 1150 tum
1717 1114 1793 1160 fer-

233 1183 320 1210 reus
344 1172 464 1210 hastis
489 1172 616 1209 horret
639 1182 730 1219 ayer
756 1166 872 1223 (Aen.
893 1183 935 1208 x1
956 1165 1072 1223 601).
1098 1172 1225 1210 horret
1248 1173 1345 1210 mire
1369 1173 1549 1216 sehabet,
1573 1172 1639 1210 sed
1659 1175 1692 1210 et
1711 1172 1794 1209 En-

232 1232 323 1269 nius
353 1232 396 1268 <in
421 1233 556 1278 quarto
582 1230 725 1268 decimo
752 1228 845 1279 [vn]
874 1233 908 1268 et
938 1232 980 1269 in
1006 1231 1214 1269 Erechtheo
1242 1227 1320 1282 [Ν]
1347 1234 1380 1269 et
1410 1232 1454 1269 in
1477 1230 1657 1278 Scipione
1683 1226 1792 1282 [vm]

235 1287 401 1337 ‘sparsis
420 1291 540 1327 hastis
560 1290 684 1338 Zonyis
704 1301 864 1337 campus
882 1290 1055 1337 splendet
1073 1293 1107 1328 et
1124 1287 1276 1329 horret?
1299 1289 1422 1334 Quem
1441 1303 1599 1329 versum
1618 1302 1688 1329 suo
1707 1291 1793 1328 loco

233 1349 314 1386 dixi
346 1348 511 1387 eundem
545 1361 626 1387 esse
658 1360 747 1386 cum
778 1362 823 1387 eo
857 1362 973 1398 quem
999 1349 1160 1388 Servius
1191 1349 1359 1388 tradidit
1390 1363 1414 1388 a
1439 1349 1592 1388 Lucilio
1624 1349 1794 1398 irrideri,

234 1409 302 1457 qui
326 1407 469 1445 dixerit
495 1408 668 1446 Ennium
693 1409 822 1446 horret
847 1411 880 1447 et
905 1409 1005 1457 αἱρεῖ
1029 1409 1197 1447 scribere
1224 1408 1413 1448 debuisse.
1443 1408 1528 1454 Quo
1554 1410 1697 1447 certius
1724 1411 1794 1457 est,

234 1467 336 1516 quod
364 1468 511 1505 iniuria
543 1467 870 1516 addubitabatur,
900 1468 1004 1506 hunc
1035 1480 1192 1506 versum
1222 1468 1494 1506 hexametrum
1526 1481 1609 1507 esse
1638 1467 1794 1506 finitum

232 1526 359 1565 verbis
389 1527 561 1574 splendet
591 1529 625 1565 et
648 1527 784 1565 horret.
819 1525 892 1564 Cui
917 1540 1113 1576 nusquam
1144 1528 1186 1565 in
1218 1527 1472 1566 describendo
1503 1527 1655 1577 proelio
1686 1527 1794 1566 locus

233 1598 315 1624 esse
348 1599 427 1624 non
458 1587 606 1636 potuit:
640 1598 761 1635 quare
792 1587 987 1624 referatur
1019 1586 1069 1624 ad
1099 1599 1162 1625 res
1189 1586 1385 1636 Scipionis
1415 1587 1458 1624 in
1483 1586 1621 1625 Africa
1652 1588 1795 1638 gestas,

232 1646 325 1683 licet
350 1646 386 1683 ei
411 1646 619 1684 certiorem
643 1646 685 1683 in
710 1645 772 1684 his
796 1645 912 1685 rebus
938 1645 1069 1684 sedem
1095 1647 1296 1697 assignare
1321 1659 1400 1685 non
1426 1647 1563 1696 possis.

349 1704 437 1742 Duo
469 1706 596 1756 igitur
626 1705 851 1755 fragmenta
874 1706 1117 1744 tetrametris
1143 1706 1344 1754 conclusa,
1376 1718 1499 1743 unum
1523 1705 1809 1757 hexametrum=

234 1777 278 1801 ex
302 1764 376 1801 hoc
401 1764 504 1802 libro
530 1764 663 1802 afferri
687 1764 877 1803 videmus.
909 1764 992 1803 Nec
1016 1766 1151 1802 tamen
1175 1766 1218 1802 in
1242 1765 1303 1803 his
1331 1777 1431 1813 quae
1457 1766 1563 1802 certa
1588 1766 1681 1803 sunt
1706 1764 1794 1802 sub-

233 1823 449 1861 sistendum
475 1836 558 1862 esse
585 1825 696 1862 ratus
729 1836 825 1862 sum.
860 1823 959 1862 Cum
990 1824 1097 1861 enim
1122 1823 1273 1862 Ennius
1305 1825 1406 1863 teste
1432 1823 1617 1862 Cicerone
1643 1823 1793 1873 Scipio-

233 1895 322 1919 nem
345 1883 449 1921 hunc
474 1884 516 1921 in
542 1883 705 1921 modum
730 1883 904 1932 patriam
929 1882 1198 1932 appellantem
1222 1883 1386 1921 inducat
1409 1883 1540 1921 desine
1565 1883 1692 1920 Roma
1711 1886 1795 1920 tuos

233 1942 370 1988 hostis,·
400 1955 494 1980 nam
519 1943 589 1981 tib-i
617 1943 858 1980 ‘munimenta
885 1944 960 1980 mei
984 1954 1168 1990 peperere
1198 1943 1370 1989 labores;
1400 1945 1508 1980 testes
1537 1945 1629 1979 sunt
1656 1942 1796 1989 Campi

234 2001 376 2049 Met-qni
394 1995 472 2053 (v),
498 2014 595 2050 quos
620 2002 741 2040 testes
767 2001 936 2040 advocat
957 2001 1123 2050 Campos
1142 2002 1324 2050 Maynos,
1350 2001 1398 2039 de
1424 2001 1565 2050 quibus
1585 2001 1674 2038 vide
1695 2014 1795 2050 quae

235 2059 422 2098 adnotavi
448 2062 487 2099 et
506 2060 778 2099 Lehmannum
803 2061 829 2098 l.
849 2073 880 2099 c.
900 2074 936 2110 p.
959 2061 1057 2110 540,
1081 2060 1228 2099 indicio
1254 2063 1346 2099 sunt
1364 2061 1461 2098 haec
1481 2072 1581 2109 quae
1601 2060 1796 2111 gloriatui·

235 2131 259 2155 a
289 2121 477 2158 memoria
508 2133 639 2158 rerum
669 2121 712 2158 in
743 2119 881 2158 Africa
912 2122 1114 2170 gestarum
1145 2133 1224 2158 non
1255 2121 1373 2158 nimis
1404 2132 1549 2170 magno
1583 2119 1795 2158 intervallo

235 2178 355 2216 fuisse
382 2179 560 2217 discreta.
588 2179 650 2217 Ab
675 2180 736 2218 his
757 2182 891 2217 autem
911 2193 1012 2229 quae
1032 2178 1180 2228 Cicero,
1206 2181 1251 2216 ut
1270 2179 1434 2226 solebat,
1458 2179 1691 2229 imperfecta
1710 2190 1794 2216 sen-

235 2238 360 2274 tentia
385 2238 494 2276 nullo
519 2238 613 2276 libri
637 2239 785 2277 indicio
812 2239 927 2277 affert
951 2242 1058 2277 testes
1082 2241 1174 2276 sunt
1195 2237 1334 2286 Campi
1353 2239 1498 2287 Mayni
1522 2237 1678 2276 diversa
1704 2239 1797 2275 sunt

236 2309 336 2345 quae
362 2308 405 2334 ex
428 2301 657 2336 saturarum
681 2298 744 2336 lsib.
766 2311 818 2335 III
839 2311 863 2335 a
881 2298 1012 2337 Nonio
1038 2299 1213 2336 citantur
1231 2293 1315 2350 (ΠΙ)
1341 2300 1449 2336 testes
1470 2300 1561 2335 sumt
1579 2297 1650 2335 lati
1668 2298 1797 2344 campi

235 2366 328 2403 quos
349 2357 446 2403 yerii
470 2355 614 2404 Africa
638 2360 742 2396 terra
760 2358 915 2406 politos,
947 2370 1114 2406 quorum
1139 2357 1376 2395 sententiam
1402 2358 1442 2395 et
1466 2369 1580 2395 usum
1607 2369 1677 2395 suo
1708 2356 1795 2394 loco

236 2414 439 2464 explicavi.
472 2415 518 2453 In
544 2429 591 2454 ea
615 2430 656 2454 re
683 2418 779 2454 olim
804 2418 935 2455 erravi
967 2416 1072 2466 quod
1098 2417 1191 2465 quia
1217 2415 1344 2465 specie
1372 2415 1543 2464 quadam
1568 2415 1795 2454 simiJitudi-

235 2474 297 2512 nis
322 2473 505 2522 deceptus
529 2475 626 2513 haec
652 2475 728 2514 duo
753 2475 982 2514 testimonia
1007 2477 1052 2514 ut
1077 2474 1147 2513 alii
1178 2476 1269 2513 ante
1300 2487 1362 2512 me
1393 2486 1465 2523 pro
1497 2487 1575 2513 uno
1601 2474 1795 2512 habebam

235 2533 309 2570 hoc
328 2544 483 2570 carmen
497 2535 697 2584 singulare
710 2535 758 2573 de
771 2535 954 2573 laudibus
969 2534 1166 2584 Scipionis
1179 2533 1360 2572 Africani
1373 2534 1635 2583 compositum
1649 2527 1795 2585 (neque

237 2592 342 2630 enim
366 2593 509 2630 natura
531 2606 592 2630 me
619 2595 802 2632 carminis
828 2588 989 2646 fefellit)
1015 2595 1058 2631 in
1083 2595 1306 2632 saturarum
1325 2593 1444 2631 tertio
1464 2592 1593 2629 locum
1612 2591 1795 2630 habuisse

237 2650 395 2689 conieci.
410 2649 556 2695 Quodsi
568 2652 665 2690 haec
680 2653 896 2702 appellatio
909 2653 1059 2692 Romae
1071 2652 1180 2692 urbis
1195 2654 1235 2692 et
1247 2652 1437 2690 memoria
1449 2664 1580 2689 rerum
1594 2652 1795 2701 gestarum

236 2711 341 2748 recte
366 2710 459 2748 huic
483 2712 650 2748 carmini
674 2712 923 2760 adscribitur,
949 2713 1106 2750 facilius
1139 2712 1280 2761 opinor
1311 2710 1545 2749 concedetur
1577 2710 1704 2747 eidem
1735 2722 1794 2747 re-

236 2769 347 2818 liqua
373 2781 474 2818 quae
498 2770 540 2806 in
564 2770 638 2807 hoc
663 2770 764 2808 libro
790 2772 982 2810 collocavi
1000 2772 1085 2808 iure
1105 2770 1310 2818 vindicari,
1336 2782 1378 2809 1v
1395 2770 1454 2808 vel
1473 2772 1513 2807 tu
1532 2769 1696 2807 dictator
1715 2781 1794 2818 eqs,

239 2841 359 2876 quam
382 2841 466 2866 rem
491 2841 536 2867 ex
561 2828 667 2866 Livii
691 2829 820 2867 verbis
846 2830 896 2869 ad
915 2842 946 2868 11
970 2831 1104 2869 allatis
1137 2829 1375 2880 intelligitur
1400 2828 1450 2867 ad
1475 2829 1678 2877 superiora
1697 2829 1794 2866 tem-

237 2899 335 2935 pora
359 2889 606 2936 pertinuisse,
632 2900 678 2925 111
695 2887 825 2936 Scipio
850 2890 1000 2934 invicte,
1026 2889 1132 2938 quod
1157 2889 1223 2927 vix
1248 2888 1382 2927 credas
1401 2887 1443 2925 in
1463 2887 1670 2926 annalibus
1689 2888 1794 2937 posi-
