2004 3278
270 190 384 227 XCVI
827 189 853 224 I.
880 187 1108 223 HISTORIA
1126 187 1264 223 ENNII

269 303 482 341 maximam
507 303 663 351 partem
687 300 909 352 glossarum
935 312 1023 338 cum
1043 299 1232 350 exemplis
1251 312 1297 338 ex
1316 299 1447 340 nescio
1467 300 1610 351 quibus
1630 299 1832 352 glossariis

271 362 498 409 abstulisse,
529 373 658 399 nonne
693 359 837 397 mirum
869 361 989 409 esset,
1020 372 1098 398 non
1130 359 1230 398 alios
1263 372 1418 410 quoque
1446 361 1724 412 grammaticos
1749 360 1832 398 sive

268 421 418 470 priores
443 420 574 458 Nonio
600 419 682 457 sive
713 420 950 469 posteriores
982 418 1138 457 eosdem
1167 419 1297 457 fontes
1328 419 1471 458 adiisse
1503 433 1549 458 ex
1580 421 1708 469 iisque
1733 418 1832 457 hau-

269 478 392 518 sisse?
418 478 530 524 Quod
557 480 651 528 quia
674 479 826 517 factum
848 490 926 516 non
946 490 1029 517 esse
1049 479 1226 528 apparet,
1251 480 1411 517 maneat
1427 479 1501 517 hoc
1519 479 1694 517 Nonium
1712 478 1833 516 Ennii

272 539 447 577 carmina
472 540 512 577 et
536 538 658 577 libros
683 537 860 576 studiose
884 538 1159 587 pertractasse,
1184 538 1258 576 hoc
1278 538 1338 577 est
1357 537 1407 575 ad
1427 550 1516 576 eum
1533 538 1694 577 modum
1715 550 1833 587 quem

269 600 420 636 veteres
446 597 605 636 omnino
629 597 722 635 huic
745 597 803 635 rei
829 609 990 647 operam
1015 597 1108 635 dare
1134 598 1431 636 consueverunt.

388 656 465 702 Qui
482 658 658 706 tempore
678 655 892 695 succedunt
910 669 952 694 re
972 658 1012 694 et
1030 656 1207 694 utilitate
1226 656 1343 707 longe
1362 656 1493 695 Nonio
1506 656 1713 694 inferiores
1729 657 1832 694 sunt.

270 715 375 761 Quid
401 717 504 754 enim
531 716 730 754 afferimus
755 715 925 753 Atilium
950 715 1281 754 Fortunatianum
1307 717 1378 754 aut
1396 716 1566 753 Marium
1584 715 1834 753 Victorinum

270 778 341 814 aut
349 757 566 813 Maxfmum
572 774 833 823 Victorinum,
845 787 941 824 quos
952 774 1058 812 idem
1068 775 1269 814 saeculum
1278 774 1392 823 vidit,
1402 776 1681 826 grammaticos
1692 774 1833 824 exigua

271 834 450 873 doctrina
470 834 703 873 scholastico
723 833 813 872 usui
832 834 1138 884 accommodata,
1159 835 1227 883 qui
1247 834 1518 873 Ennianorum
1538 835 1756 872 carminum
1768 834 1834 871 vix

272 895 486 943 quicquam
505 893 706 932 viderunt:
729 905 930 943 apocopen
950 893 1014 931 vel
1034 893 1226 932 diaeresin
1246 894 1309 932 vel
1328 895 1458 932 nescio
1480 893 1574 943 quid
1594 893 1834 943 explicantes

270 966 394 990 unum
413 953 477 991 vel
496 952 573 990 duo
594 965 727 991 versus
747 952 949 990 Ennianos
969 952 1129 991 aliunde
1149 954 1339 1004 cognitos,
1358 965 1437 991 non
1451 966 1497 991 ex
1509 954 1628 1002 poeta
1643 953 1835 1002 sumptos,

270 1013 501 1062 plerumque
527 1024 575 1050 ne
600 1011 757 1050 nomine
785 1011 942 1061 quidem
967 1013 1107 1061 poetae
1128 1011 1263 1050 addito
1282 1013 1325 1049 in
1345 1014 1450 1050 artes
1470 1024 1561 1050 suas
1580 1012 1833 1050 rettulerunt.

389 1071 449 1109 Ne
482 1071 662 1110 Donatus
695 1070 871 1120 quidem,
910 1072 985 1109 etsi
1015 1070 1095 1110 illis
1128 1073 1322 1121 superior,
1360 1084 1450 1109 cum
1480 1070 1602 1110 Nonii
1631 1071 1835 1109 fructuosa

273 1131 387 1180 copia
418 1131 501 1168 ullo
532 1130 648 1169 modo
681 1130 847 1168 conferri
880 1132 1029 1179 potest:
1062 1132 1130 1180 qui
1160 1143 1260 1180 quae
1284 1130 1326 1168 in
1352 1130 1633 1169 commentario
1659 1130 1834 1168 Terentii

272 1190 319 1227 de
340 1190 469 1228 Ennio
494 1190 740 1237 memoravit,
766 1202 811 1227 ea
838 1201 956 1239 supra
981 1203 1017 1239 p.
1039 1202 1135 1229 xxw
1145 1203 1201 1239 sq.
1228 1189 1447 1239 disceptavi
1472 1191 1512 1227 et
1532 1202 1631 1239 quae
1652 1202 1698 1227 ex
1716 1189 1765 1227 iis
1785 1188 1836 1227 ad

270 1250 402 1299 ipsum
421 1249 548 1287 redire
567 1248 795 1287 Terentium
815 1248 1043 1287 viderentur
1061 1248 1292 1299 significavi.
1314 1248 1420 1294 Quae
1440 1250 1592 1287 restant
1610 1261 1688 1286 non
1707 1248 1836 1286 multa

273 1310 365 1346 sunt
390 1321 460 1346 nec
485 1309 622 1359 magni
646 1309 776 1357 pretii.
803 1308 962 1347 Ennius
989 1305 1161 1346 ‘memini
1184 1320 1244 1346 me
1261 1305 1364 1356 fieri'
1378 1320 1530 1357 pavum
1549 1302 1658 1360 (ann.
1683 1302 1755 1360 15)
1774 1309 1837 1345 ter

271 1369 551 1416 memoratum3
582 1367 741 1405 Ennius
767 1363 803 1404 ‘o
822 1368 951 1415 pietas
977 1364 1115 1406 animi'
1145 1362 1253 1420 (ann.
1275 1362 1320 1420 8)
1348 1380 1371 1406 a
1397 1366 1582 1406 Cicerone
1615 1368 1706 1405 ante
1738 1367 1835 1404 alla-

272 1429 375 1475 tum,
401 1427 559 1465 Ennius
586 1423 622 1464 ‘o
646 1427 727 1465 Tite
750 1427 786 1464 si
811 1426 905 1474 quid
930 1438 994 1475 eqo
1020 1430 1053 1465 te
1079 1423 1226 1465 adiuto’
1249 1421 1358 1479 (ann.
1381 1421 1497 1479 335),
1522 1428 1593 1464 aut
1611 1427 1770 1465 Ennius
1793 1427 1837 1464 in

273 1486 417 1524 Medea
436 1481 485 1537 [1]
509 1482 676 1524 ‘utinam
694 1497 742 1524 ne
760 1487 803 1524 in
821 1497 974 1524 nemore
992 1483 1127 1531 Pelio',
1153 1499 1230 1535 quo
1250 1486 1351 1524 nihil
1370 1487 1455 1524 erat
1473 1485 1673 1524 veteribus
1692 1486 1837 1534 notius,

272 1545 337 1583 vel
356 1545 515 1583 Ennius
541 1541 645 1583 ‘exin
668 1542 941 1593 Tarquinium'
963 1539 1072 1597 (ann.
1096 1540 1210 1598 155).
1238 1544 1314 1583 Sed
1340 1547 1433 1583 sunt
1453 1545 1614 1595 quidam
1634 1545 1837 1583 annalium

274 1616 408 1642 versus
435 1615 533 1653 quos
558 1616 672 1642 nemo
699 1604 776 1642 nisi
801 1604 982 1642 Donatus
1007 1605 1220 1642 memoriae
1245 1604 1431 1653 prodidit,
1456 1617 1545 1643 ann.
1568 1605 1651 1642 348
1678 1604 1837 1642 Ennius

275 1676 302 1701 x
316 1660 439 1712 ‘requi
457 1666 653 1701 versatum
670 1674 863 1701 summam
882 1674 1015 1702 venere
1034 1660 1280 1712 columnam'3
1302 1664 1387 1702 550
1404 1664 1562 1702 Ennius
1577 1660 1737 1712 ‘optima
1750 1675 1837 1702 cum

267 1723 420 1770 pulcris
452 1723 596 1760 animis
620 1722 669 1760 R.
694 1719 901 1771 iuventus’3
928 1723 1011 1762 204
1039 1723 1197 1761 Ennius
1222 1724 1265 1761 in
1288 1725 1390 1761 sexto
1417 1719 1498 1761 ‘sed
1523 1734 1587 1772 eqo
1615 1723 1676 1761 hic
1706 1724 1837 1761 animo

275 1778 490 1830 lamentor-'3
516 1782 602 1820 470
622 1781 782 1819 Ennius
805 1778 949 1820 ‘onmes
974 1782 1085 1820 eorde
1102 1784 1257 1830 patrem
1282 1779 1429 1821 debent’
1451 1794 1530 1832 eqs.
1557 1781 1708 1827 Quibus
1738 1781 1837 1820 adde

274 1841 349 1879 inc.
373 1841 396 1878 9
424 1841 583 1879 Ennius
609 1836 692 1879 ‘nec
716 1841 800 1879 dico
824 1852 893 1879 nec
916 1842 1019 1889 facio
1044 1838 1137 1879 mu?

394 1899 454 1937 Ex
492 1899 580 1938 aliis
619 1899 777 1938 scholiis
814 1899 856 1937 in
894 1900 1124 1938 Terentium
1160 1900 1234 1938 hoc
1271 1899 1566 1939 memorandum
1604 1902 1680 1948 est,
1717 1900 1838 1938 Ennii

278 1971 366 1997 ann.
389 1959 472 1996 566
505 1959 547 1996 in
579 1958 672 1997 solis
704 1959 863 1997 scholiis
894 1959 1037 1998 codicis
1066 1959 1247 1997 Bembini
1276 1962 1476 1997 servatum
1508 1971 1602 2008 esse,
1633 1961 1838 2008 praeterea

277 2031 365 2056 ann.
389 2018 471 2056 626
498 2019 540 2055 in
566 2018 690 2057 lexico
717 2018 954 2056 Terentiano
980 2018 1136 2056 Barthii
1161 2018 1235 2056 fide
1262 2018 1367 2057 edito
1394 2019 1535 2058 afferri.

394 2077 525 2116 Minus
565 2090 683 2127 quam
721 2080 985 2116 commentum
1023 2077 1304 2116 Terentianum
1341 2077 1388 2115 de
1427 2078 1555 2116 Ennio
1587 2076 1736 2115 Donati
1774 2090 1837 2115 ars

277 2137 537 2187 grammatica
556 2137 712 2185 meruit,
739 2149 840 2187 quae
867 2149 964 2186 quos
990 2136 1104 2175 affert
1122 2137 1243 2175 Ennii
1261 2149 1407 2185 versus,
1432 2137 1678 2175 hexametros
1705 2147 1837 2174 omnes

278 2198 317 2234 et
343 2195 551 2234 annalibus
577 2196 864 2244 adscribendos,
889 2196 1107 2247 figurarum
1133 2195 1465 2246 explicandarum,
1491 2196 1720 2244 diaereseos,
1747 2207 1838 2245 par-

276 2255 443 2303 homoei,
468 2255 749 2304 homoeoptoti,
774 2255 1091 2304 homoeoteleuti,
1118 2255 1287 2294 aliarum
1305 2257 1437 2306 gratia
1456 2255 1581 2303 affert,
1606 2255 1838 2305 plerumque

278 2327 324 2352 ne
350 2314 480 2352 Ennio
507 2314 665 2363 quidem
690 2315 906 2365 nominato,
933 2328 1049 2364 quem
1073 2317 1207 2353 tamen
1232 2317 1435 2353 auctorem
1460 2326 1542 2353 esse
1568 2314 1648 2352 fere
1680 2313 1838 2351 aliunde

278 2375 443 2412 constat.
483 2372 582 2411 Cum
612 2373 769 2413 Donato
801 2375 1031 2424 conspirant
1061 2376 1102 2412 in
1133 2374 1332 2424 plerisque
1366 2373 1435 2423 qui
1466 2374 1573 2411 ilh'us
1606 2375 1732 2412 artem
1763 2372 1838 2411 sibi

279 2432 620 2471 commentandam
638 2435 905 2482 sumpserunt3
927 2433 1221 2483 explanationes
1242 2432 1328 2471 dico
1348 2434 1390 2470 in
1403 2432 1552 2471 Donati
1566 2433 1703 2480 artem,
1722 2431 1837 2469 Pom-

279 2493 359 2541 peii
378 2493 660 2542 commentum3
687 2493 756 2541 qui
774 2493 840 2530 vix
859 2493 989 2530 ullum
1007 2492 1128 2531 Ennii
1146 2504 1304 2530 versum
1323 2493 1604 2539 memorarunt,
1625 2504 1741 2540 quem
1759 2502 1838 2528 non

280 2551 385 2600 apud
410 2551 523 2589 illum
548 2552 716 2590 citatum
740 2552 986 2591 invenerunt.

397 2609 470 2648 His
496 2610 653 2649 adnecti
677 2612 830 2660 possint
855 2611 977 2649 etiam
1002 2611 1183 2650 nonnulli
1202 2610 1249 2648 de
1267 2611 1426 2648 incertis
1447 2608 1726 2659 grammaticis,
1754 2609 1837 2658 qui-

280 2669 351 2707 bus
378 2668 538 2707 difficile
564 2672 623 2708 est
648 2682 762 2708 suum
786 2670 919 2708 locum
944 2682 989 2707 ex
1014 2672 1239 2720 temporum
1263 2670 1418 2707 ratione
1444 2670 1660 2719 assignare,
1693 2669 1732 2705 et
1756 2668 1838 2717 ple-

279 2741 445 2777 rumque
471 2741 549 2766 non
575 2729 744 2767 afferunt
769 2729 846 2766 nisi
872 2742 971 2778 quae
1001 2729 1098 2768 alibi
1130 2729 1253 2767 allata
1284 2727 1546 2777 offenderunt3
1577 2727 1645 2765 sed
1676 2727 1839 2778 dignum

282 2788 386 2836 quod
416 2789 655 2826 memoretur
692 2789 751 2826 est
783 2788 887 2837 quod
918 2788 991 2826 inc.
1022 2790 1072 2826 11
1107 2789 1179 2827 hae
1208 2790 1315 2826 nives
1345 2799 1446 2825 unus
1477 2787 1757 2837 grammaticus
1792 2785 1839 2824 de

282 2846 371 2884 dub.
398 2859 514 2895 nom.,
539 2848 579 2884 et
604 2860 693 2886 ann.
716 2848 739 2885 3
765 2859 859 2885 nam
885 2847 982 2886 latos
1001 2848 1168 2896 populos
1193 2859 1262 2897 eqs
1287 2846 1393 2885 solus
1418 2845 1568 2884 Probus
1596 2846 1663 2894 qui
1696 2845 1839 2883 dicitur

281 2905 327 2943 de
354 2906 505 2944 ultimis
531 2906 694 2956 syllabis
719 2906 1011 2955 perhibuerunt.
