2004 3278
276 206 371 242 CXII
831 205 857 240 Ι.
884 204 1111 240 HISTORIA
1129 204 1268 241 ENNII

271 320 405 370 orgica
436 318 606 356 traditus
638 319 698 356 est
729 318 1045 355 commentarius
1085 317 1162 363 Qui
1192 318 1275 356 sive
1304 329 1328 355 a
1352 317 1516 368 Berytio
1542 319 1626 358 sive
1652 331 1676 356 a
1701 319 1833 358 nescio

272 390 348 427 quo
375 378 454 415 alio
474 376 603 415 Probo
629 378 798 426 scriptus
819 378 889 425 est,
916 389 1035 426 quam
1055 377 1327 425 quaestionem
1345 389 1449 415 nunc
1467 390 1546 416 non
1565 379 1732 429 attingo,
1753 390 1834 416 001-

270 439 356 474 tum
388 436 597 474 0011311111111
629 448 653 473 0
683 436 879 486 principio
912 435 963 473 ad
993 435 1111 473 finem
1143 436 1386 486 exsequitur3
1417 449 1497 476 non
1526 438 1631 475 enim
1655 438 1834 488 singulos

270 508 404 534 versus
436 498 628 545 perpetua
659 496 909 533 enarratione
941 496 1171 543 comitatur,
1203 495 1271 533 sed
1300 507 1362 534 res
1394 494 1593 535 fabulosas
1624 497 1833 535 historicas

271 555 554 606 geographicas
586 555 888 603 astronomicas,
927 555 1206 603 cuiuscumque
1237 555 1392 605 generis
1423 567 1484 593 res
1517 556 1597 594 suis
1636 556 1733 594 locis
1771 568 1834 593 ex-

270 615 396 663 ponit,
419 614 651 664 plerumque
675 613 859 662 breviter,
884 613 953 652 sed
977 615 1022 651 ut
1046 614 1111 651 hic
1135 614 1220 651 illic
1240 615 1444 654 occasione
1464 616 1622 663 arrepta
1642 615 1834 664 ampliore

270 673 539 722 disputatione
564 676 743 724 vagetur,
775 674 886 712 velut
911 673 962 711 ad
986 672 1072 710 buc.
1101 673 1138 722 6,
1160 674 1210 710 31
1240 686 1277 722 p.
1302 674 1471 711 10—21
1499 673 1622 711 Keilii
1646 673 1693 711 (10
1719 675 1834 723 quat-

269 734 362 770 tuor
386 733 590 771 elementis
624 733 688 771 vel
720 732 771 770 ad
802 744 934 783 georg.
959 745 974 769 1
997 733 1079 770 233
1106 745 1144 781 p.
1167 732 1338 770 38—43
1354 732 1400 769 K.
1433 732 1482 770 de
1514 733 1690 782 quinque
1714 734 1833 771 zonis.

271 791 319 829 In
343 792 418 830 illa
441 793 567 842 igitur
591 791 872 841 disputatione,
900 803 1000 841 quae
1026 793 1085 829 031
1109 791 1348 840 pererudita,
1374 804 1464 830 cum
1489 791 1589 830 alios
1614 793 1734 830 testes
1759 791 1835 829 La-

270 852 375 889 tinos
402 849 571 889 Graecos
598 850 824 889 adhibuerit
848 852 935 888 tum
959 850 1151 888 nonnulla
1176 851 1298 888 etiam
1323 850 1507 888 Enniana
1533 853 1603 888 aut
1627 851 1732 889 solus
1765 853 1835 888 aut

271 922 359 948 cum
384 911 521 960 paucis
548 911 707 949 ascivit:
732 924 769 960 p.
794 911 860 958 11,
882 912 936 948 10
963 913 997 948 et
1020 910 1179 948 Ennius
1207 906 1350 958 ‘aspice
1374 911 1443 948 hoc
1472 910 1634 948 sublime
1665 911 1834 948 candens

270 981 381 1018 quem
405 972 542 1008 vocant
566 981 695 1008 omnes
715 966 875 1014 Iovem',
902 981 1019 1018 quem
1043 982 1200 1008 versum
1224 969 1341 1007 Festo
1367 970 1467 1007 teste
1493 981 1539 1007 ex
1559 969 1730 1018 Thyeste
1755 969 1833 1007 En-

270 1029 390 1067 niano
417 1022 480 1082 (v)
513 1031 714 1078 sumptum
745 1041 827 1067 esse
859 1030 1015 1066 constat
1047 1041 1242 1077 quemque
1268 1027 1404 1067 Cicero
1430 1027 1477 1065 de
1502 1030 1647 1066 natura
1672 1028 1834 1067 deorum

271 1088 390 1126 semel
416 1089 456 1125 et
479 1089 625 1126 iterum
651 1089 809 1136 citavit,
841 1087 909 1126 sed
933 1087 1124 1136 Probum,
1157 1088 1226 1136 qui
1254 1100 1299 1125 οο
1330 1087 1433 1125 libro
1460 1087 1646 1125 Tulliano
1678 1088 1833 1137 saepius

270 1159 362 1185 usus
389 1149 459 1196 est,
490 1147 580 1184 inde
606 1160 763 1186 versum
788 1148 910 1185 istum
934 1148 1159 1185 mutuatum
1185 1158 1278 1195 esse,
1311 1146 1496 1184 credibile
1521 1159 1600 1184 non
1626 1148 1686 1184 est
1718 1159 1835 1196 prop-

270 1208 380 1244 terea
401 1206 507 1255 quod
526 1219 626 1255 quae
647 1219 735 1244 cum
755 1219 800 1244 eo
821 1207 1031 1244 connexuit
1048 1206 1160 1244 illinc
1180 1206 1358 1243 mutuari
1376 1218 1455 1244 non
1473 1207 1617 1255 potuit.
1637 1205 1684 1243 In
1699 1205 1835 1243 eodem

271 1277 434 1304 excursu
468 1278 504 1314 p.
536 1266 588 1303 14
624 1277 694 1304 eur
726 1266 782 1303 ibi
817 1264 1014 1303 Anchisen
1053 1259 1169 1318 (Aen.
1195 1278 1236 1303 v1
1266 1266 1347 1302 724
1363 1259 1466 1316 sqq.)
1507 1266 1603 1313 facit
1633 1265 1835 1313 disputan-

272 1327 345 1363 tem
370 1325 471 1373 quod
494 1325 557 1363 hio
582 1319 670 1377 (ecl.
693 1318 737 1376 6)
762 1323 939 1362 Silenum
963 1324 1104 1363 deum?
1128 1324 1221 1362 Nisi
1246 1324 1347 1372 quod
1367 1327 1481 1372 poeta
1506 1324 1665 1362 Ennius
1689 1323 1834 1362 Anchi-

269 1395 337 1422 sen
368 1385 528 1432 augurii
559 1395 605 1421 ac
632 1395 707 1431 per
731 1384 799 1422 hoe
824 1384 950 1422 divini
975 1383 1162 1431 quiddam
1186 1384 1366 1422 habuisse
1384 1385 1605 1431 praesumit
1627 1385 1703 1422 sie:
1735 1380 1835 1422 ‘doc-

271 1445 404 1491 tusque
415 1442 678 1491 Anchisesque
692 1442 821 1481 Venus
839 1454 950 1491 quem
962 1443 1132 1490 pulchra
1151 1443 1313 1481 dearum
1337 1442 1440 1480 Fari
1464 1443 1634 1488 donavit,
1659 1443 1835 1481 divinum

263 1504 399 1550 pectus
423 1498 588 1540 habere’.
622 1502 799 1540 Naevius
825 1502 913 1540 belli
936 1502 1080 1540 Punici
1110 1502 1208 1540 libro
1233 1503 1341 1540 tertio
1371 1503 1447 1540 sic:
1479 1498 1695 1550 ‘postquam
1726 1513 1836 1540 avem

271 1562 421 1609 aspexit
449 1562 493 1599 in
524 1561 660 1608 templo
685 1558 876 1600 Anchisa'
904 1573 982 1610 eqs.
1008 1561 1155 1599 Versus
1181 1561 1303 1599 etiam
1328 1561 1477 1599 scholia
1496 1561 1740 1599 Veronensia
1766 1556 1836 1614 (ad

251 1619 367 1658 =Aen.
387 1632 418 1657 11
440 1614 543 1672 687)
575 1619 719 1657 habere
752 1620 833 1657 dixi
865 1633 910 1658 ea
936 1620 1064 1658 forma
1091 1632 1190 1668 quae
1216 1620 1265 1657 ab
1291 1620 1363 1657 1110
1388 1633 1466 1658 11011
1491 1620 1634 1659 leviter
1658 1620 1835 1668 discedit,

270 1681 317 1716 ut
348 1678 509 1717 difficile
541 1680 594 1718 sit
625 1678 841 1717 diiudicare
873 1681 963 1717 utra
995 1691 1018 1716 a
1049 1680 1254 1728 primitiva
1285 1680 1447 1728 propius
1479 1679 1600 1728 absit,
1632 1679 1699 1717 sed
1731 1681 1834 1717 certe

271 1740 455 1776 neutrum
486 1751 620 1776 00111111
652 1739 907 1788 interpretem
946 1738 995 1776 ab
1034 1739 1159 1776 altero
1196 1738 1365 1787 pendere
1398 1740 1579 1788 apertum
1604 1741 1673 1777 est.
1712 1738 1834 1776 Porro

271 1811 308 1847 p.
332 1798 398 1846 16,
420 1798 443 1835 2
470 1798 649 1837 similiter
673 1800 707 1835 et
732 1798 891 1836 Ennius
915 1799 958 1836 in
977 1798 1120 1836 Medea
1145 1798 1251 1836 exule
1271 1793 1377 1849 [XVI]
1398 1799 1442 1836 in
1460 1799 1520 1836 his
1538 1798 1712 1836 versibus
1732 1792 1834 1851 (scil.

274 1859 463 1905 quattuor
488 1857 769 1895 elementorum
794 1858 1035 1894 mentionem
1060 1851 1173 1907 fecit)

449 1916 628 1964 Iuppiter
653 1919 767 1964 tuque
793 1917 886 1955 adeo
911 1927 1058 1955 summe
1079 1915 1146 1953 Sol
1170 1917 1237 1964 qui
1261 1927 1322 1954 res
1347 1917 1472 1954 omnis
1496 1918 1614 1964 spicis

451 1975 598 2023 Quique
623 1979 687 2013 tuo
712 1987 799 2014 eum
824 1976 969 2013 lumine
993 1987 1101 2013 mare
1126 1978 1270 2013 terram
1295 1975 1444 2013 eaelum
1469 1977 1648 2019 contines,

449 2035 605 2083 Inspice
630 2036 698 2073 hoe
722 2036 891 2083 facinus,
909 2036 1146 2082 priusquam
1170 2035 1243 2081 fiat
1261 2035 1497 2084 prohibessis
1523 2035 1657 2073 scelus

273 2093 449 2139 Quorum
479 2106 664 2132 versuum
695 2094 827 2132 nullus
858 2096 1016 2143 praeter
1040 2093 1214 2131 Probum
1239 2094 1352 2131 testis
1378 2095 1516 2132 exstat.
1555 2093 1607 2131 Et
1631 2106 1668 2142 p.
1692 2093 1758 2141 18,
1781 2094 1833 2131 13

271 2153 340 2190 hoe
364 2153 464 2191 illud
489 2156 523 2191 et
547 2153 706 2191 Ennius
732 2153 942 2202 appellavit
965 2155 1009 2191 in
1040 2153 1250 2191 annalibus
1278 2151 1377 2202 [521
1392 2149 1468 2204 sq.]

453 2212 620 2260 Corpore
645 2215 813 2251 tartareo
831 2215 1030 2261 proynata
1054 2212 1209 2251 Paluda
1235 2213 1382 2261 vz‘rayo,

453 2271 529 2310 Cui
546 2284 628 2320 par
652 2272 774 2310 imber
799 2274 833 2310 et
855 2273 971 2320 iynis,
995 2273 1158 2319 spiritus
1183 2275 1217 2310 et
1236 2273 1372 2319 yravis
1397 2274 1511 2310 terra.

273 2329 449 2368 Primum
474 2330 615 2368 horum
640 2343 797 2369 versum
823 2332 943 2368 etiam
963 2330 1091 2369 Varro
1118 2330 1269 2379 citavit,
1295 2330 1430 2368 ambos
1457 2342 1558 2368 unus
1578 2329 1742 2378 Probus,
1768 2330 1833 2378 qui

273 2389 322 2427 iis
348 2392 393 2427 ut
419 2391 559 2428 ceteris
586 2390 637 2427 ad
662 2389 940 2428 stabiliendam
965 2402 1078 2429 suam
1097 2390 1144 2427 de
1165 2391 1356 2438 quattuor
1375 2390 1577 2431 elementis
1598 2389 1835 2427 sententiam

274 2449 410 2486 utitur.
436 2448 528 2486 Non
553 2461 663 2487 secus
688 2462 725 2498 p.
749 2450 815 2497 19,
838 2450 892 2487 10
918 2450 971 2487 ad
995 2449 1097 2497 quod
1122 2451 1390 2497 arqumentum
1416 2442 1517 2500 (scil.
1543 2461 1615 2497 pro
1635 2460 1724 2485 aere
1743 2460 1834 2486 ven-

272 2509 335 2545 tos
361 2502 506 2560 accipi)
533 2508 752 2557 colleyimus
771 2509 898 2546 Ennii
922 2508 1135 2556 exemplum
1160 2508 1206 2546 de
1231 2508 1436 2545 annalium
1462 2509 1569 2545 tertio
1593 2504 1657 2556 [11]
1679 2503 1728 2544 ‘et
1746 2507 1836 2545 den-

272 2568 328 2604 sis
353 2567 488 2614 aquila
505 2569 649 2614 pennis
675 2568 818 2606 obnioea
841 2568 996 2605 volabat
1028 2567 1144 2606 Vento
1169 2578 1280 2615 quem
1298 2566 1501 2614 perhibent
1524 2564 1693 2604 Graium
1714 2577 1836 2614 yenus

274 2638 368 2664 aera
393 2626 549 2674 linqua:
574 2628 614 2663 01
637 2627 708 2664 1103
736 2626 893 2675 quidem
919 2626 1016 2664 duos
1041 2638 1175 2664 rursus
1202 2626 1270 2675 qui
1295 2625 1476 2663 attulerit
1507 2637 1621 2663 nemo
1652 2625 1835 2664 inventus

275 2686 335 2722 est
359 2686 438 2722 nisi
462 2684 625 2723 Probus.
663 2685 843 2735 Denique
869 2699 905 2735 p.
929 2687 1001 2735 20,
1024 2687 1078 2723 20
1112 2684 1217 2734 quod
1248 2683 1385 2722 scribit
1415 2685 1560 2721 trinam
1591 2695 1669 2722 esse
1698 2684 1837 2722 mwndi

274 2745 462 2792 oriqinem
499 2746 534 2782 et
563 2744 771 2783 Lueretius
809 2746 1008 2792 confitetur
1039 2744 1167 2783 dicens
1200 2739 1244 2797 (v
1272 2737 1345 2795 92)
1379 2740 1586 2790 ‘principio
1623 2744 1754 2781 maria
1791 2754 1836 2780 ac

275 2800 414 2840 terras'
438 2815 505 2852 eqs
531 2806 567 2841 et
590 2804 667 2842 alio
693 2804 772 2842 loeo
799 2800 947 2842 ‘omnia
964 2815 1039 2851 per
1062 2804 1211 2841 sonitus
1237 2805 1339 2841 arcet
1362 2805 1506 2840 terram
1527 2813 1636 2840 mare
1660 2797 1836 2845 eaelum',

276 2861 439 2899 dubium
464 2875 543 2900 non
570 2864 638 2911 est,
666 2863 763 2911 quin
788 2862 955 2900 eundem
979 2874 1137 2901 versum
1162 2862 1269 2900 dicat
1295 2862 1404 2899 cuius
1429 2862 1584 2910 partem
1604 2859 1762 2899 Servius
1783 2861 1836 2897 ci-

275 2922 379 2959 tavit
412 2922 480 2969 qui
512 2921 633 2959 Ennii
665 2933 746 2960 esse
777 2923 948 2960 testatur
980 2918 1062 2969 ‘qui
1092 2922 1256 2969 fulmine
1287 2921 1391 2959 claro
1422 2921 1553 2958 omnia
1582 2931 1658 2967 per
1687 2920 1836 2957 sonitus
