2054 3282
766 215 936 250 MEDEA
955 214 1083 250 EXUL
1621 215 1707 258 165

908 333 942 368 Π

729 395 929 421 PAEDAGOG
936 395 980 421 vs
992 394 1119 427 (49—51)

144 442 230 484 255
263 441 455 498 Antiqua
482 443 596 485 erilis
622 443 707 485 fida
733 442 876 485 custos
903 443 1106 498 corporis,

262 513 372 564 Quid
399 515 457 557 sic
482 519 517 557 te
542 517 661 557 extra
685 513 800 556 aedis
827 515 1065 556 exanimata
1091 513 1313 555 eliminas?

901 619 952 654 ΙΙΙ

780 679 937 706 Nurmx
950 678 1003 712 (57.
1018 678 1064 712 58)

142 726 227 770 257
264 727 427 784 Cupido
456 729 567 784 cepit
592 728 791 770 miseram
815 741 929 770 nunc
953 742 1020 769 me
1046 726 1247 782 proloqui

261 798 387 842 Caelo
420 802 547 855 atque
573 802 709 842 terrae
735 799 902 842 Medeai
926 798 1132 841 miserias.

753 964 897 990 MEDEA
904 904 1080 998 Igu—218)

138 1014 224 1056 259
257 1014 373 1065 Quae
406 1013 659 1056 Corinthum
691 1028 829 1056 arcem
862 1014 993 1055 altam
1024 1014 1192 1056 habetis
1224 1016 1443 1056 matronae
1476 1013 1702 1068 opulentae

1205 1085 1446 1140 optimates,

255 1157 386 1199 Multi
413 1172 532 1199 suam
557 1172 646 1198 rem
672 1157 779 1198 bene
805 1170 973 1213 gessere
999 1159 1041 1198 et
1066 1156 1283 1212 publicam
1307 1156 1446 1212 patria
1470 1156 1633 1211 procul,

137 1229 219 1270 261
255 1228 382 1270 Multi
409 1228 482 1283 qui
509 1228 624 1270 domi
651 1230 832 1270 aetatem
860 1230 1032 1284 agerent
1058 1230 1283 1283 propterea
1309 1230 1408 1270 sunt
1432 1227 1676 1283 improbati.

136 1370 371 1404 artificiosius
385 1369 565 1404 instituit:
587 1380 661 1414 qua
681 1369 726 1403 de
746 1379 784 1403 re
800 1367 995 1410 Ὓπόθεσις
1010 1367 1184 1414 Μηδείας
1202 1369 1295 1403 haec
1308 1369 1423 1404 habet
1437 1370 1644 1405 ἐπαινεῖται
1659 1368 1699 1404 δὲ

134 1422 157 1467 ἡ
178 1422 321 1469 εἰσβολὴ
343 1422 407 1458 διὰ
426 1422 467 1457 τὸ
486 1425 706 1467 παθητικῶς
727 1422 824 1467 ἄγαν
846 1422 942 1468 ἔχειν
961 1422 1026 1457 καὶ
1044 1421 1067 1466 ἡ
1089 1421 1344 1468 ἐπεξεργασία·
1369 1420 1457 1468 μηδ’
1482 1422 1521 1458 ἐν
1542 1421 1699 1458 νάπαισι

135 1477 199 1511 καὶ
216 1476 263 1511 τὰ
278 1476 373 1522 ἑξῆς·
392 1474 480 1521 ὅπερ
495 1475 683 1522 ἀγνοήσας
700 1474 907 1522 Τιμαχίδας
924 1478 973 1523 τῷ
988 1474 1126 1522 ὑστέρῳ
1147 1476 1238 1521 φησὶ
1257 1477 1389 1523 πρώτῳ
1410 1479 1628 1523 κεχρῆσθαι,
1649 1476 1698 1516 ὡς

133 1527 293 1575 ’Όμηρος
307 1528 389 1575 [Od.
404 1542 426 1563 v
447 1529 558 1575 264].’

253 1582 286 1617 II
307 1584 402 1628 (255)
440 1582 583 1617 Nonius
602 1595 637 1627 p.
654 1586 709 1625 39,
725 1586 745 1616 3
763 1582 977 1617 ‘eliminare
997 1583 1101 1617 extra
1120 1582 1234 1616 limen
1255 1582 1373 1617 eicere
1390 1611 1395 1616 .
1414 1611 1419 1616 .
1437 1611 1442 1617 .
1459 1583 1601 1618 Ennius
1621 1583 1698 1618 Me—

134 1637 204 1671 dea
218 1637 365 1682 (metea)
380 1636 486 1670 exule
501 1636 680 1680 «antiqua
700 1636 800 1671 erilis
815 1664 820 1669 .
838 1663 844 1669 .
861 1635 1024 1680 corporis
1039 1636 1182 1681 (poris
1203 1635 1260 1671 vel
1280 1636 1413 1682 foris)
1429 1648 1462 1681 q.
1478 1637 1525 1671 sit
1545 1638 1649 1671 extra
1664 1648 1695 1671 a.

133 1690 345 1725 examinata
364 1690 564 1725 elimina»)
686 1689 789 1723 Idem
808 1701 843 1734 p.
860 1693 939 1732 292,
956 1692 999 1723 17
1022 1689 1235 1724 ‘eliminare
1255 1690 1311 1724 est
1331 1689 1439 1724 exire.
1460 1690 1602 1724 Ennius
1621 1690 1697 1724 Me-

134 1744 204 1778 dea
230 1743 337 1778 exule
357 1743 537 1788 «antiqua
563 1743 668 1778 edilis
688 1742 895 1788 (aedilis)
912 1771 917 1776 .
936 1771 941 1777 .
959 1771 965 1777 .
987 1743 1035 1778 sit
1060 1744 1164 1777 extra
1190 1754 1221 1777 a.
1242 1744 1455 1778 examinata
1479 1744 1694 1779 eliminat».'

251 1797 417 1842 Euripid.
432 1800 477 1831 49
491 1796 653 1832 παλαιὸν
667 1795 780 1832 οἴκων
794 1801 912 1841 κτῆμα
927 1794 1127 1842 δεσποίνης
1140 1796 1238 1841 ἐμῆς,
1254 1794 1290 1831 τί
1308 1796 1403 1840 πρὸς
1420 1796 1574 1831 πύλαισι
1587 1795 1693 1841 τήνδ’

133 1848 263 1895 ἄγουσ’
282 1848 437 1895 ἐρημίαν
458 1849 622 1895 ἕστηκας,
643 1849 736 1894 αὐτὴ
756 1848 943 1895 θρεομένη
963 1855 1079 1896 σαυτῇ
1099 1849 1215 1894 κακά;

250 1903 301 1938 ΙΙΙ
321 1905 417 1949 (257)
456 1903 582 1939 Cicero
603 1903 708 1938 Tusc.
725 1903 819 1948 disp.
834 1917 876 1938 111
897 1907 952 1946 26,
969 1907 1012 1938 63
1029 1904 1136 1938 ‘sunt
1156 1904 1282 1938 autem
1308 1903 1384 1946 alii,
1413 1914 1504 1947 quos
1531 1903 1570 1937 in
1592 1903 1696 1938 luctu

132 1969 215 1992 cum
240 1957 323 2003 ipsa
349 1957 550 1992 solitudine
568 1956 673 2001 loqui
693 1967 803 2002 saepe
824 1956 997 2000 delectat,
1017 1957 1060 1991 ut
1078 1956 1145 1991 illa
1165 1957 1266 2002 apud
1284 1956 1446 1991 Ennium
1465 1957 1591 1991 nutrix
1611 1968 1695 1992 «cu-

130 2011 219 2055 pido
236 2039 241 2045 .
256 2038 262 2045 .
277 2039 282 2045 .
300 2011 452 2046 Medeae
464 2010 683 2046 miserias»)
788 2010 955 2054 Euripid.
973 2013 1016 2044 57
1038 2008 1161 2054 ’ἵμερός
1180 2007 1218 2053 μ’
1235 2010 1380 2054 ὑπῆλθε
1401 2015 1446 2055 γῇ
1465 2022 1502 2044 τε
1523 2009 1694 2056 κούρανῷ

131 2062 231 2106 λέξαι
250 2064 410 2110 μολούσῃ
431 2066 541 2107 δεῦρο
562 2061 761 2108 δεσποίνης
780 2063 850 2108 (vel
869 2061 1054 2108 Μηδείας)
1074 2062 1196 2109 τύχας.

249 2117 300 2152 IV
314 2119 409 2162 (259)
448 2116 573 2151 Cicero
595 2117 642 2151 ad
662 2116 748 2150 fam.
764 2129 815 2150 v11
837 2120 868 2159 6,
884 2119 902 2150 1
921 2116 931 2133 ‘
942 2115 1128 2150 desideria
1141 2115 1244 2150 urbis
1259 2116 1296 2150 et
1308 2115 1534 2150 urbanitatis
1550 2116 1694 2160 depone

131 2172 169 2205 et
188 2182 260 2216 quo
288 2170 442 2205 consilio
467 2169 656 2215 profectus
677 2180 714 2204 es
740 2169 779 2203 id
806 2168 1027 2203 assiduitate
1047 2170 1085 2203 et
1103 2169 1239 2203 virtute
1267 2179 1500 2212 consequere.
1527 2169 1598 2203 hoc
1622 2168 1693 2203 tibi

129 2225 207 2258 tam
227 2224 460 2269 ignoscemus
480 2233 546 2257 nos
567 2222 688 2265 amici,
709 2233 821 2267 quam
834 2222 1056 2268 ignoverunt
1068 2222 1232 2264 Medeae,
1248 2233 1367 2266 «quae
1381 2221 1598 2257 Corinthum
1612 2233 1643 2257 a.
1660 2234 1690 2257 a.

129 2277 321 2312 habebant
338 2289 385 2311 m.
401 2287 432 2311 o.
448 2276 682 2321 optimates»,
698 2275 832 2320 quibus
852 2275 919 2310 illa
937 2275 1110 2310 manibus
1129 2275 1404 2321 gypsatissimis
1430 2276 1626 2320 persuasit,
1646 2287 1693 2310 ne

130 2330 202 2365 sibi
221 2330 312 2366 vitio
332 2330 420 2365 illae
440 2330 634 2372 verterent,
655 2329 755 2373 quod
775 2328 921 2364 abesset
941 2340 963 2363 a
981 2329 1121 2374 patria:
1142 2339 1230 2364 nam
1249 2329 1381 2365 «multi
1397 2357 1403 2363 .
1421 2357 1426 2362 .
1444 2357 1450 2362 .
1466 2329 1691 2374 improbati»

131 2385 213 2428 (260
224 2385 304 2429 sq.);
315 2395 388 2428 quo
402 2383 441 2418 in
454 2393 606 2417 numero
620 2384 662 2417 tu
679 2383 777 2417 certe
790 2382 935 2424 fuisses,
946 2382 1018 2417 nisi
1032 2383 1069 2416 te
1083 2381 1374 2417 extrusissemus.
1388 2382 1415 2416 ².
1428 2410 1433 2416 .
1446 2383 1502 2416 .tu
1517 2383 1581 2427 qui
1595 2384 1692 2418 cete-

129 2437 179 2472 ris
194 2447 322 2472 cavere
337 2436 503 2471 didicisti
517 2436 579 2481 (ad
592 2435 809 2470 Trebatium
823 2435 976 2480 scribit),
990 2435 1029 2470 in
1042 2435 1239 2471 Britannia
1252 2446 1298 2470 ne
1313 2435 1360 2470 ab
1375 2436 1572 2471 essedariis
1593 2436 1691 2471 deci—

128 2490 245 2535 piaris
260 2491 398 2532 caveto,
413 2491 452 2524 et
471 2489 647 2534 quoniam
666 2488 838 2523 Medeam
858 2488 963 2533 coepi
983 2499 1104 2534 agere,
1124 2488 1219 2523 illud
1240 2499 1384 2535 semper
1402 2491 1587 2524 memento
1603 2490 1691 2534 «qui

128 2543 209 2588 ipse
234 2543 305 2578 sibi
326 2542 473 2588 sapiens
492 2543 666 2588 prodesse
687 2553 762 2577 non
782 2541 865 2587 quit
883 2542 1110 2587 nequiquam
1130 2542 1252 2588 sapit»
1268 2543 1390 2588 (273).’
1502 2543 1610 2578 Hunc
1630 2554 1690 2578 ex-

249 2714 331 2753 256
353 2716 408 2753 sic
427 2716 466 2752 te
486 2714 575 2752 olim
595 2724 708 2752 corta:
729 2713 781 2751 sit
890 2715 1112 2753 exanimata
1126 2714 1215 2753 olim
1229 2726 1343 2753 comm:
1364 2715 1588 2752 examinata

129 2774 307 2812 eliminas
327 2774 529 2812 Merccrus
651 2773 733 2810 258
760 2772 913 2810 Medeai
934 2773 1154 2812 Turnebus:
1173 2774 1332 2812 Medeae
1454 2773 1683 2811 259—261

128 2833 261 2870 Metra
290 2834 532 2881 recuperavit
555 2833 760 2870 octonariis
785 2833 946 2870 mixtum
976 2835 1236 2881 septenarium
1267 2834 1468 2871 restituens
1487 2832 1687 2870 Bentlea'us

129 2892 181 2929 acl
194 2892 330 2929 Darnis.
348 2892 458 2930 Tusa.
474 2893 571 2939 disp.
588 2892 672 2929 edit.
686 2903 727 2939 p.
747 2888 811 2928 26.
835 2890 893 2938 Cf.
909 2893 962 2930 acl
979 2900 1062 2939 244
1186 2893 1266 2930 261
1291 2891 1395 2941 quod
1410 2891 1516 2929 domi
1532 2891 1686 2930 Wesen-

129 2951 300 2998 beryius,·
318 2951 452 2990 mali-m
471 2953 565 3001 quia
