2054 3282
554 156 852 192 CUPUNCULA.
879 155 1271 190 PANCRATIASTES
1609 158 1629 199 1
1636 157 1662 199 9
1669 155 1689 195 1

647 323 894 367 SCENICA
925 323 1049 366 FAB.
1076 323 1186 367 INC.

909 429 926 464 Ι

764 494 1062 521 NEOPTOLEMUS

135 543 220 586 376
246 543 548 598 Philosophari
559 547 622 585 est
632 544 738 585 mihi
751 558 931 597 necesse,
946 542 1109 597 paucis:
1123 557 1221 584 nam
1234 543 1407 585 omnino
1421 543 1534 585 haud
1545 543 1695 598 placet.

252 615 566 669 Deynstandum
598 629 646 657 ex
670 615 945 669 philosophia,
971 628 1055 656 non
1079 615 1126 656 in
1151 628 1241 656 eam
1267 615 1607 669 inyuryitandmn

899 730 933 763 II

135 793 219 834 378
253 791 409 834 Omnes
442 792 544 832 dant
576 790 802 833 consilium
831 805 987 832 vanum
1019 793 1147 844 atque
1179 791 1229 831 ad
1257 790 1520 845 voluptatem
1554 793 1696 835 omnia

251 957 355 991 FAB.
376 956 466 991 INC.
494 955 510 989 I
524 957 619 1001 (376)
647 955 772 990 Cicero
787 955 891 990 Tusc.
906 955 999 1000 disp.
1012 968 1039 989 11
1055 959 1086 998 1,
1097 959 1114 989 1
1130 955 1415 1000 ‘Neoptolemus
1430 956 1581 999 quidem
1596 958 1697 1002 apud

134 1010 294 1044 Ennium
315 1010 586 1054 «philosophari
604 1009 696 1044 sibi»
718 1009 772 1043 ait
792 1020 949 1045 «neeesse
968 1020 1051 1051 esse,
1069 1009 1131 1044 sed
1154 1008 1300 1054 paucis:
1322 1019 1409 1043 nam
1429 1010 1578 1044 omnino
1596 1010 1697 1045 haud
1752 1050 1754 1052 ,

133 1063 314 1109 placere».
331 1073 399 1108 ego
414 1064 550 1105 autem,
564 1062 687 1105 Brute,
709 1072 858 1097 necesse
877 1062 970 1096 mihi
983 1061 1141 1106 ‘quidem
1161 1073 1241 1096 esse
1261 1062 1421 1097 arbitror
1439 1062 1697 1108 philosophari

135 1145 142 1152 .
160 1145 166 1151 .
183 1145 189 1151 .
206 1117 270 1151 sed
290 1127 364 1151 non
382 1116 524 1161 paucis,
544 1117 587 1150 ut
605 1115 691 1150 ille.
709 1145 714 1150 .
733 1144 738 1150 .
755 1115 768 1135 ²
782 1116 846 1150 sed
865 1117 992 1150 tamen
1011 1116 1050 1149 in
1069 1115 1148 1150 vita
1168 1117 1350 1161 occupata
1370 1117 1493 1160 atque,
1514 1118 1556 1151 ut
1574 1116 1609 1150 N
1611 1127 1696 1162 eop-

133 1170 262 1204 tolemi
281 1172 361 1204 tum
380 1171 470 1213 erat,
490 1169 646 1204 militari
665 1179 787 1214 pauca
806 1169 889 1214 ipsa
908 1169 1068 1203 multum
1087 1180 1199 1214 saepe
1218 1170 1400 1214 prosunt.'
1527 1170 1631 1205 Idem
1651 1171 1696 1211 de

134 1224 225 1258 orat.
237 1237 264 1257 11
278 1226 333 1266 37,
348 1227 415 1258 156
429 1223 439 1240 ‘
450 1223 502 1257 sic
517 1223 662 1258 decrevi
674 1222 932 1267 philosophari
946 1222 1071 1267 potius
1084 1224 1127 1256 ut
1140 1222 1406 1267 Neoptolemus
1421 1223 1521 1268 apud
1535 1223 1696 1257 Ennium

134 1277 304 1322 «paucis2
325 1287 413 1311 nam
433 1276 582 1311 omnino
602 1276 704 1310 haud
724 1276 899 1321 placet».'
1016 1275 1118 1310 Idem
1133 1276 1179 1310 de
1192 1286 1231 1310 re
1245 1288 1279 1321 p.
1293 1289 1305 1310 1
1322 1279 1376 1319 18,
1389 1279 1433 1310 30
1451 1276 1592 1322 ‘magis
1613 1287 1697 1311 eum

134 1329 227 1375 (Sex.
242 1330 403 1376 Aelium)
418 1330 631 1365 delectabat
644 1329 912 1375 Neoptolemus
925 1329 1033 1373 Enni,
1055 1329 1119 1374 qui
1133 1340 1213 1365 «se»
1234 1329 1290 1364 ait
1309 1330 1513 1373 «filosofari
1531 1331 1628 1373 velle,
1646 1335 1698 1366 set

132 1383 279 1429 paucis:
306 1394 393 1418 nam
419 1384 568 1418 omnino
588 1383 690 1418 haud
715 1383 914 1428 placere»)
1035 1382 1176 1418 Gellius
1196 1396 1219 1418 v
1241 1386 1295 1426 15,
1311 1386 1330 1417 9
1349 1382 1581 1418 ‘Ennianum
1600 1383 1696 1418 Neo-

132 1436 337 1482 ptolemum
350 1436 611 1482 probabamus,
628 1437 691 1481 qui
705 1436 871 1481 profecto
886 1437 940 1470 ita
954 1437 1009 1471 ait
1022 1437 1373 1481 «philosophandum
1386 1441 1435 1471 est
1447 1437 1594 1482 paucis:
1610 1448 1697 1472 nam

134 1490 282 1525 omnino
302 1491 396 1525 haut
413 1490 589 1535 placet»)
707 1490 810 1524 Idem
832 1493 885 1532 16,
902 1493 921 1524 5
939 1490 949 1506 ‘
961 1490 1026 1524 sed
1045 1491 1083 1524 et
1102 1490 1163 1524 hic
1183 1500 1227 1524 ea
1247 1500 1343 1534 quae
1363 1501 1437 1524 non
1458 1490 1598 1525 diutius
1617 1502 1697 1525 mu-

134 1544 351 1589 ginandum,
371 1544 611 1588 eiusdemque
631 1543 732 1578 illius
746 1543 907 1578 Enniani
920 1543 1167 1588 Neoptolemi,
1190 1544 1235 1578 de
1255 1555 1328 1588 quo
1346 1554 1458 1588 supra
1471 1544 1696 1588 scripsimus,

135 1596 288 1631 consilio
302 1597 482 1631 utendum
497 1599 562 1640 est,
577 1597 641 1641 qui
656 1597 954 1642 «degustandum
968 1607 1011 1631 ex
1025 1596 1286 1641 philosophia»
1302 1598 1436 1639 censet,
1452 1608 1549 1633 «non
1562 1597 1601 1631 in
1615 1608 1697 1632 eam

133 1649 492 1695 ingurgifflndum»)
614 1650 795 1695 Apuleius
819 1649 994 1696 apologia
1016 1653 1058 1684 13
1079 1650 1128 1684 in.
1147 1650 1217 1684 ‘da
1239 1650 1355 1695 igitur
1380 1650 1526 1685 veniam
1548 1650 1697 1686 Platoni

132 1703 355 1748 philosopho
376 1713 546 1737 versuum
567 1703 645 1738 eius
666 1703 711 1737 de
732 1713 867 1745 amore,
887 1714 934 1737 ne
954 1714 1022 1748 ego
1043 1714 1192 1738 necesse
1212 1703 1373 1738 habeam
1396 1705 1526 1738 contra
1551 1705 1697 1738 senten-

132 1756 226 1791 tiam
244 1756 481 1801 Neoptolemi
501 1756 663 1791 Enniani
682 1756 852 1802 pluribus
871 1756 1156 1801 philosophari.'
1274 1756 1385 1792 Cuius
1404 1756 1556 1792 fabulae
1575 1757 1696 1802 philo—

134 1810 295 1855 sophans
321 1810 392 1844 iste
420 1809 686 1855 Neoptolemus
715 1809 830 1844 fuerit
855 1809 1058 1856 ignoratur.
1088 1809 1281 1844 Sententia
1307 1810 1391 1855 ipsa
1419 1821 1464 1845 ea
1491 1810 1606 1845 ferme
1630 1812 1696 1854 est,

134 1874 246 1907 quam
267 1862 437 1898 Callicles
458 1863 602 1898 Socrati
617 1863 784 1898 insinuat
800 1863 839 1897 in
855 1863 949 1898 Plat.
966 1863 1075 1909 Gorg.
1091 1866 1187 1898 4840
1207 1861 1412 1908 φιλοσοφία
1432 1863 1502 1909 γάρ
1521 1862 1579 1899 τοί
1600 1856 1697 1899 &aab

134 1912 162 1951 ὦ
175 1917 373 1961 Σώκρατες
390 1914 531 1963 χαρίεν,
552 1916 598 1952 ἄν
617 1930 673 1957 τις
692 1917 808 1952 αὐτοῦ
828 1915 981 1962 μετρίως
995 1916 1139 1962 ἅψηται
1156 1917 1195 1952 ἐν
1213 1922 1257 1963 τῇ
1278 1915 1414 1965 ἡλικίᾳ,
1429 1917 1495 1952 ἐὰν
1509 1916 1550 1953 δὲ
1569 1930 1697 1962 περαι-

131 1968 224 2014 τέρω
249 1975 315 2004 τοῦ
341 1968 491 2010 δέοντος
516 1968 749 2017 ἐνδιατρίψῃ,
778 1969 977 2015 διαφθορὰ
995 1976 1069 2005 τῶν
1089 1970 1313 2015 ἀνθρώπων,
1337 1969 1389 2004 Cf.
1410 1970 1500 2004 ibid.
1516 1973 1584 2004 487
1594 1981 1622 2005 c.
1639 1970 1696 2005 Ci-

135 2033 217 2057 cero
238 2023 284 2056 de
303 2022 365 2056 fin.
381 2036 394 2056 1
415 2026 446 2066 1,
463 2027 493 2058 1.

253 2075 287 2108 H
306 2077 402 2121 (378)
429 2075 567 2111 Fronto
582 2086 637 2120 ep.
652 2076 700 2110 ad.
714 2075 815 2110 Caes.
831 2089 859 2110 11
874 2079 917 2110 10
930 2088 966 2121 p.
980 2079 1024 2110 33
1037 2076 1133 2111 Nab.
1149 2076 1159 2093 ‘
1170 2076 1366 2110 adfinitate
1381 2076 1562 2111 sociatum
1576 2087 1696 2121 neque

134 2128 276 2163 tutelae
296 2127 503 2163 subditum:
523 2130 718 2173 praeterea
737 2129 775 2162 in
796 2139 840 2163 ea
858 2128 1008 2163 fortuna
1029 2129 1283 2173 constitutum,
1303 2129 1342 2163 in
1356 2140 1431 2173 qua
1443 2131 1485 2163 ut
1500 2129 1539 2172 Q.
1555 2129 1696 2164 Ennius

135 2181 190 2216 ait
210 2192 358 2218 «omnes
375 2210 381 2215 .
398 2211 403 2216 .
422 2211 427 2216 .
445 2182 566 2226 adque
582 2211 587 2216 .
606 2210 612 2216 .
628 2182 803 2218 omnia».'

255 2361 336 2398 376
352 2371 404 2407 sq.
420 2360 696 2410 Philosophari
710 2361 768 2398 est
781 2360 878 2397 mihi
891 2371 1057 2408 necesse,
1072 2361 1114 2397 at
1125 2360 1262 2409 paucis
1279 2359 1326 2399 G.
1337 2361 1373 2398 I.
1391 2360 1551 2399 Vossius
1564 2363 1694 2410 eastiq.

132 2431 174 2467 p.
193 2427 243 2466 57
267 2419 625 2469 philosophandum
646 2422 704 2457 est
722 2420 858 2469 paucis
878 2419 935 2457 vel
961 2421 1020 2457 est
1039 2419 1093 2456 mi
1113 2419 1267 2468 paucis:
1290 2432 1383 2458 nam
1403 2422 1491 2458 ante
1511 2420 1695 2469 vuzyaba-

134 2481 218 2525 tur,·
237 2479 305 2516 sed
329 2481 493 2526 apparet
515 2490 593 2516 non
611 2479 734 2526 plane
759 2481 900 2516 certam
927 2489 1004 2516 esse
1022 2479 1138 2516 huius
1156 2490 1291 2518 versus
1309 2480 1498 2527 formam;
1515 2481 1696 2518 incertior

134 2538 304 2582 alterius,
325 2549 442 2585 quam
453 2537 683 2576 Ribbeekius
702 2539 792 2576 olim
812 2549 855 2576 ex
871 2537 993 2575 Gellio
1012 2538 1080 2575 hoe
1098 2539 1208 2576 modo
1228 2540 1526 2578 concinnaverat
1543 2539 1694 2590 Degus-

134 2596 299 2634 tandum
322 2610 368 2635 ex
391 2609 448 2645 ea,
470 2610 548 2634 non
570 2597 612 2634 in
635 2609 721 2635 eam
743 2597 1069 2647 ingurgitandum
1092 2609 1228 2636 censeo
1237 2611 1251 2645 ,·
1275 2599 1342 2637 sed
1366 2599 1459 2637 haee
1483 2610 1585 2636 mere
1608 2598 1695 2637 Gel-

134 2655 244 2694 liwna
264 2667 353 2705 esse,
366 2657 503 2704 quibus
521 2657 556 2694 is
567 2658 716 2704 prioris
733 2667 868 2694 versus
885 2658 1111 2695 sententiam
1129 2669 1198 2695 suo
1208 2658 1384 2705 periculo
1402 2658 1640 2702 reddidisset,
1653 2659 1695 2695 id

135 2716 235 2762 quod
245 2719 381 2763 postea
399 2715 630 2753 Ribbeckius
655 2716 825 2760 eredidit,
845 2716 939 2753 mihi
963 2716 1119 2754 minime
1135 2718 1338 2764 persuasit
1354 2716 1608 2761 Mercklinus,
1628 2718 1695 2764 qui

133 2775 177 2812 in
203 2774 327 2813 libello
354 2787 424 2813 suo
452 2776 499 2812 de
525 2775 696 2822 fontibus
723 2774 838 2813 Gellii
857 2769 1061 2828 (Fleckeis.
1081 2788 1173 2814 arm.
1191 2777 1316 2823 suppl.
1336 2770 1401 2829 m)
1421 2787 1464 2823 p.
1485 2773 1568 2811 668
1597 2776 1695 2814 nihil

127 2834 249 2880 plusne
273 2834 401 2872 attulit
420 2829 486 2887 (ef.
499 2846 541 2881 p.
562 2829 665 2887 699)
687 2845 759 2881 quo
785 2846 830 2872 ea
855 2835 1024 2882 opinatio
1049 2836 1204 2882 firmari
1222 2846 1337 2883 posse
1361 2835 1548 2872 videatur.
1568 2835 1694 2873 Inrmo

127 2892 329 2940 probabile
349 2896 403 2931 est
413 2893 700 2941 Neoptolemum
718 2905 796 2932 non
814 2905 892 2932 uno
910 2895 981 2932 isto
1000 2905 1115 2933 versu
1133 2895 1355 2942 defumetum
1373 2895 1440 2932 sed
1450 2894 1634 2941 ptaribus
1651 2895 1694 2932 in
