2054 3282
730 177 989 212 ANNALIUM
1014 176 1100 211 LIB.
1121 176 1188 211 XII
1680 175 1734 216 67

931 296 983 330 IV

296 355 410 391 Carus
429 355 503 391 fuit
516 355 692 390 Africano
713 355 894 401 superiori
913 356 1039 390 noster
1057 354 1209 397 Ennius,
1229 354 1357 398 itaque
1377 353 1492 388 etiam
1510 353 1550 387 111
1570 352 1737 398 sepulcro

177 409 392 455 Scipionum
416 410 571 454 putatur
595 409 627 444 is
653 420 732 444 esse
759 409 983 443 constitutus
1010 419 1054 442 ex
1078 418 1276 442 marmore:
1310 407 1414 442 cuius
1439 406 1614 441 laudibus
1641 407 1738 440 certe

176 474 251 497 non
276 462 394 498 solum
419 463 499 508 ipse
526 463 590 507 qui
615 462 792 497 laudatur
817 462 882 496 sed
903 461 1016 496 etiam
1035 461 1165 506 populi
1185 461 1344 495 Romani
1363 471 1497 495 nomen
1517 461 1679 494 ornatur.
1700 459 1740 492 in

178 516 322 552 caelum
346 516 456 551 huius
482 527 641 561 proavus
668 515 758 550 Cato
784 515 944 550 tollitur:
972 525 1131 560 magnus
1156 514 1273 548 honos
1299 513 1429 559 populi
1452 513 1610 547 Romani
1630 512 1739 546 rebus

178 570 404 615 adiungitur.
427 580 552 604 omnes
574 569 734 613 denique
759 568 816 603 illi
835 568 1000 611 Maximi,
1021 567 1199 610 Marcelli,
1221 567 1342 602 Fulvii
1362 578 1435 601 non
1456 567 1533 601 sine
1555 565 1740 601 communi

178 623 342 658 omnium
367 624 533 657 nostrum
557 623 669 657 laude
695 622 926 656 decorantur.
954 632 1041 666 ergo
1060 621 1167 655 illum
1187 621 1250 665 qui
1270 621 1362 656 haec
1381 620 1531 664 fecerat,
1551 620 1741 654 Rudinum

177 677 375 719 hominem,
396 676 553 711 maiores
574 675 691 711 nostri
710 675 748 710 in
769 675 958 710 civitatem
978 676 1206 719 receperunt.

942 757 976 792 V

297 819 494 854 Claudium
519 819 557 853 et
575 818 805 853 Tuditanum
830 817 999 852 consules
1020 818 1225 861 sequuntur
1245 816 1284 858 Q.
1300 816 1471 851 Valerius
1492 818 1529 851 et
1550 816 1584 851 C.
1607 816 1738 851 Mami-

179 874 251 907 lius
272 872 509 919 (Manilius
535 872 635 917 libri)
662 872 797 916 quibus
822 873 953 906 natum
979 882 1058 905 esse
1079 871 1118 913 Q.
1140 871 1301 904 Ennium
1327 872 1477 915 poetam
1496 870 1543 904 M.
1559 870 1676 904 Varro
1702 870 1741 904 in

179 927 298 972 primo
331 927 376 960 de
407 926 528 971 poetis
560 925 654 960 libro
687 925 836 970 scripsit
868 936 1025 969 eumque
1058 936 1141 958 cum
1173 924 1372 969 septimum
1404 925 1441 957 et
1472 924 1742 969 sexagesimum

181 982 238 1025 (s.
256 979 525 1025 ,agesimum
551 990 634 1013 cum
659 978 862 1013 interstitio
886 991 912 1012 11
931 978 989 1013 vel
1013 991 1053 1012 111
1074 978 1131 1013 vel
1154 990 1189 1012 1v
1211 977 1421 1012 litterarum
1448 977 1617 1012 nonnulli
1642 977 1742 1022 libri)

181 1062 319 1085 anuum
338 1050 502 1092 haberet,
524 1050 784 1085 duodecimum
802 1052 836 1096 ζ*
845 1039 908 1084 {zui}
928 1060 1032 1084 eraso
1052 1062 1075 1083 x
1096 1049 1199 1084 Voss.
1220 1049 1323 1094 min.)
1351 1049 1523 1084 annalem
1553 1049 1744 1093 scripsisse

181 1105 294 1149 idque
313 1105 435 1149 ipsum
455 1104 617 1138 Ennium
636 1104 675 1139 in
695 1104 825 1138 eodem
844 1103 939 1138 libro
961 1104 1092 1138 dicere.

937 1186 988 1221 VI

183 1249 269 1291 374
302 1247 422 1291 Sicut
453 1249 576 1291 fortis
603 1263 748 1304 equus,
780 1248 920 1304 spatio
955 1248 1028 1303 qui
1060 1263 1183 1303 saepe
1216 1263 1414 1303 supremo

303 1320 421 1362 Vicit
453 1318 664 1375 Olympia,
695 1334 810 1362 nunc
841 1320 958 1362 senio
991 1320 1210 1362 confectus
1243 1319 1424 1374 quiescit

932 1413 1000 1448 VII

185 1476 270 1517 376
839 1474 1061 1530 Messapus

303 1597 353 1632 IV
391 1597 516 1632 Cicero
542 1608 608 1642 pro
629 1597 766 1632 Archia
787 1601 817 1640 9,
834 1601 895 1632 22:
923 1597 1026 1632 cuius
1052 1598 1164 1632 verba
1189 1598 1250 1632 hic
1276 1598 1474 1632 inserenda
1499 1597 1598 1640 duxi,
1620 1608 1748 1642 quam-

186 1662 297 1695 quam
318 1650 455 1696 singuli
476 1662 567 1694 quos
588 1650 757 1695 appellat
776 1652 813 1684 et
833 1650 908 1684 suis
934 1651 1108 1685 nimirum
1128 1651 1218 1686 locis
1238 1651 1385 1686 laudati
1404 1651 1562 1686 fuerant.

302 1703 336 1738 V
374 1704 514 1739 Gellius
535 1717 610 1739 xvu
629 1708 685 1746 21,
700 1707 755 1738 43.
776 1703 847 1738 Cur
866 1705 904 1738 et
918 1704 989 1738 hoc
1002 1704 1257 1739 testimonium
1271 1705 1317 1738 de
1331 1704 1442 1739 Ennii
1456 1706 1580 1739 aetate
1594 1706 1631 1739 et
1643 1715 1750 1749 prae-

186 1758 334 1792 conium
353 1757 461 1792 Fabii
481 1759 545 1803 (11),
567 1768 586 1791 e
607 1757 826 1792 duodecimo
847 1757 974 1792 annali
994 1758 1151 1792 citatum
1169 1759 1378 1802 utrumque,
1393 1758 1480 1792 huic
1495 1758 1622 1793 annali
1635 1768 1749 1792 reser-

186 1811 348 1846 vandum
379 1811 547 1845 duxerim
578 1811 815 1855 rationesque
848 1821 940 1854 quas
971 1811 1137 1846 habeant
1161 1811 1232 1846 hae
1259 1811 1355 1846 duae
1383 1811 1564 1855 reliquiae
1590 1812 1687 1846 inter
1713 1823 1751 1845 se

186 1866 381 1909 tantopere
407 1864 660 1909 discrepantes
687 1876 770 1899 cum
789 1864 859 1898 hoc
878 1864 973 1899 libro
994 1865 1147 1909 exposui
1166 1865 1205 1898 111
1226 1865 1319 1899 actis
1340 1865 1444 1899 acad.
1461 1876 1492 1899 a.
1510 1868 1600 1899 1886
1616 1856 1751 1910 &Uber

188 1918 248 1952 die
273 1917 444 1952 Annalen
470 1918 534 1952 des
560 1917 701 1952 Ennius
712 1918 737 1963 ³)
757 1930 792 1963 p.
809 1922 829 1952 6
850 1929 927 1962 sqq.
949 1917 1090 1952 ibidem
1109 1930 1143 1963 p.
1160 1921 1180 1952 8
1201 1930 1280 1962 sqq.
1297 1918 1503 1963 significavi
1530 1930 1573 1952 ex
1599 1918 1750 1952 incertis

187 1981 283 2015 quae
303 1982 386 2006 cum
411 1971 485 2005 illis
512 1971 656 2005 duobus
682 1973 769 2016 apte
789 1971 965 2016 coniungi
984 1972 1185 2016 potuerint,
1206 1982 1362 2016 quorum
1382 1971 1561 2006 nonnulla
1580 1971 1650 2006 hoc
1669 1971 1750 2006 1000

188 2035 326 2069 ponere
345 2035 419 2058 non
434 2024 613 2059 dubitavi.

306 2077 357 2112 VI
376 2079 471 2123 (374)
517 2077 642 2112 Cicero
663 2077 740 2112 Cat.
761 2078 847 2112 mai.
870 2082 901 2121 5,
918 2082 962 2113 14
984 2079 1072 2112 ‘sua
1097 2078 1196 2112 enim
1221 2078 1313 2113 vitia
1338 2078 1557 2123 insipientes
1583 2079 1621 2112 et
1646 2089 1752 2113 suam

189 2131 338 2176 culpam
363 2131 402 2164 in
428 2132 656 2165 senectutem
681 2131 891 2174 conferunt,
919 2132 1018 2175 quod
1044 2143 1118 2166 non
1143 2132 1309 2166 faciebat
1333 2132 1364 2166 is
1391 2132 1495 2166 cuius
1520 2131 1630 2166 modo
1650 2143 1751 2166 men-

189 2184 328 2218 tionem
347 2183 419 2218 feci
433 2183 574 2218 Ennius
595 2184 716 2220 «sicut
735 2184 933 2229 (plerique3
954 2185 1093 2219 sicuti
1119 2185 1200 2219 Par.
1221 2185 1351 2231 Ashb.)
1373 2214 1379 2219 .
1398 2213 1403 2219 .
1421 2214 1427 2219 .
1450 2185 1642 2229 quiescit».
1665 2186 1752 2229 equi

190 2238 295 2272 fortis
316 2238 354 2271 et
372 2237 522 2272 victoris
543 2237 725 2272 senectuti
751 2240 943 2282 comparat
963 2249 1077 2272 suam.
1099 2249 1209 2282 quem
1229 2238 1380 2282 quidem
1399 2239 1514 2284 probe
1540 2239 1752 2273 meminisse

188 2291 361 2336 potestis:
383 2301 478 2325 anno
500 2291 598 2325 enim
616 2291 890 2326 undevicesimo
910 2293 995 2336 post
1020 2292 1098 2326 eius
1117 2293 1274 2326 mortem
1293 2292 1332 2326 hi
1353 2292 1531 2336 consules,
1555 2292 1594 2327 T.
1616 2292 1752 2327 Flami-

190 2344 299 2378 ninus
319 2345 357 2378 et
376 2343 585 2388 M'Acilius‚
605 2344 697 2379 facti
717 2346 812 2386 sunt,
834 2344 898 2378 ille
919 2346 1043 2379 autem
1064 2344 1248 2390 Caepione
1268 2347 1305 2380 et
1318 2345 1492 2391 Philippo
1512 2346 1647 2380 iterum
1667 2358 1753 2381 con-

191 2397 333 2432 sulibus
352 2398 518 2432 mortuus
539 2399 606 2442 est,
621 2410 704 2432 cum
718 2408 786 2443 ego
801 2398 964 2442 quinque
985 2399 1022 2433 et
1035 2399 1230 2444 sexaginta
1244 2409 1359 2434 annos
1374 2401 1483 2434 natus
1500 2399 1621 2446 legem
1635 2399 1753 2435 Voco-

191 2452 293 2486 niam
318 2462 456 2497 magna
484 2462 572 2486 voce
598 2453 636 2486 et
661 2451 767 2486 bonis
794 2451 974 2486 lateribus
1001 2452 1111 2486 suasi.
1140 2452 1204 2486 sed
1231 2463 1346 2487 annos
1374 2453 1616 2499 septuaginta
1644 2455 1753 2488 natus

192 2506 262 2550 (tot
275 2505 374 2539 enim
386 2505 480 2539 vixit
492 2505 646 2550 Ennius)
661 2505 716 2539 ita
728 2504 891 2539 ferebat.
906 2533 912 2539 .
927 2533 933 2539 .
945 2507 1206 2550 paupertatem
1220 2508 1258 2541 et
1271 2508 1499 2542 senectutem
1512 2509 1555 2542 ut
1568 2507 1621 2542 eis
1634 2519 1754 2552 paene

193 2558 371 2593 delectari
391 2558 603 2593 videretur.’
626 2558 678 2594 Cf.
695 2560 779 2594 acta
800 2559 903 2593 acad.
920 2569 951 2593 a.
969 2562 1060 2594 1886
1081 2571 1107 2594 s.
1123 2570 1151 2594 c.
1166 2571 1201 2604 p.
1218 2563 1238 2594 9
1254 2571 1306 2605 sq.

310 2611 377 2646 VII
397 2613 492 2658 (376)
532 2612 676 2647 Servius
696 2612 735 2647 in
755 2612 844 2646 Aen.
866 2625 918 2647 v11
938 2616 1003 2646 691
1028 2613 1089 2647 ‘at
1107 2613 1300 2659 Messapus
1320 2625 1456 2658 equum
1477 2614 1637 2649 domitor
1656 2614 1753 2659 Nep-

193 2665 300 2699 tunia
325 2665 463 2710 proles:
490 2665 551 2700 hic
576 2666 769 2710 Messapus
794 2676 861 2710 per
884 2676 986 2700 mare
1012 2666 1060 2700 ad
1084 2666 1234 2702 Italiam
1253 2668 1354 2702 venit
1375 2696 1381 2702 .
1399 2696 1428 2702 ..
1451 2668 1498 2702 ab
1524 2668 1594 2702 hoc
1613 2667 1754 2701 Ennius

195 2718 287 2753 dicit
307 2720 595 2765 (commemorat)
617 2730 655 2753 se
675 2719 858 2764 originem
878 2720 1023 2763 ducere,
1048 2720 1148 2754 unde
1167 2732 1266 2755 nunc
1286 2723 1378 2767 (698.
1402 2723 1482 2766 699)
1504 2723 1541 2755 et
1561 2722 1755 2755 cantantes

194 2771 340 2806 inducit
360 2772 439 2806 eius
459 2773 577 2807 socios
598 2774 635 2807 et
655 2783 715 2807 eos
733 2774 925 2817 comparat
939 2773 1091 2818 cycnis.’
1174 2773 1226 2808 Of.
1244 2774 1354 2809 Silius
1374 2774 1416 2808 It.
1432 2787 1483 2808 xn
1498 2777 1565 2808 393
1582 2773 1754 2817 ‘Ennius,

284 2890 286 2893 -
316 2915 399 2952 374
423 2914 550 2953 Sicine
569 2915 747 2953 Havems

1769 815 1921 842 ENNIUS
1942 815 1996 840 DE

1761 858 1848 884 SUIS
1874 856 2005 883 REBUS

1828 906 1947 924 v—VI11
