2054 3282
730 164 988 200 ANNALIUM
1013 164 1099 200 LIB.
1121 164 1188 200 VH
1680 165 1735 206 39

177 284 264 328 215
298 285 405 328 Cum
436 300 573 340 neque
599 285 819 328 Musarum
852 285 1050 341 scopulos

459 418 536 446 nec
567 404 671 446 dicti
704 404 919 447 studiosus
947 382 1174 460 quisquam
1206 406 1295 446 erat
1326 406 1424 446 ante
1455 403 1578 446 hunc.

176 523 260 564 217
294 521 386 565 Nos
419 522 511 564 ausi
542 537 729 565 reserare

940 603 973 638 Π

175 665 260 707 218
292 663 385 707 Νο0
415 665 641 720 quisquam
672 665 862 718 sophiam
895 665 1104 720 sapientia
1136 679 1242 720 quae
1274 664 1523 719 perhibetur

292 735 343 778 In
369 736 530 778 somnis
562 735 670 777 vidit
695 736 814 790 prius
847 750 973 791 quam
1006 751 1095 778 sam
1129 735 1289 778 discere
1322 736 1474 791 coepit.

179 853 209 873 ⁷⁶
229 852 278 888 sit
296 852 437 887 Ennius
464 863 552 887 sane
578 853 620 886 ut
645 853 702 887 est
727 853 825 887 certe
843 851 1059 897 perfectior:
1081 852 1145 897 qui
1166 852 1196 887 si
1217 852 1323 887 illum
1342 854 1384 887 ut
1404 852 1555 888 simulat
1575 855 1736 888 contem—

174 908 287 950 neret,
308 917 383 941 non
399 906 523 940 omnia
537 905 637 940 bella
649 916 873 950 persequens
888 906 1049 951 primum
1062 906 1156 940 illud
1170 906 1352 940 Punicum
1366 907 1584 941 acerrimum
1598 907 1736 941 bellum

173 960 393 1005 reliquisset.
408 960 471 994 sed
482 959 562 1004 ipse
577 959 669 994 dicit
680 970 744 994 cur
757 959 796 993 id
809 959 941 994 faciat:
958 960 1183 1004 «scripsere»
1197 959 1321 1003 inquit
1334 959 1423 995 «alii
1437 970 1514 994 rem
1527 960 1735 996 vorsibus»z

174 1015 211 1048 et
235 1013 422 1048 luculente
449 1013 601 1057 quidem
627 1012 854 1057 scripserunt
879 1013 993 1047 etiam
1014 1013 1045 1047 si
1063 1013 1186 1047 minus
1207 1024 1319 1056 quam
1345 1014 1386 1047 tu
1412 1013 1544 1057 polite:
1565 1024 1633 1048 nec
1652 1024 1735 1048 vero

173 1066 244 1101 tibi
264 1066 373 1101 aliter
392 1066 508 1100 videri
529 1065 650 1108 debet,
671 1066 735 1110 qui
756 1077 778 1100 a
796 1065 936 1101 Naevio
962 1066 1019 1100 vel
1045 1066 1236 1111 sumpsisti
1261 1066 1389 1106 multa,
1406 1066 1437 1100 si
1462 1066 1602 1110 fateris,
1623 1067 1680 1101 vel
1706 1067 1736 1101 si

172 1130 287 1165 negas
308 1119 546 1164 surripuisti.'
645 1118 748 1153 Idem
773 1120 864 1154 orat.
886 1123 942 1163 47,
959 1123 1026 1154 157
1049 1120 1137 1154 ‘nec
1163 1130 1246 1154 vero
1273 1120 1573 1165 reprehenderim
1600 1120 1736 1165 «scrip-

173 1184 251 1208 sere
266 1172 331 1208 alii
344 1183 455 1216 rem»,
471 1174 508 1207 et
527 1172 755 1217 scripserunt
773 1183 852 1207 esse
872 1173 992 1207 verius
1013 1173 1142 1216 sentio,
1165 1173 1228 1208 sed
1244 1173 1503 1208 consuetudini
1518 1173 1668 1208 auribus
1682 1174 1738 1208 in-

174 1226 344 1272 dulgenti
361 1226 521 1261 libenter
534 1226 742 1271 obsequor.’
818 1225 920 1260 Idem
934 1226 1035 1260 Brut.
1053 1229 1107 1270 18,
1124 1230 1166 1260 71
1191 1227 1201 1243 ‘
1212 1226 1312 1271 quid,
1328 1227 1445 1261 nostri
1458 1228 1598 1261 veteres
1612 1238 1736 1262 versus

171 1280 237 1314 ubi
256 1281 352 1323 sunt,
371 1291 486 1324 «quos
507 1290 537 1314 o.
554 1280 686 1315 Fauni
710 1280 887 1324 vatesque
908 1279 1093 1314 canebant
1113 1291 1196 1314 cum
1218 1290 1338 1324 neque
1357 1280 1547 1315 Musarum
1566 1281 1735 1325 scopulos

171 1344 239 1368 nec
265 1333 357 1367 dicti
383 1333 570 1368 studiosus
590 1333 788 1378 quisquam
808 1334 888 1367 erat
908 1334 994 1367 ante
1013 1333 1146 1376 1111110»,
1168 1333 1221 1368 ait
1240 1334 1320 1378 ipse
1341 1334 1386 1368 de
1406 1344 1455 1377 se,
1476 1344 1544 1368 nec
1559 1334 1737 1368 mentitur

171 1387 211 1421 in
231 1386 454 1432 gloriando.'
547 1386 650 1420 Idem
670 1387 760 1420 orat.
784 1390 839 1428 51,
856 1389 921 1420 171
946 1386 1054 1431 ‘ergo
1075 1386 1194 1421 Ennio
1214 1386 1322 1421 licuit
1341 1388 1466 1421 vetera
1486 1388 1736 1421 contemnenti

173 1439 296 1474 dicere
317 1439 505 1475 «versibus
526 1451 559 1483 q.
576 1450 607 1473 o.
630 1440 762 1474 Fauni
786 1440 963 1483 vatesque
990 1439 1216 1483 canebant»3
1236 1440 1329 1474 mihi
1349 1440 1394 1474 de
1421 1440 1585 1484 antiquis
1606 1441 1734 1475 eodem

171 1493 280 1527 modo
301 1503 375 1526 non
394 1492 547 1527 licebit?
566 1492 787 1537 praesertim
808 1504 891 1527 cum
917 1492 1084 1527 dicturus
1110 1504 1185 1528 non
1211 1493 1281 1527 sim
1307 1495 1417 1530 «ante
1445 1494 1566 1529 hunc»
1592 1496 1634 1528 ut
1660 1494 1734 1538 ille,

171 1557 239 1580 nec
265 1556 360 1590 quae
387 1547 591 1590 sequuntur
617 1556 706 1582 «nos
733 1546 814 1580 ausi
839 1547 1052 1582 reserare».⁷
1187 1546 1304 1581 Varro
1330 1547 1375 1580 de
1400 1546 1423 1580 1.
1439 1547 1477 1580 L.
1499 1560 1549 1581 vn
1571 1551 1614 1581 36
1636 1558 1734 1583 «ver-

171 1599 273 1634 sibus
293 1611 326 1643 q.
349 1610 380 1634 0.
402 1599 534 1634 Fauni
558 1603 591 1633 et
615 1600 792 1643 vatesque
819 1599 1037 1635 canebant».
1065 1600 1185 1634 Fauni
1212 1600 1271 1634 dei
1298 1600 1525 1643 Latinomm,
1552 1601 1606 1634 ita
1631 1602 1674 1635 ut
1699 1602 1736 1635 et

171 1653 319 1687 Faunus
347 1653 384 1687 et
409 1652 538 1687 Fauna
565 1652 629 1696 sit3
656 1652 723 1686 hos
749 1652 915 1687 versibus
941 1663 1032 1697 quos
1058 1654 1193 1687 vocant
1219 1653 1410 1688 Saturnios
1439 1653 1478 1687 in
1507 1653 1735 1688 silvestribus

170 1706 261 1741 locis
287 1706 468 1740 traditum
494 1707 550 1740 est
582 1705 710 1740 solitos
735 1705 818 1748 fari,
840 1717 912 1750 quo
935 1706 1049 1741 fando
1076 1707 1222 1741 Faunos
1253 1707 1381 1741 dictos.
1410 1707 1583 1751 antiquos
1605 1709 1735 1752 poetas

170 1761 272 1794 vates
287 1759 532 1804 appellabant
545 1770 567 1793 a
580 1759 745 1794 versibus
759 1759 929 1794 viendis'
951 1760 1007 1794 Ex
1019 1759 1184 1794 Varrone
1199 1760 1344 1794 Servius
1358 1760 1538 1795 Lemovic.
1554 1761 1593 1795 in
1609 1772 1733 1806 georg.

170 1827 183 1847 1
205 1817 246 1847 11
267 1825 302 1858 p.
326 1816 404 1855 133,
419 1816 440 1846 4
461 1812 555 1846 Thil.
580 1813 666 1847 ‘sed
680 1812 796 1848 Varro
824 1813 872 1847 ad
892 1812 1106 1847 Ciceronem
1125 1813 1179 1847 ita
1205 1813 1259 1848 ait
1285 1813 1362 1850 «dii
1382 1814 1598 1848 Latinorum
1620 1814 1674 1848 ita
1694 1816 1736 1848 ut

170 1867 318 1901 Faunus
346 1867 383 1900 et
408 1866 537 1901 Fauna
564 1866 613 1901 sit
637 1877 704 1911 per
729 1877 774 1900 ex
794 1865 964 1912 (fortasse
985 1866 1044 1901 sit
1063 1877 1158 1911 par:
1181 1868 1273 1912 008)
1294 1867 1459 1901 versibus
1486 1878 1577 1911 quos
1602 1869 1735 1902 vocant

171 1919 362 1954 Saturnios
382 1919 421 1954 in
442 1919 672 1954 silvestribus
685 1919 778 1954 locis
793 1919 921 1954 solitos
941 1919 1013 1954 fari
1032 1919 1159 1954 futura
1174 1921 1286 1965 atque
1300 1920 1388 1955 inde
1401 1921 1548 1955 Faunos
1563 1921 1732 1956 dictos».’

253 1973 383 2007 Festus
403 1985 438 2018 p.
460 1976 540 2015 476,
557 1976 601 2007 10
621 1973 687 2007 Th.
712 1972 857 2007 ‘versus
878 1984 1026 2018 quoque
1047 1973 1310 2018 antiquissimi,
1331 1973 1466 2017 quibus
1486 1974 1634 2008 Faunus
1654 1973 1734 2008 fata

171 2026 348 2061 cecinisse
360 2026 574 2061 hominibus
588 2027 746 2069 videtur,
763 2026 927 2061 Saturnii
942 2026 1190 2071 appellantur,
1206 2026 1341 2070 quibus
1355 2028 1393 2060 et
1406 2037 1428 2060 a
1440 2026 1580 2061 Naevio
1595 2026 1733 2061 bellum

169 2080 351 2114 Punicum
374 2079 553 2124 scriptum
573 2081 630 2114 est
649 2081 687 2114 et
706 2090 728 2114 a
746 2079 874 2114 multis
896 2079 980 2114 aliis
999 2079 1109 2124 plura
1129 2079 1335 2123 composita
1355 2080 1466 2113 sunt.'
1494 2079 1549 2113 Ex
1568 2079 1733 2114 Varrone

171 2134 208 2167 et
226 2133 335 2167 Festo
356 2143 423 2167 sua
441 2133 569 2167 hausit
588 2133 745 2177 scriptor
771 2133 816 2166 de
842 2132 986 2177 origine
1011 2132 1134 2177 gentis
1159 2132 1350 2167 Romanae
1369 2136 1401 2176 4,
1418 2136 1447 2166 5.
1535 2132 1660 2168 Cicero
1687 2133 1733 2167 de

171 2186 241 2220 div.
263 2199 275 2220 1
297 2188 434 2229 50‚114
458 2186 610 2220 ‘eodem
635 2186 733 2219 enim
757 2185 868 2220 modo
894 2185 1013 2219 multa
1039 2196 1061 2219 a
1085 2185 1377 2220 vaticinantibus
1404 2196 1515 2230 saepe
1539 2186 1734 2231 praedicta

171 2240 257 2274 sunt
275 2249 395 2284 neque
415 2238 534 2273 solum
553 2238 673 2273 verbis
694 2238 759 2273 sed
779 2238 892 2272 etiam
913 2238 1101 2280 «versibus
1122 2249 1214 2283 quos
1234 2238 1323 2273 olim
1340 2239 1596 2283 (quosolum
1615 2252 1662 2274 m.
1677 2251 1730 2284 pr.

169 2292 273 2327 Voss.
289 2292 333 2338 A)
348 2292 480 2327 Fauni
498 2293 674 2337 vatesque
694 2291 928 2327 canebant».'
1038 2291 1290 2333 Quintilianus
1310 2305 1347 2326 1x
1366 2296 1399 2335 4,
1416 2295 1483 2326 115
1506 2293 1613 2327 ‘ante
1634 2293 1732 2327 enim

170 2356 318 2380 carmen
331 2346 453 2380 ortum
466 2346 522 2380 est
535 2356 648 2390 quam
662 2345 869 2380 observatio
887 2344 1078 2388 carminis3
1098 2345 1258 2389 ideoque
1271 2345 1366 2380 illud
1380 2346 1535 2381 «Fauni
1549 2346 1612 2391 (fa
1621 2346 1732 2381 ciem

169 2399 294 2444 pauci)
314 2400 490 2443 vatesque
511 2398 744 2435 canebant».'

288 2451 321 2486 Π
341 2453 436 2497 (218)
474 2452 604 2487 Festus
623 2464 658 2497 p.
681 2455 761 2495 476,
777 2455 820 2485 22
835 2451 900 2485 Th.
925 2451 1004 2486 ‘sas
1024 2451 1175 2487 Verrius
1193 2453 1305 2497 putat
1324 2452 1534 2498 significare
1554 2463 1616 2487 eas
1636 2454 1731 2487 teste

172 2612 250 2638 esse
264 2600 507 2647 efficiendum
519 2600 563 2637 in
576 2602 717 2647 quaest.
726 2599 902 2637 Ennian.
916 2611 950 2637 a.
969 2597 1014 2635 18
1022 2608 1043 2647 5
1052 2608 1072 2635 2
1083 2612 1124 2648 p.
1142 2597 1189 2636 18
1205 2601 1356 2648 scripsi,
1370 2603 1413 2638 ut
1425 2601 1554 2638 taurei
1568 2612 1611 2638 ex
1625 2601 1731 2638 tauri

171 2660 210 2696 et
230 2660 350 2706 effecit
367 2658 647 2697 Lachmannus
664 2659 708 2695 in
730 2657 874 2696 Catulli
894 2669 921 2696 0.
938 2656 1006 2704 63,
1022 2668 1072 2695 10
1201 2660 1432 2697 215—217
1454 2659 1516 2697 De
1533 2660 1594 2696 leis
1613 2660 1730 2696 versi-

171 2718 241 2756 bus
260 2718 490 2756 ordinandis
511 2716 622 2765 (nam
647 2719 743 2755 reete
762 2718 895 2765 scripti
914 2720 1004 2755 sunt
1021 2719 1064 2756 in
1083 2718 1210 2766 libris)
1232 2720 1314 2757 dixi
1331 2720 1375 2757 in
1394 2720 1489 2756 actis
1509 2718 1676 2755 academ.
1693 2729 1727 2755 a.

177 2774 284 2813 1886
302 2771 337 2829 (‘
350 2769 452 2815 Uber
471 2778 532 2815 die
545 2775 729 2814 Annalen
748 2777 813 2814 des
826 2771 1074 2830 Ennius')p.
1094 2787 1107 2813 1
1120 2786 1140 2813 2
1158 2790 1210 2825 sq.
1335 2778 1417 2815 218
1439 2777 1619 2826 sophiam
1638 2776 1728 2814 Sea-

171 2836 282 2883 liyer:
301 2835 594 2885 philosophiam
723 2835 835 2873 Idem
857 2838 1102 2883 grammatici
1119 2838 1500 2885 interpretamentum
1520 2847 1620 2883 quae
1639 2835 1728 2873 doc-

170 2895 275 2932 trina
293 2894 438 2932 Latina
456 2895 593 2945 lingua
608 2889 785 2947 (nomen)
800 2906 878 2932 non
897 2894 1016 2933 habet
1034 2897 1114 2934 sive
1131 2897 1209 2944 fuit
1226 2897 1318 2934 nom
1342 2895 1472 2939 habet,
1493 2895 1593 2942 quod
1611 2895 1728 2932 Plas-

1748 2974 1752 3000 1
