2004 3278
271 195 515 231 CLXXXVIH
786 193 831 228 Π.
857 193 921 227 DE
941 191 1095 227 LIBRIS
1114 191 1346 227 ENNIANIS

269 309 367 355 stipo
392 307 538 344 lumine
562 306 667 350 solis,
692 305 740 343 de
767 317 843 354 quo
870 317 959 343 cum
985 305 1084 343 alios
1109 307 1195 343 tum
1219 304 1399 355 Hugium
1424 317 1540 354 quem
1559 305 1655 344 olim
1673 308 1829 345 secutus

270 378 376 403 eram
402 366 535 415 opinio
560 364 721 402 fefellit:
748 365 858 402 euius
885 377 985 414 quae
1011 366 1113 402 esset
1137 365 1333 402 sententia
1351 363 1504 414 pridem
1522 365 1715 415 perspexi,
1739 378 1830 415 non,

268 427 313 462 ut
343 424 405 473 fit,
440 436 527 461 eum
558 423 600 461 id
633 435 860 473 quaererem
891 423 959 462 sed
990 435 1078 462 cum
1111 423 1220 462 aliud
1251 435 1371 474 agens
1401 423 1572 474 legerem
1602 423 1698 462 haec
1729 437 1830 473 quae

268 483 408 521 Florus
434 483 572 521 scribit
596 483 654 520 ibi
678 482 747 520 ubi
772 483 819 521 de
845 495 979 533 pugna
1005 482 1200 521 Cannensi
1226 483 1311 533 agit
1329 495 1344 520 1
1365 484 1431 532 22,
1454 483 1505 521 16
1525 485 1562 522 si
1580 483 1734 532 quidem
1751 495 1831 522 non

268 545 461 581 contentus
488 542 683 580 simulatis
715 544 931 591 transfuyis
963 542 1187 587 Hannibal,
1219 543 1286 590 qui
1315 553 1404 580 mox
1434 545 1541 591 terya
1564 545 1830 591 puynantium

268 602 494 646 ceciderunt,
525 604 686 649 insuper
717 602 882 640 callidus
913 603 1123 650 imperator
1152 603 1195 640 in
1213 602 1437 649 patentibus
1462 603 1609 649 campis
1634 602 1829 641 observato

266 661 339 699 loci
364 662 529 709 inqenim
554 661 655 709 quod
681 664 714 699 et
736 661 794 699 sol
818 661 874 699 ibi
899 663 1111 699 acerrimus
1138 663 1171 699 et
1188 662 1389 709 plurimus
1406 661 1542 709 pulvis
1568 664 1603 699 et
1632 673 1749 700 eurus
1780 663 1829 702 ab

267 722 409 759 oriente
432 732 582 768 semper
606 722 719 769 quasi
750 721 803 758 ad
834 722 1079 759 constitutum
1108 722 1165 759 ita
1195 722 1380 759 instruxit
1410 722 1542 765 aciem,
1572 723 1616 758 ut
1639 721 1830 760 Romanis

268 780 454 818 adversus
485 781 578 818 haee
608 781 739 818 omnia
771 780 938 818 obversis
968 781 1180 818 secundum
1210 780 1358 818 caelum
1386 782 1516 818 tenens
1540 783 1649 818 vento
1669 781 1829 827 pulvere

265 839 343 877 sole
361 842 567 887 puynaret.
593 839 698 877 Hine
723 840 827 877 enim
853 841 912 877 est
938 840 1042 888 quod
1064 839 1114 877 ad
1134 839 1254 877 solem
1274 839 1462 877 Romanis
1483 839 1689 878 adversum
1708 839 1830 878 Ennii

267 898 386 936 verba
411 898 614 936 referenda
641 911 723 937 esse
749 898 985 949 collegerim,
1013 911 1112 948 quae
1138 898 1185 936 de
1205 898 1314 936 Festi
1332 911 1439 936 more
1460 911 1575 948 quem
1596 898 1693 936 alibi
1712 900 1829 950 tetigi

266 957 427 1006 plenum
453 970 609 996 versum
634 957 811 996 efficiunt
835 959 1030 996 sententia
1053 958 1206 996 mutila.
1233 958 1342 996 Idem
1363 958 1467 1007 quod
1487 958 1625 996 Florus
1646 958 1828 997 Valerius

267 1017 461 1055 Maximus
494 1018 685 1067 expressit
715 1017 844 1055 verbis
878 1030 977 1066 quae
1008 1018 1194 1068 leguntur
1218 1030 1275 1056 vn
1297 1018 1322 1054 4
1349 1019 1423 1055 ext.
1452 1019 1475 1054 2
1503 1018 1597 1065 quid
1621 1018 1829 1056 Hannibal

269 1075 508 1115 Cannensem
531 1078 672 1124 populi
696 1077 868 1115 Romani
899 1078 1019 1115 aciem
1051 1089 1176 1115 nonne
1198 1078 1317 1124 prius
1343 1089 1459 1124 quam
1485 1077 1538 1114 ad
1562 1077 1829 1115 dimicandum

265 1135 503 1174 descenderet
527 1136 787 1184 compluribus
813 1138 978 1175 astutiae
996 1137 1215 1185 copulatam
1234 1136 1382 1184 laqueis
1402 1136 1454 1174 ad
1473 1139 1552 1173 tam
1571 1137 1829 1175 miserabilem

259 1195 447 1242 perduxit
471 1196 640 1233 exitum?
665 1198 753 1233 ante
778 1197 909 1233 omnia
929 1197 1030 1234 enim
1043 1196 1219 1244 providit
1237 1198 1280 1233 ut
1298 1198 1332 1233 et
1348 1195 1465 1233 solem
1485 1198 1518 1233 et
1529 1195 1742 1243 pulverem,
1762 1198 1829 1244 qui

268 1254 319 1292 ibi
353 1257 458 1292 vento
488 1255 632 1292 multus
664 1256 822 1293 excitari
853 1256 946 1293 solet
977 1255 1183 1293 adversum
1213 1255 1376 1293 haberet.
1409 1253 1485 1299 Qui
1514 1253 1590 1292 duo
1622 1254 1725 1293 unde
1757 1267 1828 1293 sua

265 1313 469 1351 hauserint
493 1315 641 1352 neseio:
674 1327 765 1352 nam
791 1314 928 1352 Livius
956 1314 1113 1363 quidem
1139 1315 1181 1351 in
1213 1313 1386 1352 eiusdem
1417 1326 1572 1365 pugnae
1601 1315 1827 1353 narratione

266 1372 345 1410 alia
376 1372 423 1410 de
456 1374 539 1411 acie
569 1374 764 1411 instructa
795 1373 996 1423 perhibuit
1021 1386 1106 1410 xxn
1127 1374 1195 1421 46,
1216 1374 1240 1410 8
1273 1374 1330 1411 sol
1362 1384 1430 1411 seu
1462 1374 1507 1412 de
1540 1374 1738 1412 industria
1771 1376 1827 1413 ita

264 1432 398 1470 locatis
422 1443 490 1470 seu
515 1432 617 1480 quod
646 1434 744 1480 forte
775 1434 831 1471 ita
861 1436 992 1471 stetere
1015 1436 1303 1481 peropportune
1333 1434 1486 1481 utrique
1509 1434 1621 1481 parti
1652 1433 1827 1482 obliquus

265 1494 358 1536 erat,
383 1491 574 1530 Romanis
599 1493 642 1530 in
666 1493 877 1537 meridiem,
908 1493 1048 1531 Poenis
1072 1494 1115 1530 in
1139 1493 1431 1540 septentrionem
1461 1494 1582 1531 versis
1590 1506 1604 1539 ,·
1634 1495 1768 1531 ventus
1789 1523 1797 1531 .
1819 1523 1826 1531 .

264 1551 450 1589 adversus
475 1551 666 1589 Romanis
691 1555 841 1590 coortus
866 1553 984 1589 multo
1002 1552 1165 1600 pulvere
1190 1553 1231 1589 in
1254 1553 1342 1599 ipsa
1361 1563 1432 1590 ora
1450 1552 1633 1590 volvendo
1645 1564 1826 1601 prospec-

264 1613 344 1647 tum
371 1610 522 1648 ademit.
557 1610 698 1648 Confer
729 1611 895 1648 eundem
921 1623 1005 1648 xxii
1026 1612 1093 1660 43,
1118 1612 1182 1649 10.
1207 1613 1272 1648 11.
1298 1610 1436 1649 Livius
1469 1613 1600 1648 autem
1633 1612 1675 1648 in
1707 1624 1753 1649 ea
1784 1625 1825 1650 re

265 1671 445 1707 accurate
471 1672 626 1708 secutus
653 1671 712 1708 est
737 1670 945 1719 Polybium
966 1683 1011 1707 111
1034 1671 1129 1718 114,
1150 1671 1174 1708 8
1203 1669 1424 1719 βλεπούσης
1450 1675 1518 1721 τῆς
1544 1667 1615 1720 μὲν
1640 1675 1717 1708 τῶν
1738 1667 1825 1709 Ῥω-

264 1727 389 1779 μαίων
409 1727 549 1776 τάξεως
569 1727 666 1780 πρὸς
685 1729 929 1781 μεσημβρίαν
952 1727 1004 1775 ὡς
1023 1727 1153 1767 ἐπάνω
1175 1724 1229 1782 (h.
1251 1742 1281 1767 e.
1306 1729 1400 1778 113,
1423 1723 1467 1781 2)
1487 1732 1669 1780 προεῖπα,
1694 1734 1763 1780 τῆς
1784 1727 1825 1772 δὲ

263 1792 340 1825 τῶν
360 1787 643 1839 Καρχηδονίων
668 1786 765 1838 πρὸς
788 1787 855 1834 τὰς
875 1785 1042 1839 ἄρκτους
1068 1786 1260 1840 ἑκατέροις
1286 1786 1438 1839 ἀβλαβῆ
1466 1786 1670 1839 συνέβαινε
1696 1788 1824 1840 γίνεσ-

263 1850 336 1884 θαι
361 1845 432 1896 τὴν
458 1845 555 1885 κατὰ
580 1845 647 1886 τὸν
672 1847 783 1898 ἥλιον
809 1845 1012 1897 ἀνατολήν.
1040 1848 1093 1886 Et
1117 1849 1187 1886 hos
1214 1848 1310 1886 duos
1335 1847 1513 1886 videmus
1539 1849 1581 1885 in
1602 1861 1645 1886 eo
1667 1861 1824 1887 consen-

264 1907 340 1944 tire
367 1906 470 1955 quod
497 1907 590 1945 solis
617 1907 796 1945 ardorem
821 1907 1009 1945 Roma-nis
1035 1907 1135 1944 nihil
1161 1907 1331 1945 obfuisse
1356 1906 1610 1956 profitentur,
1642 1907 1825 1957 idemque

265 1966 385 2003 ceteri
411 1966 479 2014 qui
505 1966 551 2003 de
577 1979 711 2017 pugna
733 1966 927 2004 Cannensi
953 1969 992 2004 et
1018 1967 1064 2004 de
1089 1967 1284 2004 instructa
1310 1967 1508 2015 utrimque
1535 1967 1617 2004 acie
1638 1967 1825 2012 referunt,

262 2024 470 2074 Appianus
490 2025 566 2063 vol.
587 2038 601 2062 1
620 2039 656 2075 p.
681 2026 775 2063 162.
798 2027 880 2063 164
889 2026 939 2063 M.
967 2026 1179 2064 Frontinus
1206 2027 1366 2076 strateg.
1388 2038 1417 2062 11
1439 2027 1476 2074 2,
1500 2027 1535 2074 7,
1555 2026 1637 2074 alii,
1663 2028 1825 2064 ventum

263 2085 302 2122 et
327 2084 529 2134 pulverem
555 2086 729 2123 coortum
758 2085 945 2123 Romanis
972 2085 1240 2123 adversatum:
1272 2085 1373 2122 nihil
1399 2085 1446 2122 de
1472 2085 1562 2123 sole.
1596 2084 1699 2129 Quid
1732 2098 1824 2136 ergo

262 2142 427 2182 dicimus
454 2144 501 2182 de
521 2143 677 2182 Ennio?
703 2145 745 2182 in
771 2145 880 2183 euius
906 2157 1021 2183 versu
1041 2146 1075 2182 si
1094 2145 1238 2192 obstipo
1258 2144 1374 2182 Festo
1394 2145 1609 2194 interprete
1629 2145 1825 2192 obliquum

263 2204 321 2241 est
346 2205 386 2240 et
411 2216 458 2242 ea
482 2204 523 2241 vi
549 2204 822 2254 accipiendum
843 2216 920 2253 qua
940 2203 1077 2242 Livius
1097 2204 1292 2252 obliquum
1310 2204 1427 2242 solem
1447 2204 1688 2253 appellabat,
1708 2216 1825 2255 aegre

262 2261 448 2312 dispicias
479 2262 575 2301 haec
607 2263 801 2312 quomodo
834 2264 1053 2314 congruant
1084 2275 1172 2301 cum
1203 2275 1250 2301 ea
1280 2263 1477 2301 sententia
1507 2275 1625 2311 quam
1650 2262 1823 2302 indicare

262 2321 382 2360 verba
407 2323 577 2371 amplius
603 2335 788 2371 exauyere
813 2322 1007 2361 videntur.
1035 2322 1111 2360 Sed
1137 2322 1213 2360 duo
1239 2324 1331 2360 sunt
1355 2334 1491 2360 versus
1512 2322 1634 2360 Ennii
1659 2335 1755 2371 quos
1776 2323 1823 2360 de

262 2393 308 2418 ea
338 2393 432 2419 voce
458 2381 597 2420 Festus
627 2383 781 2431 citavit,
813 2394 979 2431 quorum
1005 2382 1107 2420 alter
1132 2394 1220 2419 ann.
1241 2393 1311 2420 xvi
1329 2382 1376 2420 fr.
1397 2394 1422 2418 x
1448 2382 1640 2420 montibus
1665 2382 1823 2430 obstipis

262 2440 499 2479 obstantibus
526 2435 632 2494 (soli,
658 2436 816 2494 opinor)
837 2442 940 2479 unde
962 2443 1087 2479 oritur
1103 2452 1192 2485 nox,
1217 2441 1295 2478 nisi
1314 2440 1443 2488 fallor,
1469 2453 1555 2478 eam
1575 2441 1680 2478 vocis
1701 2442 1821 2491 signi-

262 2498 485 2537 ficationem
510 2502 699 2550 praestat,
726 2514 804 2549 qua
828 2501 890 2539 uti
911 2501 954 2538 in
973 2500 1099 2538 altero
1118 2501 1253 2538 liceat:
1279 2500 1334 2538 sic
1355 2500 1459 2537 enim
1481 2500 1741 2549 interpretere
1760 2501 1822 2538 ob-

260 2560 359 2607 stipo
385 2560 554 2598 obstante
580 2560 724 2598 lumine
748 2560 852 2598 solis‘.
878 2559 1019 2609 Itaque
1045 2561 1085 2597 et
1110 2559 1317 2598 adversum
1342 2559 1463 2597 solem
1493 2558 1593 2595 dixit
1618 2558 1769 2596 Ennius
1780 2554 1820 2612 ³¹⁸)

262 2620 301 2656 et
327 2618 431 2667 quod
457 2620 627 2667 amplius
653 2631 838 2668 exauyere
863 2619 970 2667 dicit,
997 2619 1257 2669 intelligimus
1276 2618 1386 2656 venti
1411 2619 1451 2655 et
1475 2617 1649 2667 pulveris
1674 2618 1821 2656 incom-

261 2676 378 2715 moda
410 2677 631 2728 significata
663 2681 754 2716 ante
785 2679 915 2717 fuisse.
948 2678 1090 2727 Itaque
1120 2678 1212 2716 huic
1243 2677 1374 2715 versui
1405 2677 1592 2726 praemisi
1617 2689 1643 2714 x
1668 2678 1822 2726 iamque

382 2825 412 2870 *“)
439 2825 537 2868 Quid
569 2826 615 2861 de
640 2825 790 2870 Apuleii
823 2826 870 2861 de
901 2826 970 2860 deo
998 2825 1159 2860 Socratis
1186 2836 1215 2860 c.
1239 2829 1256 2860 1
1277 2837 1312 2870 p.
1335 2828 1366 2868 6,
1382 2828 1401 2858 2
1422 2824 1553 2859 Goldb.
1580 2825 1706 2859 radios
1735 2825 1821 2860 solis

262 2874 383 2909 obstiti
408 2875 462 2908 vel
486 2874 630 2909 adversi
653 2878 809 2918 usurpat
834 2875 872 2908 et
897 2884 925 2908 e.
947 2876 967 2907 2
994 2873 1084 2907 ibid.
1107 2877 1151 2908 13
1172 2884 1243 2918 pro
1267 2874 1341 2908 situ
1366 2876 1399 2907 et
1422 2873 1518 2917 flexu
1543 2876 1575 2908 et
1597 2872 1725 2909 obstito
1750 2874 1819 2908 cir-

261 2921 424 2958 culorum
449 2920 692 2956 iudicandum
718 2921 767 2956 sit
791 2920 954 2956 incertus
979 2921 1125 2956 haereo.
