2054 3282
722 195 979 230 ANNALIUM
1005 195 1091 230 LIB.
1113 195 1147 229 H
1657 194 1714 236 25

891 313 976 349 XIX

158 378 238 420 141
271 376 397 433 Isque
430 376 518 419 dies
549 378 649 432 post
680 379 754 418 aut
785 390 951 419 marcus
984 391 1112 432 quam
1143 389 1274 432 regna
1305 375 1466 430 recepit

903 481 970 515 XX

158 543 241 585 142
450 546 493 586 et
524 542 689 585 Tiberis
721 543 880 585 flumen
911 543 1048 585 vomit
1080 543 1125 584 in
1156 556 1271 584 mare
1303 540 1462 583 salsum

894 646 979 681 XXI

158 709 240 751 143
1066 708 1080 749 i
1112 707 1281 750 caerula
1310 708 1434 762 prata

888 813 989 847 XXII

159 875 242 917 144
274 875 396 917 Ostia
427 875 593 917 munita
624 877 706 930 est3
739 874 851 916 idem
883 874 978 917 loca
1009 874 1189 916 navibus
1221 873 1412 929 pulchris

273 946 434 989 Munda
465 947 587 1003 facit3
616 947 845 1002 nautisque
877 946 985 988 mari
1017 945 1320 1001 quaesentibus
1354 945 1486 987 vitam

273 1088 357 1122 XIX
377 1089 472 1133 (141)
524 1087 669 1123 Servius
690 1087 873 1123 Danielin.
895 1088 934 1122 in
953 1087 1043 1122 Aen.
1065 1100 1106 1121 111
1127 1090 1194 1121 333
1214 1099 1249 1132 p.
1271 1090 1351 1129 401,
1368 1090 1411 1120 22
1432 1086 1527 1121 Thil.
1551 1086 1720 1121 ‘reddita

155 1153 256 1176 more
275 1142 391 1177 veteri
410 1153 476 1186 pro
498 1142 588 1176 data
607 1141 866 1186 accipiendum
887 1143 958 1185 est;
978 1152 1017 1176 re
1038 1152 1125 1186 ergo
1147 1140 1323 1176 abundat.
1357 1140 1498 1174 Ennius
1522 1139 1719 1175 annalibus

156 1196 244 1242 [58]‚
266 1196 303 1231 et
323 1195 414 1230 alibi
434 1195 561 1240 «isque
582 1195 661 1229 dies
681 1197 766 1240 post
786 1196 851 1230 aut
869 1206 1014 1230 marcus
1034 1205 1147 1240 quam
1165 1206 1192 1228 r.
1208 1194 1371 1239 recepit»
1391 1204 1457 1238 pro
1473 1193 1634 1238 accepit3
1655 1194 1721 1228 aut

155 1249 313 1291 reddita,
332 1249 431 1293 quod
446 1248 587 1284 Heleno
609 1248 815 1284 debebatur
834 1249 1032 1294 imperium
1055 1250 1118 1294 (et
1142 1259 1220 1293 pro
1248 1249 1438 1292 accepta
1462 1248 1511 1282 ut
1535 1247 1720 1282 reddita

156 1314 189 1347 q.
204 1302 239 1336 h.
262 1302 455 1337 debatur
476 1302 498 1337 i.
521 1302 615 1337 Flor.
637 1313 733 1346 quae
754 1303 935 1348 correxi).'

274 1355 340 1389 XX
361 1357 456 1402 (142)
500 1355 711 1390 Macrobius
732 1355 807 1391 Sat.
825 1369 863 1391 v1
882 1359 914 1399 4,
930 1359 950 1390 3
973 1356 1102 1391 ‘mane
1122 1355 1352 1390 salutantum
1374 1354 1463 1389 totis
1483 1354 1598 1390 vomit
1618 1354 1719 1389 aedi—

156 1409 224 1443 bus
243 1409 383 1443 undam
398 1411 534 1455 (georg.
551 1423 577 1443 11
597 1410 690 1454 462).
705 1409 860 1454 pulchre
880 1409 1018 1446 «vomit
1036 1409 1199 1445 undam»
1220 1410 1258 1444 et
1277 1408 1450 1452 antique3
1470 1418 1558 1442 nam
1577 1407 1719 1443 Ennius

157 1462 211 1497 ait
231 1464 292 1498 «et
311 1462 454 1498 Tiberis
476 1491 481 1497 .
500 1491 505 1497 .
524 1491 529 1496 .
551 1462 739 1499 salsum».’

275 1515 359 1550 XXI
386 1517 480 1562 (143)
530 1516 660 1551 Festus
686 1528 720 1561 p.
742 1519 822 1559 400,
839 1519 880 1551 31
903 1516 969 1550 Th.
993 1515 1135 1561 ‘rigido
1151 1515 1154 1563 Ι
1169 1537 1212 1541 -
1234 1537 1277 1541 -
1298 1514 1439 1550 Ennius
1460 1516 1555 1560 (523)
1575 1515 1719 1550 locatus

157 1569 320 1615 videtur!
336 1590 377 1594 ——
393 1590 437 1595 -
453 1569 516 1614 (Di.
533 1571 589 1604 est
609 1569 708 1604 enim
728 1581 749 1604 a
768 1570 888 1605 manis
908 1580 955 1604 no
970 1570 974 1617 Ῑ
989 1591 1031 1595 -
1049 1591 1090 1595 —
1105 1580 1144 1604 re
1164 1581 1251 1604 usus
1266 1570 1330 1604 est.
1348 1570 1385 1604 et
1400 1568 1463 1603 l.11
1477 1568 1481 1615 1
1497 1590 1538 1594 -—-
1555 1568 1623 1603 —i
1638 1579 1719 1603 cae-

156 1622 238 1657 rula
256 1623 405 1667 prata»:
427 1633 493 1658 cae
507 1623 509 1669 Ι
525 1644 568 1648 -
590 1644 633 1648 —
655 1624 693 1658 et
712 1622 803 1657 alibi
825 1623 951 1670 [524].’

275 1675 375 1710 XXII
389 1677 484 1721 (144)
522 1676 652 1711 Festus
666 1689 701 1721 p.
718 1680 796 1719 346,
814 1680 857 1711 15
872 1676 937 1711 Th.
959 1677 1117 1721 ‘quaeso
1131 1677 1174 1711 ut
1188 1676 1375 1722 significat
1388 1676 1488 1711 idem
1502 1676 1602 1720 quod
1617 1686 1717 1721 rogo,

156 1730 210 1764 ita
236 1740 413 1774 quaesere
438 1729 590 1774 ponitur
615 1730 662 1764 ab
689 1730 853 1774 antiquis
878 1741 944 1775 pro
971 1741 1159 1774 quaerere,
1185 1731 1228 1765 ut
1254 1731 1309 1765 est
1335 1730 1436 1775 apud
1461 1729 1623 1764 Ennium
1648 1729 1671 1763 l.
1693 1743 1720 1763 11

158 1782 286 1818 «Ostia
308 1795 354 1817 m.
377 1784 433 1818 est
458 1783 558 1818 idem
583 1784 661 1819 loca
682 1783 838 1818 navibus
854 1785 1020 1829 pulchris
1039 1784 1176 1819 mundo
1194 1784 1286 1827 facit
1316 1784 1511 1828 nautisque
1530 1783 1626 1818 mari
1648 1793 1720 1829 que

158 1836 323 1871 sentibus
336 1836 474 1872 vitam»
489 1838 526 1872 et
538 1837 577 1871 in
592 1836 818 1882 Chresponte
834 1838 890 1884 [11]
911 1837 1001 1872 etin
1014 1837 1252 1872 Andromeda
1266 1838 1374 1884 [v11].⁷
1402 1836 1540 1871 Paulus
1561 1837 1572 1854 ‘
1582 1847 1719 1880 quaeso

158 1889 345 1935 significat
369 1890 408 1924 id
435 1891 534 1936 quod
553 1901 653 1936 rogo.
675 1901 852 1935 quaesere
871 1892 999 1926 tamen
1019 1891 1159 1925 Ennius
1179 1902 1245 1936 pro
1266 1901 1443 1935 quaerere
1462 1890 1613 1935 posuit)

156 1943 294 1977 Paulus
313 1955 348 1988 p.
367 1947 444 1987 121,
457 1947 477 1978 3
492 1943 558 1979 Th.
577 1944 755 1979 ‘mundus
770 1955 917 1990 quoque
931 1944 1143 1990 appellatur
1160 1944 1285 1979 lautus
1306 1945 1344 1979 et
1362 1944 1502 1989 purus?
1525 1943 1655 1978 Festus
1676 1953 1720 1977 ex

158 2007 283 2042 apogr.
304 1996 327 2031 1.
348 2010 401 2032 x11
429 1997 589 2033 ‘Ennius
616 1998 739 2034 «idem
771 1999 845 2035 loco
870 1998 1026 2033 navibus
1055 1999 1156 2034 celsis
1186 1998 1327 2034 munda
1356 1998 1452 2041 facie
1480 2000 1586 2042 atque
1611 1997 1720 2032 etiam

158 2050 287 2086 aere»)

280 2223 359 2260 141
394 2223 605 2272 postquam
637 2222 769 2261 Ancus
795 2222 965 2260 Marcius
990 2222 1020 2260 I
1024 2223 1190 2270 lbmyius
1214 2235 1286 2272 pos
1312 2223 1378 2260 aui
1404 2234 1523 2271 quam
1548 2221 1718 2260 Marcius

158 2282 362 2330 Berykius.
394 2281 438 2320 Si
467 2282 560 2320 haec
592 2283 643 2320 ad
668 2280 822 2320 Ancum
846 2282 1048 2320 Marcium
1072 2283 1283 2330 pertinent,
1311 2285 1345 2320 et
1374 2282 1512 2329 reliqui
1535 2282 1604 2319 hoc
1628 2282 1718 2326 zoco,

152 2343 279 2388 possit
303 2353 422 2380 ancus
441 2352 517 2389 pro
536 2353 690 2380 marcus
716 2342 832 2380 scribi
856 2341 973 2390 Isque
1000 2340 1081 2380 dies
1107 2342 1198 2391 post
1218 2343 1287 2380 aut
1306 2340 1438 2380 Ancus
1459 2353 1578 2390 quam
1597 2353 1719 2391 regna

158 2402 307 2450 recepit
331 2400 414 2438 Aut
439 2400 538 2439 obiit
558 2401 718 2448 Tullus;
744 2400 811 2439 sed
835 2412 897 2438 res
923 2403 977 2438 est
1001 2401 1112 2439 valde
1130 2402 1298 2447 incertffl
1323 2402 1369 2439 de
1387 2401 1572 2439 orationi-s
1591 2401 1720 2448 forma

160 2461 257 2506 conf.
281 2460 405 2498 Varro
426 2461 472 2498 de
491 2460 513 2497 Z.
534 2460 582 2497 L.
603 2472 645 2499 vr
671 2457 720 2496 18
748 2473 826 2499 non
851 2460 976 2497 multo
1004 2460 1107 2498 enim
1131 2461 1223 2509 post
1247 2460 1311 2499 hic
1336 2459 1418 2499 dies
1445 2472 1564 2510 quam
1589 2459 1719 2498 deces-

160 2531 225 2557 sus
253 2518 455 2557 Gallorum
481 2532 527 2557 ex
552 2519 647 2557 urbe
783 2520 864 2557 142
891 2519 953 2557 Ne
977 2520 1070 2567 quid
1094 2520 1300 2567 supplendi
1324 2521 1435 2558 metri
1454 2531 1575 2557 causa
1593 2530 1720 2567 prave

161 2578 341 2623 addatur,
361 2579 454 2617 haec
473 2579 525 2617 ad
548 2580 664 2617 situm
686 2577 815 2617 Ostiae
826 2579 1021 2626 pertinere
1042 2577 1203 2617 Ovidius
1221 2579 1311 2627 fast,
1324 2591 1367 2617 1v
1390 2587 1464 2626 291
1492 2577 1605 2617 Ostia
1630 2590 1718 2616 con—

159 2638 322 2687 tigerat,
349 2650 426 2686 qua
452 2650 492 2676 se
518 2637 724 2676 Tiberinus
755 2639 796 2675 in
828 2637 954 2675 altum
985 2637 1127 2676 dividit
1155 2639 1194 2676 et
1225 2650 1363 2687 campo
1394 2638 1575 2676 liberiore
1606 2638 1719 2674 natat

162 2698 195 2734 et
217 2695 358 2734 Festus
382 2698 602 2735 subindicat
618 2710 660 2745 p.
684 2695 780 2745 228,
802 2706 849 2742 14
873 2696 942 2734 Th.
963 2695 1115 2735 Ostiam
1134 2698 1270 2736 urbem
1289 2697 1339 2735 ad
1359 2698 1506 2735 exitum
1532 2695 1717 2734 Tiberis

160 2756 207 2791 in
232 2767 356 2793 mare
383 2755 590 2795 fluentis
617 2756 749 2795 Ancus
775 2756 944 2794 Marcius
970 2769 1037 2794 rex
1063 2756 1281 2795 condidisse
1307 2758 1347 2794 et
1371 2756 1559 2794 feminino
1585 2754 1718 2804 appel-

163 2814 265 2852 lasse
290 2814 481 2853 vocabulo
506 2815 632 2853 fertur
766 2816 847 2853 143
878 2815 1054 2864 Neptuni
1075 2817 1133 2854 vel
1151 2817 1264 2866 ponti
1284 2828 1313 2854 c.
1333 2829 1370 2865 p.
1392 2816 1637 2863 auyurantur
1659 2815 1718 2851 iu-

163 2876 264 2911 certa
296 2875 528 2919 coniectura,
554 2876 632 2913 nisi
656 2875 757 2922 quod
780 2875 872 2913 haec
900 2886 1045 2923 quoque
1070 2876 1122 2914 ad
1149 2876 1317 2914 Tiberim
1344 2877 1377 2912 et
1403 2873 1550 2912 Ostiam
1580 2873 1720 2921 referri

161 2932 368 2970 videantur

1786 360 1920 388 ANCUS

1768 403 1826 429 MA
1831 401 1952 429 Rcms

1774 451 1944 470 nx—xxn
