2054 3282
697 190 957 226 ANNALIUM
981 191 1068 226 Lm.
1089 191 1174 227 VIII
1647 191 1704 232 49

143 370 228 412 277
263 368 558 425 Consequitur.
585 385 752 412 summo
785 309 950 412 sonituVT
961 370 1100 425 quatit
1131 370 1293 427 ungula
1317 373 1486 413 terram.

894 463 962 498 VH

144 524 230 566 278
607 538 813 579 «praecox
845 539 991 580 pugna
1022 527 1087 566 est

881 617 966 652 VHI

143 678 230 720 279
263 676 459 720 «Certare
490 677 673 720 abnueo:
705 682 849 721 metuo
881 678 1124 735 legionibus
1152 679 1303 721 labem.

900 771 951 806 [X

142 832 230 874 280
262 831 466 874 «Hostem
498 832 573 886 qui
604 832 728 874 feriet
759 832 867 874 mihi
898 833 981 874 erit
1013 831 1378 888 Carthaginiensis

261 902 463 958 Quisquis
497 903 594 958 erit3
621 903 773 945 cuiatis
806 903 887 945 siet

905 996 939 1030 X

141 1057 227 1099 282
259 1056 434 1112 Iamque
465 1058 553 1099 fere
585 1057 727 1112 pulvis
761 1057 814 1098 ad
845 1057 1010 1099 caelum
1042 1060 1162 1099 vasta
1193 1057 1362 1099 videtur

144 1174 278 1208 habitu
298 1174 510 1219 copulandi,
531 1175 574 1208 ut
594 1186 740 1210 «marsa
758 1186 805 1208 m.
820 1186 855 1219 p.
873 1185 901 1209 c.
916 1174 1053 1218 festina
1073 1175 1191 1209 virum
1211 1174 1316 1209 vis».'
1338 1173 1494 1219 Explan.
1515 1174 1555 1208 in
1575 1174 1707 1210 Donat.

143 1238 162 1261 e
189 1227 267 1262 cod.
289 1228 443 1262 Lavant.
465 1227 505 1262 G.
522 1228 559 1261 L.
575 1227 618 1261 K.
640 1240 676 1262 1v
695 1240 730 1272 p.
747 1230 815 1261 565
844 1227 911 1262 ‘de
936 1227 1160 1262 scematibus
1183 1256 1188 1261 .
1210 1256 1215 1261 .
1237 1256 1243 1261 .
1264 1255 1270 1261 .
1292 1227 1389 1261 Enni
1414 1238 1555 1262 versus:
1583 1239 1708 1262 omnes

142 1282 268 1325 partes
289 1281 467 1315 orationis
488 1280 626 1325 quibus
645 1291 771 1315 versus
792 1281 1017 1326 compositus
1038 1281 1094 1315 est
1113 1281 1264 1315 nomina
1278 1282 1374 1323 sunt,
1389 1280 1493 1316 nulla
1507 1280 1583 1316 alia
1596 1281 1709 1316 inter-

142 1334 275 1378 posita.
303 1334 470 1368 eiusdem
495 1334 592 1368 Enni
618 1345 743 1368 versus
769 1335 826 1368 est
852 1334 980 1380 [109].'
1008 1333 1105 1368 Enni
1131 1344 1276 1368 versum
1302 1333 1366 1378 qui
1393 1333 1530 1368 dicitur
1550 1335 1615 1368 sed
1634 1346 1709 1369 non

141 1386 293 1422 affertur
318 1387 486 1422 Donatus
511 1387 713 1432 persuadet
738 1398 812 1422 non
838 1397 917 1421 esse
942 1387 1015 1421 nisi
1038 1388 1181 1421 ‘marsa
1202 1416 1207 1421 .
1232 1415 1237 1421 .
1263 1415 1268 1420 .
1290 1387 1371 1421 vis’.
1509 1387 1708 1432 Pompeius

140 1441 333 1475 comment.
350 1440 390 1475 G.
406 1441 444 1474 L.
460 1440 503 1474 K.
519 1453 541 1475 v
559 1452 595 1485 p.
612 1444 691 1483 303,
707 1444 749 1474 21
774 1439 985 1474 ‘faciebant
1004 1451 1148 1474 versum
1168 1440 1207 1474 in
1228 1451 1299 1485 quo
1320 1451 1427 1474 versu
1449 1451 1523 1475 non
1542 1441 1707 1475 invenies

139 1493 212 1528 nisi
238 1493 364 1528 omnia
389 1493 551 1535 nomina,
577 1494 620 1528 ut
646 1504 805 1539 «magma
829 1505 875 1527 m.
897 1506 932 1538 p.
954 1505 982 1528 c.
1003 1492 1140 1537 festina
1164 1494 1284 1529 virum
1309 1493 1414 1529 vis».’
1437 1494 1475 1528 et
1501 1493 1553 1528 sic
1577 1495 1710 1539 postea

140 1547 271 1581 eadem
291 1546 513 1592 singillatim
532 1546 661 1581 relata.

258 1599 308 1634 VI
328 1601 423 1645 (277)
461 1599 672 1634 Macrobius
688 1600 762 1634 Sat.
778 1613 814 1635 v1
830 1603 860 1643 1,
873 1604 917 1634 22
934 1600 1265 1645 ‘quadrupedante
1278 1601 1426 1645 putrem
1440 1600 1564 1635 sonitu
1585 1601 1709 1645 quatit

138 1652 280 1699 ungula
299 1663 471 1698 campum
485 1653 587 1698 (Aen.
602 1666 668 1687 vm
683 1654 775 1699 596).
793 1653 935 1687 Ennius
955 1653 995 1687 in
1008 1666 1044 1688 v1
1060 1654 1171 1700 [224]
1193 1653 1293 1688 idem
1315 1653 1452 1698 (idem
1473 1665 1542 1688 om.
1558 1654 1654 1700 Par.)
1668 1654 1708 1688 in

138 1720 205 1743 v111
216 1706 478 1751 «consequitur
493 1707 601 1751 (cum
621 1718 637 1740 s
646 1717 665 1740 e
675 1707 805 1751 quitu
813 1718 831 1740 r
846 1707 971 1752 pauci)
983 1718 1124 1741 summo
1139 1735 1144 1740 .
1159 1735 1164 1740 .
1180 1735 1185 1740 .
1198 1708 1370 1743 terram».
1384 1707 1485 1741 idem
1498 1707 1537 1741 in
1548 1720 1622 1742 xvn
1636 1708 1706 1753 [1].’

257 1760 325 1795 VH
345 1761 440 1805 (278)
478 1759 621 1794 Nonius
641 1772 676 1805 p.
694 1763 773 1803 150,
790 1763 833 1794 16
857 1761 1035 1805 ‘praecox
1056 1761 1094 1794 et
1111 1770 1303 1805 praecoca,
1325 1760 1425 1805 quod
1439 1761 1495 1794 est
1508 1760 1706 1795 inmatura.

138 1813 280 1848 Ennius
301 1813 428 1848 annali
447 1813 511 1847 lib.
527 1826 593 1848 v111
614 1824 797 1858 «praecox
815 1826 850 1858 p.
867 1814 972 1849 est».’
997 1813 1048 1848 Cf.
1064 1813 1165 1847 idem
1183 1826 1218 1858 p.
1236 1816 1315 1857 156,
1331 1817 1373 1848 31
1398 1814 1573 1858 ‘praecox
1591 1813 1632 1848 id
1652 1815 1709 1849 est

138 1867 376 1912 praecoqua.’

259 1920 343 1955 VIII
363 1921 458 1966 (279)
485 1919 683 1955 Diomedes
699 1933 712 1954 1
724 1932 760 1965 p.
777 1923 909 1963 382,11
926 1920 968 1954 Κ.
985 1920 995 1936 ‘
1005 1920 1106 1965 apud
1120 1921 1260 1954 veteres
1276 1921 1314 1954 et
1328 1919 1472 1954 abnueo
1487 1920 1629 1955 dictum
1643 1931 1708 1955 an-

139 1975 322 2017 notamus,
336 1974 380 2008 ut
391 1973 533 2008 Ennius
548 1975 678 2008 octavo
694 1973 886 2008 annalium
901 1974 1066 2009 «certare
1082 2002 1088 2007 .
1106 2002 1111 2007 .
1130 2002 1135 2007 .
1151 1973 1325 2008 labem».’
1438 1973 1556 2008 Schol.
1573 1973 1705 2008 Veron.

139 2027 179 2061 in
192 2026 282 2061 Aen.
295 2040 318 2061 x
332 2029 352 2060 8
366 2039 401 2071 p.
417 2030 483 2061 102
498 2026 592 2061 Keil.
605 2040 633 2060 11
645 2039 681 2071 p.
697 2030 741 2061 27
755 2026 897 2060 Herrm.
913 2026 1171 2071 ‘(Abnueram:
1192 2026 1348 2072 E)nnius
1369 2026 1587 2071 annassium)
1603 2048 1646 2052 —
1662 2047 1706 2052 —

138 2080 232 2114 haec
246 2080 346 2114 abnu
355 2080 413 2106 --'
431 2080 585 2114 Lunulis
599 2079 745 2114 inclusa
763 2079 873 2113 unius
887 2079 928 2113 A.
942 2079 1019 2113 Mai
1032 2079 1105 2113 fide
1119 2080 1308 2123 constant;
1326 2078 1475 2113 omnino
1489 2079 1644 2114 haecine
1659 2080 1707 2114 ad

139 2133 238 2167 hunc
256 2132 380 2167 locum
397 2132 613 2177 pertineant
633 2143 681 2167 an
701 2132 749 2166 ad
770 2132 886 2166 alium
905 2131 1013 2166 valde
1033 2132 1224 2166 incertum.

256 2185 307 2220 IX
327 2187 423 2231 (280)
450 2185 576 2221 Cicero
590 2196 657 2230 pro
672 2185 790 2219 Balbo
805 2189 860 2227 22,
872 2188 914 2219 51
933 2185 1074 2229 ‘neque
1088 2185 1188 2219 enim
1200 2185 1265 2219 ille
1279 2196 1442 2219 summus
1456 2186 1569 2230 poeta
1582 2187 1707 2221 noster

139 2238 362 2274 Hannibalis
382 2238 488 2273 illam
506 2238 627 2284 magis
648 2238 943 2273 cohortationem
963 2249 1076 2283 quam
1092 2248 1324 2273 communem
1345 2238 1625 2283 imperatoriam
1644 2250 1706 2274 vo-

138 2292 210 2327 luit
229 2302 308 2326 esse
329 2292 496 2328 «hostem
518 2291 583 2336 qui
603 2291 712 2326 feriet
730 2292 820 2327 erit»
840 2291 965 2336 inquit
985 2292 1097 2327 «mihi
1117 2291 1183 2337 (sic
1203 2291 1283 2326 Par.
1306 2291 1395 2326 olim
1417 2291 1571 2337 inquit
1594 2292 1705 2326 mihi

140 2345 229 2380 erit
253 2345 490 2391 vulgabatur)
512 2344 831 2390 Carthaginiensis
852 2344 1020 2389 quisquis
1040 2344 1112 2379 erit
1128 2345 1337 2379 cuiatissiet
1356 2345 1422 2390 (sic
1441 2345 1522 2380 Par.
1539 2345 1704 2380 civatis

140 2411 155 2433 s
165 2398 351 2433 ietWolf.
368 2398 577 2433 civitatis
599 2398 688 2433 siet
702 2398 842 2433 Grembl.
855 2397 979 2443 Erf.)».
992 2397 1031 2432 id
1044 2398 1168 2443 (immo
1188 2398 1267 2444 ita)
1284 2397 1426 2433 habent
1438 2398 1509 2433 hoc
1521 2398 1601 2433 leve
1613 2399 1702 2444 (scil.

141 2462 317 2496 quaerere
337 2452 471 2486 cuiatis
492 2452 574 2496 quis
596 2452 657 2497 sit>
679 2453 716 2486 et
735 2462 879 2496 semper
897 2451 1134 2486 habuerunt.’

258 2505 292 2539 X
311 2506 406 2550 (282)
444 2505 587 2539 Nonius
601 2516 636 2550 p.
653 2508 732 2548 217,
750 2508 790 2538 11
816 2506 826 2521 ‘
836 2504 957 2549 pulvis
971 2504 1117 2550 generis
1130 2504 1329 2539 masculini
1342 2506 1385 2539 ut
1398 2515 1518 2550 saepe.
1533 2505 1704 2540 feminini

139 2558 280 2592 Ennius
300 2558 363 2592 lib.
385 2571 451 2592 vm
471 2558 663 2593 annalium
684 2558 856 2602 «iamque
878 2586 883 2592 .
901 2586 906 2592 .
924 2586 930 2591 .
952 2557 1131 2593 videtur».
1153 2558 1254 2592 idem
1272 2557 1336 2592 lib.
1357 2571 1439 2593 v1111
1460 2559 1541 2605 [x].'

259 2683 343 2720 278
373 2694 563 2731 praecoca
589 2683 655 2730 qui
673 2682 805 2719 Ennio
826 2682 1053 2719 adscribwnt
1069 2681 1243 2720 Nonium
1260 2682 1362 2729 falso
1388 2683 1701 2728 interpretantur,

140 2742 206 2788 qm·
228 2743 388 2788 utroque
412 2742 489 2779 loco
517 2744 551 2779 et
574 2742 750 2779 omnibus
777 2741 958 2788 exemplis
982 2742 1087 2778 docet
1109 2753 1278 2790 praecox
1304 2743 1338 2779 et
1360 2741 1560 2788 femininis
1594 2740 1702 2777 adhi-

139 2800 220 2837 beri
324 2799 381 2847 Cf.
397 2811 495 2848 quae
513 2801 595 2838 dimi
614 2801 656 2838 in
676 2801 771 2838 actis
791 2800 898 2837 acad.
915 2811 950 2838 a.
966 2809 979 2835 1
991 2797 1074 2836 886
1091 2795 1122 2853 (e
1134 2793 1236 2838 U'ber
1256 2801 1317 2838 die
1330 2797 1514 2836 Annalem
1533 2799 1599 2836 des
1614 2798 1700 2836 En-

139 2853 270 2911 nius')
284 2871 326 2906 p.
342 2869 392 2906 14
497 2860 578 2897 281
603 2860 743 2897 cuiatis
764 2860 838 2896 siet
857 2860 934 2896 scil.
950 2871 1028 2897 non
1049 2860 1187 2897 anxius
1208 2871 1375 2908 quaero;
1393 2860 1584 2895 mutatum
1601 2858 1701 2895 (mim

141 2920 289 2965 tempus
314 2920 348 2955 et
371 2919 508 2956 modus
532 2919 708 2956 indicant
730 2918 802 2956 illa
821 2929 846 2956 a
865 2929 939 2956 sua
957 2919 1144 2956 sententia
1161 2918 1331 2966 pendere
1359 2916 1533 2955 Ciceroni
1557 2917 1701 2954 omissa

210 2995 236 3019 E
249 3002 367 3020 nimus
389 2996 433 3021 ed.
453 2996 579 3021 Vahlen.
1395 2985 1418 3015 4
