2020 3334
827 223 963 258 ENNII
988 223 1103 259 VITA
1648 224 1748 259 XVII

186 346 225 374 se
257 348 389 375 senem
422 347 504 374 esse
538 335 711 374 testatur
736 335 887 374 Ennius
913 336 980 374 sed
1005 337 1063 374 ita
1089 347 1129 374 se
1155 336 1333 385 appellat
1357 335 1397 373 in
1424 336 1708 386 epigrammate
1736 348 1748 372 1

186 408 275 433 cum
305 395 364 433 ita
395 394 492 432 dicit

397 452 569 501 Aspicite
600 465 621 491 o
653 455 752 492 cives
782 455 885 492 senis
917 454 1028 492 Enni
1057 455 1242 502 imayinis
1272 455 1460 501 formam.-

470 514 548 551 Hie
578 515 747 551 vestrum
770 514 915 561 pannii
944 514 1118 551 maxima
1148 514 1254 560 facta
1277 516 1452 560 patrum,

185 584 352 621 quorum
383 572 480 610 haec
511 573 710 622 postrema
741 584 830 609 cum
861 584 939 610 non
970 572 1123 621 possint
1153 572 1231 609 nisi
1263 572 1312 610 ad
1344 572 1504 611 annales
1535 574 1693 622 referri,
1725 587 1748 611 a

185 644 225 670 se
257 644 347 670 sene
379 644 461 670 esse
492 633 665 669 maxima
695 631 802 669 facta
832 632 994 680 patrum
1025 630 1242 680 composita
1273 630 1433 669 indicat.

303 690 479 728 Priorem
512 691 646 729 autem
678 691 784 728 vitae
815 691 970 740 partem
1001 690 1092 728 inde
1125 689 1172 727 ab
1206 703 1308 727 anno
1344 690 1440 738 550,
1473 704 1549 739 quo
1582 691 1745 729 Romam

186 750 305 798 venit,
338 763 474 788 scenae
506 750 757 799 potissimum
788 762 948 798 operam
979 749 1131 787 dedisse
1161 750 1243 787 iam
1274 749 1322 787 ob
1355 762 1441 787 eam
1473 762 1630 787 causam
1659 764 1746 800 pro-

184 808 316 846 babile
348 810 418 856 est,
450 810 543 858 quia
573 809 648 847 hac
679 809 745 846 via
776 808 921 846 licebat
952 821 1092 858 parare
1124 821 1224 858 quae
1258 809 1307 846 ad
1338 810 1489 846 victum
1521 810 1748 859 cultumque

184 868 352 905 maxime
390 869 611 906 necessaria
649 869 787 906 essent.
826 868 885 906 Ac
922 868 1015 905 licet
1046 880 1264 917 numquam
1296 868 1494 905 destiterit
1524 868 1747 919 tragoedias

185 927 369 975 scribere,
408 927 514 976 quod
545 927 736 976 Thyestes
775 928 908 977 arguit
945 939 1127 976 supremo
1166 939 1268 965 anno
1307 928 1413 965 vitae
1452 927 1575 976 edita,
1614 929 1747 965 tamen

185 988 490 1024 consentaneum
521 987 581 1024 est
612 986 784 1023 Ennium
817 999 841 1024 a
872 986 1016 1024 fabulis
1049 986 1263 1024 scribendis
1295 988 1335 1024 et
1366 986 1549 1025 docendis
1587 987 1747 1024 initium

184 1046 321 1084 fecisse
360 1046 400 1083 et
435 1045 580 1084 bonam
617 1047 770 1095 partem
811 1046 1106 1096 tragoediarum
1145 1047 1236 1083 ante
1275 1048 1432 1094 coeptos
1471 1047 1631 1084 annales
1663 1047 1748 1084 vul-

184 1106 319 1155 gatam
356 1105 487 1143 fuisse.
526 1105 797 1143 Numerantur
832 1105 948 1143 hodie
988 1118 1144 1154 quoque
1181 1105 1408 1155 tragoediae
1447 1105 1591 1155 viginti
1634 1107 1745 1155 quat-

183 1166 293 1212 tuor,
336 1165 415 1202 tres
454 1164 695 1212 comoediae,
739 1165 967 1214 praetextae
1005 1164 1124 1212 duae,
1168 1165 1392 1202 saturarum
1431 1164 1523 1201 libri
1558 1166 1749 1213 quattuor

184 1223 247 1261 vel
279 1236 362 1272 sex,
401 1225 528 1261 multa
559 1224 640 1262 alia
671 1225 783 1261 varia
821 1225 861 1262 et
897 1225 1044 1273 partim
1079 1224 1255 1274 grandia.
1294 1223 1403 1268 Quae
1442 1225 1510 1273 qui
1546 1224 1749 1273 reputabit

182 1282 384 1334 intelliget
415 1283 510 1321 haec
543 1283 638 1321 satis
670 1283 790 1322 fuisse
822 1282 872 1321 ad
904 1283 1136 1332 explendam
1168 1284 1293 1321 vitam
1320 1284 1439 1321 etiam
1465 1283 1748 1333 longissimam,

185 1354 229 1380 ac
254 1343 348 1380 licet
373 1343 524 1381 Ennius
556 1342 802 1392 grandaevus
829 1356 907 1380 non
932 1343 1064 1390 fuerit,
1095 1344 1228 1380 tamen
1254 1355 1301 1379 ne
1327 1342 1563 1380 brevitatem
1589 1342 1746 1392 quidem

184 1402 291 1439 vitae
322 1403 502 1440 incusare
533 1403 701 1451 poterat.

301 1461 361 1498 De
399 1462 525 1498 morte
563 1474 663 1510 quae
696 1462 765 1498 aut
797 1459 931 1498 Cicero
963 1460 1088 1498 tradit
1119 1461 1189 1497 aut
1220 1460 1484 1510 Hieronymus
1515 1461 1597 1498 iam
1629 1473 1748 1510 supra

184 1532 220 1568 p.
241 1532 282 1558 VI
308 1531 395 1557 cum
422 1522 604 1570 ageretur
629 1520 676 1558 de
702 1532 804 1558 anno
831 1520 958 1557 natali
983 1520 1204 1569 disceptata
1231 1521 1334 1557 sunt.
1367 1518 1541 1564 Quorum
1566 1520 1634 1557 ille
1660 1532 1746 1557 cum

183 1579 320 1616 scribit
358 1574 418 1631 (in
456 1579 581 1617 Bruto
621 1580 693 1627 20,
724 1573 796 1631 70)
838 1579 878 1617 O.
913 1578 1085 1626 Sulpicio
1112 1578 1231 1617 Gallo
1262 1581 1442 1626 praetore
1480 1579 1591 1616 ludos
1628 1578 1748 1626 Apol—

183 1638 256 1676 lini
286 1640 449 1686 faciente
480 1651 567 1676 enni
596 1639 791 1686 Thyestem
821 1639 999 1685 fabulam
1025 1638 1212 1676 docuisset
1238 1637 1279 1685 Q.
1306 1639 1461 1675 Marci-o
1491 1637 1560 1675 On.
1584 1637 1747 1676 Servilio

184 1698 405 1735 consulibus
441 1700 601 1735 ‘mortem
632 1698 724 1735 obiit
755 1698 931 1742 Ennius,
966 1697 1124 1735 videtur
1154 1696 1329 1734 indicare
1360 1697 1462 1745 velle
1493 1699 1633 1746 poetae
1665 1697 1747 1734 obi-

182 1757 269 1794 tum
293 1758 451 1806 praeter
476 1757 808 1806 exspectationem
835 1756 1033 1805 accidisse,
1057 1757 1094 1794 h.
1122 1769 1152 1794 e.
1179 1755 1282 1794 ludis
1308 1756 1618 1805 Apollinaribus,
1650 1769 1747 1805 quos

184 1814 343 1854 Sinnius
389 1815 529 1866 Capito
575 1816 680 1865 apud
717 1816 879 1854 Festum
917 1814 971 1869 (p.
1001 1817 1103 1863 482,
1133 1817 1184 1853 17
1202 1811 1292 1868 Th.)
1335 1815 1472 1853 scribit
1506 1815 1670 1854 Claudio
1715 1819 1748 1853 et

183 1875 325 1913 Fulvio
363 1876 583 1914 consulibus
627 1887 671 1913 ex
708 1876 819 1913 libris
862 1875 1064 1924 Sibyllinis
1107 1876 1299 1913 institutos
1338 1870 1461 1928 (idem
1498 1874 1635 1913 Livius
1667 1887 1747 1913 xxv

186 1935 252 1983 12,
275 1936 420 1984 lOsqq.
454 1935 504 1972 ad
535 1948 568 1973 a.
604 1929 726 1987 542),
765 1947 853 1972 cum
891 1948 914 1972 a
950 1936 1132 1984 praetore
1165 1934 1339 1983 Sulpicio
1374 1933 1487 1972 Gallo
1523 1934 1746 1972 consulibus

185 1992 227 2038 Q.
259 1993 408 2032 Marcio
453 1993 519 2031 Cn.
560 1993 728 2032 Servilio
770 1995 806 2031 h.
846 2007 876 2032 e.
917 2007 949 2032 a.
992 1995 1074 2032 585
1119 1993 1275 2041 fierent,
1319 1993 1492 2030 Ennium
1536 1993 1746 2042 Thyestem

185 2052 361 2091 docuisse
399 2053 613 2102 eodemque
651 2053 714 2091 die
751 2054 919 2091 mortem
958 2054 1111 2092 obiisse.
1152 2053 1418 2101 Hieronymus
1457 2051 1568 2090 addit
1605 2053 1746 2090 articu-

183 2112 261 2150 lari
297 2113 445 2157 morbo,
488 2112 607 2162 idque
650 2112 939 2162 quodammodo
984 2112 1238 2151 confirmatur
1282 2124 1395 2149 versu
1433 2111 1553 2148 Ennii
1591 2124 1667 2160 quo
1707 2123 1746 2148 se

182 2171 359 2222 podagra
404 2172 584 2210 laborare
622 2173 892 2220 conqueritur,
931 2171 972 2216 Q.
1008 2171 1174 2209 Serenus
1214 2170 1484 2208 Sammonicus
1529 2171 1661 2208 autem
1704 2171 1745 2206 in

183 2231 284 2268 libro
316 2231 544 2268 medicinali
575 2243 658 2279 cap.
680 2242 804 2268 xxxw
830 2232 889 2268 cui
923 2231 1125 2279 inscripsit
1155 2231 1298 2268 ischiae
1330 2232 1363 2266 et
1387 2229 1592 2267 articulari
1616 2230 1745 2266 inorbo

184 2284 238 2342 (v.
269 2284 370 2342 706)
405 2289 502 2327 dicit
533 2290 692 2327 Ennius
728 2291 811 2337 ipse
840 2292 974 2337 pater,
1011 2290 1105 2326 dum
1138 2289 1283 2336 pocula
1317 2290 1434 2326 siccat
1469 2290 1624 2335 iniqua,
1662 2289 1747 2325 Hoc

182 2350 274 2386 vitio
307 2350 400 2387 tales
431 2350 556 2397 fertur
586 2350 771 2387 meruisse
802 2349 961 2393 dolores,
993 2361 1094 2397 quae
1125 2349 1193 2385 ille
1226 2361 1270 2385 ex
1296 2347 1456 2385 Horatii
1487 2360 1601 2385 versu
1628 2360 1745 2396 supra

184 2408 307 2446 allato
340 2410 379 2446 et
411 2421 456 2446 ex
490 2407 677 2446 Suetonio
710 2408 812 2445 unde
845 2421 915 2447 sua
946 2408 1079 2446 hausit
1110 2407 1375 2456 Hieronymus
1407 2407 1449 2444 in
1481 2420 1602 2444 unum
1637 2407 1745 2444 colli-

184 2468 305 2518 gavit.
345 2467 452 2512 Quae
484 2467 748 2517 Hieronymus
780 2480 897 2516 porro
931 2467 1076 2505 adiecit
1113 2467 1357 2516 sepulturam
1395 2467 1583 2503 attinent:
1620 2466 1745 2512 sepul-

182 2529 316 2574 tusque
352 2528 395 2565 in
424 2526 618 2575 Scipionis
654 2529 895 2565 monumento
938 2528 1004 2565 via
1040 2525 1176 2574 Appia
1218 2527 1324 2564 intra
1353 2526 1531 2572 primuni
1567 2525 1615 2562 ab
1653 2524 1745 2561 urbe

182 2587 419 2624 miliarium:
461 2587 621 2634 qnidam
657 2597 745 2624 ossa
783 2587 864 2624 eius
894 2586 1070 2623 Rudiam
1107 2597 1151 2623 ex
1187 2585 1367 2623 Ianiculo
1405 2584 1597 2622 translata
1634 2584 1745 2631 affir-

182 2648 301 2683 mant.
340 2645 447 2690 Quae
485 2645 628 2695 duplex
667 2647 726 2684 est
762 2646 970 2694 memoria,
1008 2646 1048 2682 et
1084 2645 1185 2682 hanc
1223 2645 1389 2681 alteram
1426 2644 1485 2680 ita
1521 2643 1742 2692 intelligen-

183 2703 275 2742 dam
313 2717 467 2752 cense0,
504 2707 549 2742 ut
586 2717 726 2754 corpus
763 2705 904 2753 poetae
942 2704 1089 2742 mortui
1127 2705 1168 2741 in
1200 2703 1376 2741 Ianiculo
1415 2702 1612 2750 sepultum
1643 2701 1678 2737 h.
1712 2712 1742 2736 e.

184 2763 448 2811 combustum,
487 2777 575 2803 ossa
612 2765 744 2802 autem
783 2764 864 2801 eius
896 2763 1044 2801 Rudias
1070 2764 1112 2800 in
1143 2763 1316 2812 patriam
1346 2761 1542 2799 translata
1573 2772 1654 2797 esse
1686 2758 1742 2795 di-

184 2825 332 2860 cantur.
373 2822 521 2867 Quibus
558 2835 642 2861 mos
681 2823 888 2861 consuetus
926 2823 1139 2871 multisque
1178 2822 1364 2870 exemplis
1396 2819 1647 2858 confirmatus
1679 2817 1741 2854 de-

184 2882 378 2919 scribitur.
420 2882 542 2920 Velut
573 2881 776 2920 Cornelius
808 2882 940 2931 Nepos
978 2883 1019 2919 in
1058 2883 1142 2919 vita
1173 2881 1359 2918 Eumenis
1398 2880 1570 2916 extrema
1607 2876 1743 2914 scribit

183 2939 402 2989 Antiqonus
434 2942 648 2980 Eumenem
678 2944 872 2979 mortuum
895 2942 1130 2989 propinquis
1162 2941 1243 2978 eius
1276 2937 1533 2985 sepeliendum
1564 2935 1744 2973 tradidit:

254 3013 406 3039 ENNIUS
427 3014 474 3039 ed.
493 3014 620 3039 Vahlen.
1503 3001 1527 3034 b

1721 3072 1726 3099 1
