2004 3278
315 189 370 228 12
889 180 1149 216 ANNALIUM
1174 181 1261 216 Lm.
1281 181 1298 215 1

1049 298 1132 334 XLI

312 365 368 406 68
865 361 992 416 lupus
1023 360 1184 402 femina
1212 360 1302 402 feta
1329 363 1505 415 repente

1037 441 1137 476 XLII

309 505 365 546 69
651 504 816 558 desunt,
846 503 962 545 rivos
994 517 1252 558 camposque
1282 505 1515 545 remanant.

1028 583 1146 618 XLHI

311 646 367 688 70
397 644 651 688 Indotuetur
682 646 742 688 ibi
773 645 901 701 lupus
932 645 1104 700 femina,
1135 644 1345 699 conspicit
1376 645 1532 687 omnis:

396 717 511 759 Hinc
541 731 737 772 campum
768 716 893 759 celeri
924 731 1053 771 passu
1083 730 1305 771 permensa
1334 730 1564 771 parumper

398 786 583 830 Goniicit
613 788 659 830 in
691 787 842 830 silvam
874 802 965 830 sese

306 891 671 927 Enni.unmAx...cA
689 892 842 938 cla(udi)
863 892 933 935 ait,
953 892 1096 927 factum
1115 893 1173 927 est
1192 920 1199 927 .
1216 920 1222 926 .
1244 893 1283 926 et
1300 891 1475 936 (faci)nus
1501 891 1868 937 com(memo)rabile:

307 945 451 980 Tiberis
465 946 522 980 est
535 945 652 981 Tusce
666 946 787 989 Tiber,
803 956 914 991 quem
933 946 1038 980 iubes
1059 945 1169 980 cludi.
1185 944 1298 980 Tiber
1317 945 1436 980 amnis
1450 947 1488 980 et
1507 945 1679 980 dominus
1699 947 1737 980 et
1755 945 1870 980 fluen-

305 998 401 1033 tium
426 998 526 1034 circa
549 1001 726 1045 regnator
752 1000 937 1034 undarum
957 999 1015 1044 (cf.
1037 999 1127 1034 Aen.
1148 1012 1215 1034 vm
1236 1001 1303 1044 77).
1334 998 1476 1033 Ennius
1505 1009 1715 1039 «ros'rqum
1738 999 1867 1045 comus}

305 1064 537 1087 nnsnmuum.
548 1053 943 1100 Qn·omB{.R1N01·:1²8)>.'
967 1052 1027 1087 Sic
1047 1052 1124 1088 fere
1143 1052 1235 1087 haec
1254 1052 1294 1086 in
1314 1052 1441 1087 codice
1460 1051 1538 1097 legi
1557 1052 1597 1086 B.
1618 1052 1796 1087 Kuebleri
1816 1052 1870 1087 of-

305 1105 432 1140 ficiosa
457 1105 629 1141 voluntas
653 1117 798 1141 mecum
823 1106 1124 1148 communicavit,
1153 1106 1217 1151 qui
1249 1105 1399 1141 omnib
1431 1106 1584 1150 agnosci
1610 1105 1772 1140 affirmat
1796 1117 1870 1140 non

306 1158 516 1202 omnium,
547 1159 595 1194 ab
620 1159 732 1194 Ennii
755 1160 881 1194 autem
902 1170 1009 1195 versu
1031 1159 1210 1194 tredecim
1240 1158 1317 1193 fere
1345 1159 1556 1194 litterarum
1581 1159 1704 1204 spatio
1730 1160 1872 1194 secreta

305 1222 384 1246 esse
406 1222 503 1257 quae
525 1212 786 1258 insequuntur:
818 1213 894 1258 qui
927 1212 1174 1247 subcivilia
1205 1212 1288 1259 ajit3
1314 1223 1410 1257 quae
1433 1212 1464 1247 si
1487 1212 1541 1247 sic
1562 1214 1662 1247 recte
1682 1212 1869 1258 leguntur,

305 1267 461 1309 possunt
474 1276 560 1301 vera
579 1277 668 1309 esse,
691 1266 738 1300 ab
758 1266 871 1301 Ennii
893 1268 992 1302 certe
1012 1277 1118 1301 versu
1138 1267 1224 1300 sunt
1244 1266 1377 1300 aliena.
1470 1265 1597 1300 Cicero
1617 1268 1707 1301 orat.
1729 1269 1785 1309 48,
1802 1269 1868 1301 161

307 1318 380 1353 ‘sic
406 1318 504 1353 enim
529 1319 775 1365 loquebamur
803 1319 891 1364 «qui
910 1324 962 1355 est
979 1319 1132 1354 omnibu
1153 1319 1378 1364 (omnibus
1397 1319 1548 1365 integri)
1567 1319 1776 1364 princeps»,
1795 1330 1870 1354 non

308 1371 479 1406 omnibus
499 1373 715 1416 (omnium
734 1373 888 1418 integri)
907 1373 1108 1418 princeps.'

422 1424 502 1460 XLI
522 1427 594 1471 (68)
633 1426 821 1472 Vergilius
841 1426 930 1461 Aen.
952 1439 1018 1461 v111
1039 1429 1106 1461 630
1129 1425 1290 1461 ‘fecerat
1309 1427 1347 1460 et
1366 1425 1477 1460 viridi
1496 1425 1612 1461 fetam
1631 1425 1810 1461 Mavortis
1829 1425 1869 1460 in

306 1479 412 1513 antro
443 1478 684 1523 procubuisse
715 1479 860 1525 lupam:
893 1479 1062 1526 geminos
1093 1479 1179 1514 huic
1210 1479 1327 1514 ubera
1355 1479 1493 1514 circum
1517 1479 1646 1514 ludere
1670 1479 1870 1524 pendentis

306 1542 440 1576 pueros
467 1534 505 1567 et
529 1532 693 1567 lambere
711 1534 869 1568 matrem
888 1533 1102 1578 inpavidos,
1122 1532 1227 1567 illam
1240 1532 1349 1567 tereti
1363 1533 1503 1567 cervice
1516 1532 1690 1567 reflexam
1708 1532 1869 1568 mulcere

306 1584 468 1619 alternos
489 1586 527 1620 et
545 1597 699 1630 corpora
718 1586 858 1632 fingere
877 1586 1033 1632 lingua.’
1060 1585 1205 1621 Servius
1226 1586 1274 1620 ad
1294 1598 1325 1620 v.
1348 1589 1414 1620 631
1438 1586 1548 1620 ‘sane
1567 1587 1668 1620 totus
1687 1585 1748 1620 hic
1766 1585 1870 1620 locus

306 1637 497 1672 Ennianus
512 1639 593 1673 est.'
682 1639 827 1674 Servius
842 1639 1025 1674 Danielin.
1041 1639 1080 1674 in
1093 1639 1183 1674 Aen.
1204 1652 1232 1673 11
1252 1642 1319 1674 355
1339 1650 1374 1684 p.
1391 1642 1470 1680 278,
1487 1642 1504 1672 1
1520 1638 1615 1672 Thil.
1640 1639 1749 1673 ‘sane
1769 1639 1870 1683 apud

304 1692 445 1725 veteres
470 1691 580 1736 lupus
605 1692 856 1736 promiscuum
881 1694 972 1736 erat,
997 1694 1041 1727 ut
1059 1692 1200 1727 Ennius
1220 1692 1353 1737 «lupus
1373 1691 1397 1725 f.
1418 1691 1497 1726 feta
1515 1691 1554 1736 (f
1558 1693 1661 1726 acta
1680 1691 1794 1737 Cass.)
1814 1703 1868 1726 re-

304 1745 466 1788 pente».'
566 1745 697 1780 Festus
716 1758 751 1790 p.
774 1749 853 1788 402,
871 1749 913 1780 15
927 1745 993 1780 Th.
1023 1746 1144 1780 ‘recto
1169 1745 1291 1780 fronte
1312 1774 1318 1779 .
1336 1774 1341 1779 .
1360 1773 1366 1778 .
1384 1773 1390 1778 .
1412 1744 1590 1790 antiquae
1614 1745 1654 1779 id
1674 1738 1869 1780 consuetu-

305 1797 403 1832 dinis
431 1797 505 1833 fuit
531 1799 574 1833 ut
602 1810 686 1833 cum
716 1799 771 1833 ait
797 1799 939 1834 Ennius
969 1810 1117 1844 quoque
1146 1798 1207 1845 [cf.
1229 1799 1278 1833 ad
1303 1799 1404 1844 xxm]
1432 1799 1470 1833 et
1489 1798 1622 1843 «lupus
1642 1797 1770 1834 feta».'

305 1850 557 1892 Quintilianus
578 1865 590 1885 1
611 1856 641 1894 6,
659 1856 702 1886 12
725 1852 855 1897 ‘lupus
874 1852 1137 1894 masculinum,
1159 1862 1387 1897 quamquam
1405 1851 1523 1886 Varro
1543 1851 1582 1885 in
1603 1862 1646 1886 eo
1672 1851 1768 1886 libro
1794 1862 1868 1896 quo

304 1903 416 1938 initia
433 1904 625 1940 Romanae
643 1905 746 1940 urbis
767 1907 916 1940 enarrat
935 1906 1088 1951 «lupum
1106 1905 1308 1940 feminam»
1329 1904 1422 1939 dicit
1435 1904 1596 1939 Ennium
1609 1904 1870 1950 Pictoremque

305 1956 463 1991 Fabium
477 1959 650 1993 secutus?
716 1958 767 1994 Cf.
783 1972 881 1994 x1.111.
896 1959 1027 1994 Festus
1040 1972 1075 2004 p.
1093 1962 1171 2002 138,
1182 1962 1226 1993 28
1239 1959 1305 1993 Th.
1321 1958 1459 1993 Paulus
1478 1970 1513 2002 p.
1531 1962 1561 1999 5,
1575 1961 1595 1992 9
1616 1959 1655 1992 et
1672 1961 1728 2000 42,
1741 1961 1785 1992 27
1800 1957 1866 1992 Th.

422 2010 521 2045 XLII
540 2013 612 2057 (69)
661 2012 791 2047 Festus
816 2025 851 2057 p.
874 2016 952 2055 394,
975 2017 993 2046 1
1015 2012 1080 2047 Th.
1116 2012 1330 2048 ‘remanant
1352 2013 1510 2057 reptent.
1537 2011 1679 2046 Ennius
1703 2011 1726 2046 l.
1749 2025 1762 2046 1
1782 2012 1867 2048 «de-

305 2065 391 2098 sunt
413 2076 439 2098 r.
461 2075 490 2099 c.
511 2066 702 2102 remant».’
742 2066 881 2100 Paulus
909 2067 1072 2101 ‘remant
1094 2067 1276 2111 repetant.
1308 2065 1450 2100 Ennius
1477 2064 1599 2100 «riuos
1625 2075 1654 2099 c.
1675 2065 1866 2100 remant».’

303 2117 556 2153 Remanant
581 2118 694 2153 semel
718 2120 818 2154 recte
843 2119 1022 2164 scriptum
1046 2119 1086 2154 in
1104 2119 1230 2165 glossa
1254 2119 1356 2154 Festi
1381 2129 1507 2153 verum
1527 2117 1702 2153 arbitror:
1724 2118 1783 2152 cui
1803 2118 1868 2163 qui

305 2170 516 2215 explicandi
530 2182 643 2207 causa
655 2183 732 2217 rep
741 2174 871 2207 etunt
881 2173 963 2217 (hoc
977 2172 1076 2208 enim
1089 2184 1133 2207 ex
1146 2172 1247 2208 Festi
1260 2172 1442 2217 Paulique
1456 2171 1648 2216 scripturis
1668 2172 1867 2216 reptent,

304 2226 518 2269 repetant
542 2225 689 2260 videtur
713 2226 876 2271 prodii-e)
897 2226 1107 2271 adscripsit,
1134 2237 1218 2260 cum
1243 2225 1402 2271 figurato
1426 2237 1496 2259 usu
1514 2224 1617 2259 verbi
1637 2224 1868 2259 accusativos

304 2278 495 2313 tuebatur:
523 2279 623 2324 quod
642 2290 759 2325 genus
775 2279 964 2325 Vergilius
986 2279 1147 2324 ‘patrias
1166 2279 1339 2313 remeabo
1359 2278 1541 2324 inglorius
1559 2277 1683 2312 urbes’
1706 2277 1809 2322 (Aen.
1830 2290 1868 2312 xx

307 2332 388 2376 793)
407 2331 591 2377 multique
611 2332 782 2367 similiter
802 2333 1037 2378 scripserunt.

423 2384 539 2419 XLIII
559 2387 631 2430 (70)
686 2385 829 2420 Nonius
848 2398 883 2430 p.
906 2389 984 2428 378,
1002 2389 1045 2420 18
1067 2386 1287 2431 ‘parumper
1305 2385 1379 2419 cito
1399 2386 1438 2419 et
1455 2384 1631 2419 velociter
1651 2413 1657 2418 .
1675 2413 1681 2418 .
1698 2413 1704 2418 .
1726 2384 1868 2419 Ennius

306 2437 434 2472 annali
452 2437 516 2472 lib.
531 2451 544 2472 1
564 2438 699 2484 [xxix];
719 2439 819 2474 idem
838 2439 877 2474 in
897 2439 1027 2474 eodem
1047 2439 1286 2475 «indotuetur
1306 2466 1312 2471 .
1330 2466 1335 2471 .
1354 2466 1359 2471 .
1381 2438 1422 2472 in
1441 2449 1567 2482 campo
1586 2449 1615 2472 c.
1630 2449 1664 2482 p.
1675 2449 1868 2482 praemens

305 2503 340 2535 p.
362 2490 500 2526 conicit
523 2491 546 2525 i.
568 2503 594 2525 s.
616 2493 745 2527 sese».'
817 2492 868 2528 Of.
890 2505 959 2527 x1.1.
980 2492 1053 2527 Inc.
1069 2492 1116 2527 de
1135 2491 1226 2537 orig.
1241 2491 1364 2536 gentis
1383 2490 1487 2525 Rom.
1504 2493 1560 2533 20,
1576 2494 1607 2524 3.

427 2616 480 2653 69
521 2615 665 2654 Versus
691 2618 725 2653 et
748 2617 935 2654 sententia
959 2616 1160 2664 suppletur
1184 2615 1457 2653 additamentis
1480 2614 1573 2651 olim
1596 2625 1623 2651 a
1646 2624 1706 2650 me
1722 2624 1865 2661 propo-

306 2675 391 2713 sitis
413 2669 529 2727 (mus.
549 2674 670 2712 Rben.
693 2686 763 2712 nv
781 2687 823 2722 p.
852 2669 955 2727 552)
980 2675 1061 2712 iam
1086 2674 1252 2712 stabulis
1260 2684 1274 2720 ,·
1306 2685 1404 2722 qnae
1434 2673 1481 2710 de
1501 2672 1682 2720 yreqibus
1706 2672 1868 2720 intelligi

306 2734 390 2772 volo
420 2735 503 2772 iam
531 2734 695 2772 stabulis
724 2734 867 2772 rebictis
896 2735 1000 2772 rivos
1025 2745 1253 2781 camposque
1276 2731 1545 2780 repetentibus:
1576 2731 1623 2777 cf.
1650 2730 1866 2778 Dionysius

307 2792 438 2831 Halia.
465 2804 509 2831 ex
539 2792 666 2831 Fabio
691 2792 839 2831 Pictore
866 2804 965 2840 quae
995 2793 1110 2840 affert
1138 2805 1153 2829 1
1181 2801 1247 2840 79,
1268 2789 1293 2827 6
1321 2788 1365 2829 ἐν
1389 2789 1513 2844 τούτῳ
1543 2788 1803 2840 τυγχάνουσιν
1829 2789 1871 2828 οἰ

307 2854 439 2902 νομεῖς
474 2849 757 2899 ἐξελαύνοντες
791 2849 860 2896 τὰς
897 2848 1034 2902 ἀγέλας
1064 2849 1128 2889 ἐπὶ
1161 2849 1290 2901 νομήν
1310 2845 1407 2902 (ἤδη
1438 2846 1511 2900 γὰρ
1542 2845 1710 2898 ἐμβατὸν
1741 2841 1791 2898 ἧν
1822 2846 1865 2886 τὸ

308 2905 469 2964 χωρίον)
494 2908 562 2949 καί
590 2925 647 2957 τις
678 2909 810 2948 αὐτῶν
842 2907 938 2948 ἰδὼν
968 2909 1043 2960 τὴν
1075 2909 1265 2948 λύκαιναν
1296 2910 1363 2947 κτλ
1494 2909 1549 2946 70
1581 2907 1715 2945 omnia
1739 2906 1866 2945 Lach-
