2054 3282
307 212 393 252 214
555 176 558 180 ’
1002 199 1152 235 VARIA

1050 316 1100 351 VI

330 395 355 435 9
568 388 749 431 mundus
777 386 879 429 caeli
905 387 1051 427 vastus
1078 383 1272 425 constitit
1298 383 1469 425 silentio

387 461 444 503 Et
468 459 694 514 Neptunus
720 471 868 499 saevus
895 455 1019 497 undis
1045 454 1206 509 asperis
1231 469 1409 508 pausam
1435 453 1564 508 dedit,

305 533 354 574 11
392 530 465 573 Sol
491 530 610 584 equis
636 528 717 570 iter
741 526 943 582 repressit
967 524 1141 581 ungulis
1167 524 1426 579 volantibus,

389 599 626 642 Constitere
653 612 796 641 amnes
821 610 1038 652 perennes,
1064 596 1236 638 arbores
1261 597 1389 638 vento
1415 598 1578 639 vacant.

1043 723 1112 758 VII

303 795 356 836 13
389 794 555 848 Quaque
579 795 754 848 propter
778 791 1034 834 Hannibalis
1059 790 1204 846 copias
1230 790 1471 833 considerat

1032 918 1118 954 VIII

303 995 357 1037 14
389 994 555 1050 Sparsis
580 993 716 1036 hastis
741 992 884 1049 longis
910 1006 1084 1048 campus
1111 991 1306 1047 splendet
1331 993 1374 1033 et
1399 991 1547 1034 horret

418 1146 468 1181 VI
488 1147 536 1191 (9)
568 1145 778 1181 Macrobius
800 1145 874 1180 Sat.
886 1157 922 1180 v1
938 1149 969 1188 2,
985 1148 1028 1180 26
1043 1145 1143 1179 ‘tum
1162 1145 1270 1190 pater
1289 1144 1524 1190 omnipotens
1543 1155 1665 1180 rerum
1685 1143 1745 1179 cui
1765 1155 1861 1179 sum-

300 1211 361 1234 ma
385 1200 551 1244 potestas
577 1199 674 1233 infit:
702 1209 743 1233 eo
771 1198 920 1233 dicente
947 1198 1058 1233 deum
1078 1198 1209 1233 domus
1229 1197 1308 1233 alta
1328 1198 1470 1233 silescit
1489 1200 1527 1234 et
1544 1197 1765 1234 tremefacta
1785 1197 1862 1233 solo

300 1252 420 1294 tellus,
443 1252 528 1287 silet
547 1252 683 1287 arduus
704 1251 843 1286 aether.
864 1253 943 1286 tum
963 1251 1065 1286 venti
1084 1262 1252 1297 posuere,
1271 1251 1409 1296 premit
1424 1251 1577 1297 placida
1593 1262 1756 1297 aequora
1771 1262 1862 1296 pon-

300 1307 359 1340 tus
374 1305 476 1351 (Aen.
492 1318 513 1339 x
536 1308 603 1339 100
618 1306 723 1350 sqq).
739 1304 880 1339 Ennius
900 1304 939 1339 in
960 1304 1133 1350 Scipione
1154 1305 1358 1341 «mundus.
1375 1332 1381 1339 .
1399 1332 1405 1338 .
1420 1305 1605 1340 vacant»)

418 1357 485 1392 VII
506 1359 578 1404 (13)
610 1357 751 1392 Gellius
771 1371 807 1393 1v
829 1361 847 1392 7
852 1386 860 1400 ,
876 1362 895 1392 2
913 1358 1099 1393 ‘Valerius
1118 1358 1259 1393 Probus
1275 1386 1281 1392 .
1298 1386 1305 1392 .
1321 1357 1572 1393 Hannibalem
1590 1359 1628 1393 et
1646 1357 1863 1393 Hasdruba-

300 1411 373 1447 lem
393 1412 431 1446 et
449 1411 699 1446 Hamilcarem
719 1411 774 1446 ita
792 1411 1063 1456 pronuntiabat
1081 1413 1124 1446 ut
1138 1411 1410 1457 paenultimam
1424 1411 1739 1454 circumflecteret,
1752 1412 1795 1446 ut
1808 1412 1865 1448 est

302 1464 463 1510 epistula
488 1464 566 1499 eius
593 1465 732 1510 scripta
753 1465 800 1500 ad
820 1464 1049 1507 Marcellum,
1070 1464 1109 1499 in
1129 1476 1204 1510 qua
1223 1464 1398 1500 Plautum
1417 1465 1456 1499 et
1473 1464 1636 1499 Ennium
1653 1464 1864 1510 multosque

302 1518 394 1552 alios
420 1519 560 1553 veteres
587 1529 629 1553 eo
655 1519 766 1553 modo
791 1518 1053 1564 pronuntiasse
1074 1518 1248 1562 affimat,
1272 1518 1285 1538 ³
1304 1517 1418 1553 solius
1443 1519 1570 1553 tamen
1589 1517 1701 1552 Ennii
1720 1528 1865 1553 versum

301 1583 415 1605 unum
433 1571 541 1616 ponit
560 1582 604 1606 ex
620 1571 718 1607 libro
739 1572 803 1616 qui
825 1571 948 1632 Scipio
968 1571 1193 1606 inscribitur.
1217 1571 1229 1591 ⁴
1242 1582 1326 1606 eum
1345 1582 1490 1606 versum
1509 1571 1693 1616 quadrato
1711 1582 1865 1606 numero

302 1624 441 1660 factum
461 1625 694 1668 subiecimus,
715 1625 754 1660 in
775 1637 846 1672 quo
867 1625 940 1660 nisi
959 1625 1071 1660 tertia
1091 1624 1237 1670 syllaba
1251 1625 1297 1660 de
1310 1624 1534 1659 Hannibalis
1547 1624 1697 1660 nomine
1711 1624 1864 1660 circum-

302 1677 393 1712 flexe
413 1679 606 1722 promatur
625 1689 799 1713 numerus
814 1679 1007 1713 clausurus
1022 1678 1120 1713 est-'³
1133 1689 1258 1713 versus
1272 1678 1383 1712 Ennii
1398 1689 1508 1723 quem
1523 1677 1619 1713 dixit
1631 1677 1686 1713 ita
1700 1679 1756 1713 est
1769 1689 1866 1723 «qua

302 1732 473 1775 propter.
491 1730 725 1766 ,considerat
745 1731 839 1777 (Par.
855 1731 1154 1767 considerant
1172 1731 1256 1766 Vat.
1271 1731 1437 1776 Rott)».'

420 1783 503 1818 VIII
523 1785 595 1830 (14)
633 1784 845 1820 Macrobius
861 1785 935 1820 Sat
950 1798 987 1819 VI
1006 1788 1039 1827 4
1056 1789 1076 1819 6
1092 1784 1192 1819 ‘tum
1212 1784 1352 1819 ferreus
1371 1784 1491 1819 hastis
1510 1784 1637 1819 horret
1656 1795 1746 1831 ager
1759 1784 1863 1830 (Aen.

303 1850 339 1871 x1
361 1838 452 1882 601).
473 1837 598 1872 horret
623 1838 715 1872 mire
742 1848 780 1873 se
805 1837 929 1873 habet.
952 1838 1017 1873 sed
1043 1839 1081 1873 et
1104 1837 1246 1872 Ennius
1273 1837 1312 1872 in
1338 1839 1471 1883 quarto
1498 1837 1641 1873 decimo
1663 1838 1744 1884 [vn]
1765 1839 1802 1873 et
1827 1838 1866 1872 in

304 1889 510 1925 Erechtheo
526 1891 592 1937 [ιν]
608 1892 646 1925 et
658 1891 698 1926 in
713 1891 885 1936 Scipione
900 1891 1061 1936 «sparsis
1078 1919 1084 1925 .
1102 1919 1107 1925 .
1125 1919 1131 1925 .
1146 1891 1323 1927 horret».’
1423 1891 1569 1925 Servius
1588 1890 1627 1926 in
1641 1891 1731 1926 Aen.
1746 1905 1783 1926 xx
1798 1894 1863 1925 601

307 1942 451 1977 ‘horret
464 1954 568 1989 ager:
584 1944 762 1979 terribilis
777 1946 848 1979 est:
870 1946 928 1979 est
947 1946 1071 1980 autem
1086 1945 1143 1990 (et
1163 1946 1231 1979 est
1249 1944 1359 1990 Flor.)
1374 1955 1498 1979 versus
1513 1944 1703 1979 Ennianus
1723 1945 1866 1990 vitupe-

304 1997 406 2030 ratus
427 2007 449 2030 a
468 1996 611 2031 Lucilio
626 1998 731 2042 (1165
747 1998 800 2042 L.)
816 1998 962 2032 dicente
982 2009 1049 2043 per
1061 1997 1278 2032 inrisionem
1292 1997 1464 2033 debuisse
1479 2008 1563 2032 eum
1577 1997 1699 2032 dicere
1719 1998 1867 2034 «horret

306 2050 343 2083 ct
362 2048 503 2094 alget»2
523 2050 622 2084 unde
642 2050 819 2085 Horatius
840 2053 921 2096 (sat.
938 2065 949 2085 1
972 2055 1026 2094 10,
1041 2052 1100 2096 54)
1121 2051 1167 2086 de
1186 2050 1329 2086 Lucilio
1350 2061 1447 2087 «non
1467 2050 1565 2086 ridet
1585 2051 1758 2096 (dicens
1779 2051 1864 2086 add.

306 2101 414 2147 Flor.)
436 2114 559 2137 versus
579 2103 675 2138 Enni
695 2104 880 2149 gravitate
899 2104 1110 2140 minores».'

429 2274 492 2311 10.
512 2275 559 2311 11
583 2275 711 2313 Paene
736 2277 879 2314 mirum
904 2278 958 2314 est
975 2276 1148 2314 nondum
1168 2277 1352 2315 exstitisse
1370 2277 1437 2324 qui
1454 2277 1522 2315 hos
1541 2277 1637 2315 duos
1656 2287 1789 2315 versus
1808 2289 1867 2315 or-

307 2332 436 2370 dinem
459 2335 610 2371 mutare
634 2335 779 2373 iuberet
801 2337 844 2373 ut
866 2337 991 2383 paria
1016 2347 1102 2373 cum
1125 2336 1294 2383 paribus
1319 2336 1648 2384 eoniuuyerentur,
1674 2347 1746 2383 quo
1771 2337 1869 2374 nihil

307 2391 433 2438 magis
451 2391 655 2441 philologus
671 2394 801 2440 placet
925 2415 930 2421 ·
952 2395 1003 2432 13
1033 2393 1195 2443 Quaque
1215 2395 1274 2432 M.
1294 2395 1490 2443 Herlzius,
1509 2395 1609 2443 quod
1633 2406 1869 2443 quamquam

307 2449 429 2497 plane
453 2452 596 2488 eertum
620 2463 698 2490 uon
724 2455 787 2502 est,
807 2455 935 2491 tamen
959 2454 1050 2492 aliis
1067 2455 1278 2502 propositis
1292 2454 1537 2502 probabilius
1555 2454 1648 2492 milei
1669 2455 1794 2492 adhue
1812 2455 1866 2491 vl-

309 2509 419 2547 detur
515 2509 753 2549 considerat:
767 2513 813 2559 ef.
826 2512 967 2550 Livius
977 2525 1018 2550 ix
1032 2522 1054 2558 3
1063 2520 1098 2559 7,
1111 2520 1131 2560 7
1147 2513 1251 2562 quod
1265 2514 1348 2551 sine
1361 2514 1605 2551 munimento
1620 2513 1870 2551 considerant

430 2568 483 2605 14
503 2568 558 2606 Iu
576 2580 689 2607 versu
701 2570 967 2619 Lycophronis
980 2572 1033 2610 ad
1046 2583 1137 2610 auu.
1152 2584 1221 2611 xiv
1239 2573 1288 2619 fr.
1304 2584 1361 2610 v11
1375 2573 1485 2610 citato
1505 2569 1701 2623 πέφρικαν
1721 2567 1757 2609 ὁ’
1774 2570 1868 2610 ὥστε

310 2625 424 2676 ληίου
455 2626 547 2678 γύαι
578 2625 731 2679 λόγχαις
761 2627 1058 2681 ἀποστίλβοντες
1085 2631 1201 2669 habes
1228 2632 1329 2669 idem
1358 2643 1443 2669 cum
1473 2631 1660 2669 Enniano
1689 2631 1869 2680 splendet

311 2686 350 2723 et
368 2686 513 2730 horret,
534 2687 634 2734 quod
652 2687 832 2726 Lucilius
850 2690 975 2727 irrisit
1104 2690 1394 2734 Heoeametrum,
1415 2702 1526 2737 quem
1543 2701 1619 2727 uon
1640 2691 1723 2728 licet
1735 2690 1868 2727 Ennio

311 2745 491 2789 adimere
503 2745 627 2793 paulo
647 2746 921 2786 clemeulwrem
938 2749 1080 2787 reclclas
1098 2749 1133 2786 si
1151 2749 1352 2796 scripseris
1370 2747 1525 2798 Sparsis
1545 2749 1669 2786 hastis
1694 2749 1810 2799 longe
1834 2750 1868 2787 is

311 2815 472 2853 campus
486 2798 646 2856 (seilicet
662 2805 696 2843 is
715 2807 780 2852 qui
799 2807 1010 2855 descriptus
1030 2810 1083 2845 est
1101 2801 1206 2860 aule)
1222 2820 1249 2846 s
1268 2809 1307 2846 et
1325 2808 1375 2852 h„
1391 2809 1471 2846 slve
1490 2808 1635 2857 sparsis
1656 2779 1785 2858 longee
1790 2809 1870 2846 sive

312 2862 428 2912 longe
453 2863 632 2912 splendet
656 2864 863 2911 mammis,-
886 2866 953 2904 sed
976 2877 1024 2904 ue
1050 2867 1188 2917 longas
1217 2868 1368 2915 quidem
1386 2866 1519 2905 hastas
1545 2868 1622 2904 luto
1647 2866 1869 2905 sustuleris.

315 2922 423 2959 stant
441 2922 570 2974 longis
592 2922 722 2961 adnixi
742 2924 866 2963 hastis
888 2925 1099 2974 Ver-qaam,-
1118 2924 1262 2979 μακραὶ
1281 2924 1411 2978 λόγχαι
1430 2926 1643 2975 Euripides
