2054 3282
625 185 694 221 AN
695 185 967 222 DROMACHA
991 186 1331 224 AECHMALOTIS
1644 190 1664 231 1
1672 190 1728 233 33

165 307 221 350 95
342 307 484 351 Tectis
505 307 677 350 caelatis
702 306 911 362 laqueatis

341 377 459 421 Auro
487 378 614 421 ebore
639 378 893 421 instructam
918 379 1096 436 regifice.

156 522 218 564 «97
340 521 458 563 Haec
484 521 627 563 omnia
651 521 740 563 vidi
766 522 1033 577 inflammari,

340 587 513 634 Priamo
538 593 582 634 vi
608 593 741 635 vitam
767 589 930 647 evitari,

165 665 220 706 99
342 663 456 707 Iovis
483 679 598 707 aram
625 664 832 721 sanguine
856 664 1032 720 turpari.

857 844 860 847 Α
916 803 967 839 VI

728 856 730 858 ’
802 876 1091 903 ANDROMAOHA

162 926 247 969 100
278 926 391 982 Vidi,
417 926 559 968 videre
586 925 701 980 quod
725 940 792 967 me
817 940 942 980 passa
967 940 1226 982 aegerrume,

278 997 508 1040 Hectorem
533 1011 660 1040 curru
686 997 940 1053 quadriiugo
966 998 1174 1052 raptarier

908 1138 977 1172 VII

811 1205 1072 1232 ANDROMAGHA

163 1253 247 1296 102
280 1253 459 1304 Quantis
485 1267 581 1296 cum
608 1252 820 1295 aerumnis
847 1252 970 1295 illum
998 1255 1215 1296 exanclavi
1242 1254 1355 1296 diem
1418 1279 1420 1281 >

158 1407 413 1443 discessisset?
438 1408 518 1442 tum
542 1406 709 1452 profecto
735 1405 923 1441 videretur
943 1417 965 1441 a
984 1406 1101 1442 bonis.
1124 1408 1164 1442 at
1183 1409 1282 1443 certe
1309 1407 1344 1443 ei
1368 1407 1502 1443 melius
1529 1408 1722 1452 evenisset,

156 1471 224 1496 nec
240 1463 319 1496 tam
337 1460 513 1496 flebiliter
531 1460 598 1495 illa
612 1461 832 1495 canerentur
845 1459 961 1496 «haec
975 1462 1046 1506 (97)
1062 1472 1092 1495 0.
1107 1461 1187 1496 vidi
1198 1461 1384 1496 inflamari
1398 1462 1550 1497 Priamo
1565 1462 1600 1497 vi
1612 1463 1725 1498 vitam

156 1515 287 1550 evitari
302 1543 307 1549 .
325 1543 331 1549 .
347 1515 526 1561 sanquine
545 1513 689 1558 turpari
704 1513 826 1559 (99)».'
945 1513 1090 1549 Servius
1111 1514 1296 1549 Danielin.
1311 1514 1351 1549 in
1364 1514 1454 1549 Aen.
1470 1528 1483 1549 1
1505 1518 1572 1550 726
1591 1528 1626 1561 p.
1643 1519 1722 1559 203,

158 1573 175 1604 1
192 1568 287 1603 Thil.
306 1567 564 1613 ‘laquearibus
583 1596 589 1601 .
607 1595 613 1601 .
630 1595 636 1601 .
651 1567 790 1613 legitur
803 1568 840 1602 et
852 1566 1075 1602 lacuaribus.
1092 1566 1217 1603 Cicero
1232 1567 1527 1603 Tusculanarum
1541 1569 1672 1605 «tectis
1694 1581 1722 1604 c.

156 1623 334 1659 lacuatis»
346 1622 445 1668 (95).’
546 1620 672 1656 Cicero
686 1620 791 1655 Tusc.
808 1620 901 1666 disp.
917 1634 959 1655 111
974 1624 1028 1664 22,
1045 1624 1088 1656 53
1105 1621 1165 1656 ‘hi
1178 1623 1353 1667 poterant
1367 1633 1492 1657 omnes
1507 1622 1638 1657 eadem
1657 1623 1725 1657 illa

156 1677 201 1712 de
222 1675 464 1711 antromacha
484 1674 678 1719 deplorare
692 1674 807 1710 «haec
821 1673 946 1709 omnia
958 1674 1064 1711 vidi»
1080 1676 1112 1720 (9
1119 1676 1163 1720 7),
1179 1675 1244 1710 sed
1257 1675 1334 1710 iam
1347 1675 1639 1710 decantaverant
1651 1675 1724 1711 for-

156 1730 281 1766 tasse.'
374 1728 518 1763 Nonius
528 1740 563 1773 p.
577 1731 654 1771 181,
664 1732 683 1762 2
702 1727 861 1773 ‘turpari
875 1738 897 1762 a
909 1727 1153 1773 turpitudine.
1167 1727 1292 1764 Cicero
1300 1728 1595 1764 Tusculanarum
1608 1729 1673 1764 lib.
1683 1743 1725 1764 111

156 1786 227 1830 (111
240 1783 342 1818 Leid.
354 1795 401 1817 m.
413 1783 482 1827 pr.)
492 1781 609 1818 «Iovis
624 1792 654 1816 a.
664 1782 845 1828 sanquine
857 1781 1025 1826 turpari»
1034 1782 1134 1827 (99).'
1234 1781 1360 1817 Cicero
1370 1794 1437 1828 pro
1453 1781 1572 1817 Sestio
1587 1786 1642 1826 57,
1653 1787 1717 1818 121

157 1839 167 1855 ‘
177 1838 254 1873 iam
272 1836 339 1871 illa
359 1837 498 1881 quanto
519 1847 602 1870 cum
621 1835 764 1881 gemitu
782 1834 914 1880 populi
932 1835 1092 1870 Romani
1107 1835 1154 1870 ab
1168 1836 1299 1871 eodem
1311 1836 1425 1881 paulo
1439 1837 1525 1881 post
1538 1836 1578 1871 in
1592 1837 1723 1871 eadem

154 1890 284 1926 fabula
304 1890 390 1925 sunt
410 1890 495 1924 acta
515 1899 559 1925 «0
578 1890 708 1934 pater»
730 1890 812 1934 (92).
830 1898 900 1931 me,
920 1899 980 1923 me
999 1888 1064 1924 1110
1084 1889 1278 1925 absentem
1296 1891 1339 1924 ut
1357 1891 1503 1935 patrem
1524 1889 1721 1935 deploran-

156 1946 245 1979 dum
263 1943 445 1989 putabat.
463 1971 469 1977 .
486 1971 492 1977 .
508 1943 648 1987 quanto
669 1953 753 1977 cum
771 1942 861 1978 fletu
881 1942 927 1977 de
947 1941 1022 1977 iHis
1042 1943 1178 1978 nostris
1197 1943 1381 1978 incendiis
1401 1954 1445 1978 ac
1463 1943 1603 1978 ruinis.
1622 1972 1628 1977 .
1646 1971 1652 1977 .
1669 1944 1722 1978 sic

155 1998 234 2044 egit
251 1998 295 2032 ut
314 1997 568 2031 demonstrata
586 1995 747 2041 pristina
765 1995 916 2030 fortuna
936 2007 1020 2031 cum
1040 2007 1079 2031 se
1099 1996 1340 2032 convertisset
1359 1997 1476 2033 «haec
1499 1996 1624 2031 omnia
1643 1997 1721 2032 vidi

154 2049 400 2086 inflammari»
422 2051 494 2095 (97)
520 2049 648 2083 fletum
674 2049 789 2083 etiam
812 2048 974 2084 inimicis
1005 2050 1118 2094 atque
1143 2049 1280 2084 invidis
1306 2049 1512 2084 excitaret.’
1534 2049 1586 2084 Cf.
1607 2049 1717 2084 Ribb.

158 2105 299 2148 quaest.
315 2113 411 2138 scen.
425 2115 461 2147 p.
478 2106 545 2136 328
561 2113 612 2147 sq.

272 2156 323 2192 VI
342 2157 438 2202 (100)
477 2155 603 2190 Cicero
623 2154 729 2190 Tusc.
748 2155 842 2200 disp.
861 2168 874 2189 1
894 2158 951 2199 44,
967 2158 1034 2190 105
1055 2156 1140 2190 ‘sed
1159 2155 1272 2201 plena
1292 2167 1456 2191 errorum
1475 2157 1563 2191 sunt
1581 2157 1716 2192 omnia.

153 2211 270 2246 trahit
283 2210 480 2244 Hectorem
494 2209 542 2243 ad
556 2220 703 2243 currum
715 2208 916 2254 religatum
930 2208 1110 2244 Achilles:
1130 2208 1289 2245 lacerari
1306 2220 1390 2244 eum
1407 2211 1445 2245 et
1458 2209 1594 2245 sentire
1610 2210 1719 2245 credo

152 2265 271 2310 putat.
289 2274 375 2309 ergo
395 2262 457 2298 hic
476 2262 679 2305 ulciscitur,
693 2262 736 2296 ut
755 2261 907 2306 quidem
927 2261 999 2296 sibi
1018 2262 1173 2297 videtur.
1190 2264 1230 2298 at
1248 2262 1315 2298 illa
1329 2263 1426 2298 sicut
1439 2263 1719 2299 acerbissimam

152 2329 231 2353 rem
248 2318 391 2352 maeret
405 2316 503 2353 «vidi
520 2344 526 2350 .
543 2344 549 2350 .
567 2344 573 2350 .
589 2316 802 2351 haectorem
816 2327 924 2350 curru
938 2317 1086 2361 (curro
1107 2315 1199 2352 Gud.
1215 2316 1312 2362 Par.)
1326 2329 1360 2361 q.
1375 2316 1592 2362 raptarier».
1609 2328 1719 2363 quem

152 2372 360 2413 Hectorem,
382 2371 447 2405 aut
467 2380 579 2415 quam
599 2369 664 2404 diu
683 2369 748 2404 ille
768 2369 839 2404 erit
854 2369 1014 2405 Hector?
1033 2369 1166 2405 melius
1185 2370 1320 2405 Accius
1336 2399 1342 2405 .
1360 2399 1366 2405 .
1383 2371 1467 2417 [667
1486 2370 1574 2417 R.].’

154 2424 206 2460 Of.
223 2424 271 2460 ad
291 2427 346 2458 82.

270 2477 338 2512 VH
358 2478 453 2523 (102)
485 2476 628 2512 Nonius
644 2489 680 2522 p.
697 2479 775 2520 292,
791 2479 811 2510 8
829 2476 1044 2512 ‘exanclare
1065 2477 1178 2513 etiam
1198 2477 1386 2524 significat
1403 2478 1560 2523 perpeti.
1575 2477 1717 2513 Ennius

153 2532 393 2567 andromache
412 2531 507 2566 malo
527 2530 732 2575 torquantis
752 2530 822 2575 (vel
841 2530 1101 2575 torquentis
1120 2531 1156 2566 h.
1172 2542 1201 2566 e.
1216 2532 1259 2566 ut
1273 2530 1518 2574 Quicheratus
1531 2531 1718 2567 intellexit

152 2583 465 2619 Andromache
485 2583 772 2619 aechmaloto
794 2584 1027 2630 «quantis)
1043 2595 1126 2619 cum
1139 2585 1301 2620 erumnis
1320 2613 1326 2620 .
1344 2614 1350 2620 .
1367 2585 1466 2621 diem
1482 2585 1633 2631 (illum
1653 2596 1712 2619 ex.

153 2649 249 2673 eum
269 2637 387 2673 diem
404 2637 581 2683 pauci)».’
1282 2648 1284 2651 v

272 2810 326 2848 96
352 2809 508 2861 regifice
527 2809 618 2848 olim
638 2820 751 2848 corn:
776 2809 975 2861 regificem
1122 2811 1201 2849 101
1235 2809 1292 2858 Of.
1315 2811 1367 2848 ad
1389 2807 1437 2845 82
1463 2810 1662 2857 adscripta
1682 2812 1717 2848 et

153 2867 342 2908 Androm.
359 2878 443 2917 399
463 2868 550 2920 ἥτις
569 2866 723 2921 σφαγὰς
743 2866 813 2920 μὲν
827 2866 1017 2922 ’Έκτορος
1035 2869 1294 2922 τροχηλάτους
1313 2867 1493 2908 κατεῖδον
1516 2871 1603 2915 κτλ,·
1621 2869 1712 2907 ibid.

161 2935 236 2975 107
254 2939 306 2975 sq.

1755 2972 1758 2997 1
