2004 3278
716 184 977 220 ANNALIUM
1002 184 1088 220 LIB.
1109 184 1169 219 XI.
1190 184 1258 219 XII
1648 184 1772 220 CXCV

210 299 269 336 est
295 297 435 336 aliena.
467 296 636 334 Romani
663 297 768 334 enim
794 297 978 335 dicuntur
1003 296 1155 335 venisse
1183 298 1296 347 regni
1321 309 1516 335 summam
1547 296 1770 335 columnam

209 369 404 405 eversum,
431 368 532 405 quae
558 355 753 394 sententia
778 356 885 393 cadit
909 357 951 394 in
978 369 1111 395 eorum
1136 358 1307 394 mentem
1328 357 1395 405 qui
1414 358 1459 394 ut
1479 355 1616 394 Graeci
1637 369 1770 395 omnes

210 418 249 454 et
261 416 396 454 Aetoli
409 415 603 464 imprimis
618 427 739 464 regno
752 414 1012 453 Macedonum
1027 428 1159 453 everso
1173 415 1441 454 Romanorum
1454 415 1640 454 beneficio
1654 416 1769 454 liber-

206 477 331 514 tatem
356 474 647 524 exspectabant.
674 473 843 522 Reliqua
868 476 960 512 sunt
984 474 1145 512 incerta.

328 534 392 573 Ex
424 533 671 572 undecimo
704 533 869 571 annali
902 545 1002 582 quae
1033 533 1160 582 petita
1191 535 1282 572 sunt
1307 534 1529 584 fragmenta
1556 546 1704 572 1.II.111
1730 535 1770 572 id

209 593 367 643 quidem
393 594 640 643 patefaciunt
663 594 823 642 poetam
842 593 991 630 versari
1012 592 1132 630 etiam
1151 593 1193 630 in
1212 591 1389 642 Philippi
1408 595 1511 644 regis
1532 596 1571 631 et
1590 595 1631 631 in
1652 593 1770 632 Grae-

208 666 343 692 corum
367 653 481 691 rebus
508 652 575 691 sed
600 653 885 691 sententiarum
910 664 1002 689 usus
1029 653 1069 689 et
1094 664 1213 689 nexus
1240 652 1273 690 si
1300 651 1368 700 qui
1393 655 1478 690 erat
1509 653 1679 704 intelligi
1705 655 1770 691 vix

207 714 351 762 potest,
383 712 460 750 nisi
487 712 591 761 quod
618 724 718 760 quae
744 710 790 749 de
816 724 954 762 regum
985 710 1159 749 moribus
1186 705 1237 763 (1)
1265 710 1451 748 dicuntur
1483 725 1561 750 non
1593 714 1676 751 sine
1709 726 1769 751 ra-

207 773 315 811 tione
348 771 527 821 Philippi
558 771 636 809 dici
667 772 887 820 putaveris,
926 783 1028 819 quae
1061 782 1152 808 vero
1185 769 1232 807 de
1264 771 1393 808 nescio
1427 783 1504 819 qua
1537 773 1770 821 cognatione

208 829 447 870 Graecorum
473 843 561 868 cum
586 830 774 868 Romanis
801 830 941 879 opinor
961 824 1027 882 (11)
1055 831 1094 867 et
1119 829 1166 867 de
1193 829 1312 866 Troia
1338 842 1438 878 quae
1464 830 1617 879 perdita
1643 833 1770 880 perire

207 904 287 929 11011
311 890 445 940 potuit
471 884 553 942 (111)
581 889 757 938 exposita
784 891 907 936 erant,
933 901 978 927 ea
1004 890 1113 926 mota
1140 888 1428 937 quodammodo
1449 889 1631 927 videntur
1652 889 1769 928 Grae-

208 963 342 988 corum
373 949 557 987 libertate
585 962 607 986 a
634 949 676 987 T.
697 948 921 986 Flaminino
947 948 1204 986 Isthmiorum
1235 948 1419 986 ludorum
1451 949 1652 987 occasione
1681 963 1769 999 pro-

207 1010 391 1047 nuntiata
413 1022 445 1046 a.
463 1009 545 1046 558
569 1003 672 1061 (Liv.
690 1020 817 1045 XXXIII
833 1005 916 1058 32).
939 1006 1113 1052 Quarum
1133 1020 1263 1045 rerum
1283 1007 1418 1045 tenuia
1439 1008 1633 1056 quaedam
1653 1010 1769 1047 vesti-

208 1070 275 1119 gia
310 1070 504 1118 apparent
537 1067 579 1104 in
612 1067 661 1105 iis
699 1080 801 1116 quae
834 1066 973 1105 Graeci
1007 1068 1106 1105 teste
1139 1066 1352 1105 Plutarcho
1379 1061 1608 1119 (Flaminin.
1639 1070 1703 1116 11,
1725 1064 1769 1121 4)

209 1131 369 1177 accepta
393 1127 577 1165 libertate
603 1128 707 1164 inter
733 1139 773 1165 se
798 1126 1062 1175 loquebantur
1086 1124 1299 1176 ἀλλόφυλοι
1320 1122 1355 1164 δ’
1379 1123 1531 1178 ἄνδρες,
1551 1124 1771 1178 ἐναύσματα

208 1186 324 1240 μικρὰ
344 1186 410 1226 καὶ
429 1184 586 1239 γλισχρά
605 1184 880 1237 κοινωνήματα
901 1188 1069 1224 παλαιοῦ
1090 1183 1230 1237 γένους
1252 1184 1350 1236 ἔχειν
1377 1185 1583 1232 δοκοῦντες
1604 1216 1611 1223 .
1634 1217 1640 1224 .
1662 1216 1669 1223 .
1691 1189 1771 1232 τοῖς

209 1246 403 1298 μεγίστοις
431 1245 635 1291 κινδύνοις
659 1243 725 1283 καὶ
753 1244 891 1291 πόνοις
916 1243 1132 1296 ἐξελόμενοι
1156 1243 1229 1295 τὴν
1249 1241 1417 1282 Ἑλλάδα
1443 1244 1640 1283 δεσποτῶν
1666 1248 1769 1297 χαλε-

206 1311 293 1344 πῶν
312 1304 379 1345 naz
398 1305 602 1358 τυράννων
623 1303 908 1357 ἐλευθεροῦσιν.
929 1305 982 1342 Et
1002 1317 1047 1343 ex
1069 1305 1194 1343 altera
1213 1306 1326 1354 parte
1348 1304 1559 1342 Troianam
1579 1306 1771 1356 originem

207 1366 474 1404 Romanorum
498 1365 562 1404 vel
587 1364 670 1414 ipse
696 1364 943 1402 Flamininus
968 1376 1063 1413 prae
1089 1377 1129 1403 se
1155 1365 1232 1402 fert
1257 1364 1326 1413 qui
1344 1364 1386 1401 in
1406 1364 1701 1415 epigrammatis
1722 1364 1770 1402 ab

207 1425 292 1474 ipso
319 1425 458 1474 positis
486 1419 704 1477 (Plutarch.
725 1424 749 1461 l.
772 1436 801 1461 c.
826 1425 890 1473 12,
914 1418 958 1476 6)
985 1423 1183 1470 Αἰνεάδας
1210 1423 1323 1469 Τίτος
1343 1424 1406 1461 vel
1432 1423 1631 1462 Αἰνεαδᾶν
1657 1422 1771 1476 ταγὸς

208 1482 324 1536 μέγας
350 1484 586 1534 appellatur.
621 1482 759 1521 Cetera
790 1483 906 1522 huius
937 1483 1030 1521 libri
1055 1483 1205 1522 incerta
1232 1484 1335 1531 sunt,
1367 1485 1525 1532 praeter
1555 1496 1678 1521 unum
1705 1478 1769 1536 (v)

200 1544 372 1591 pendent
389 1543 705 1591 peniculamenta
729 1555 852 1581 unum
878 1543 930 1581 ad
949 1555 1132 1591 quemque
1144 1543 1303 1591 pedum,
1330 1555 1431 1591 quae
1452 1543 1485 1581 si
1504 1544 1607 1581 recte
1630 1543 1769 1592 accipi-

207 1616 293 1641 mus
319 1615 397 1641 non
422 1602 608 1641 videntur
633 1602 709 1640 nisi
735 1602 785 1639 ad
810 1602 1005 1640 luxuriem
1030 1603 1353 1640 vestimentorum
1375 1602 1587 1651 pertinere:
1615 1602 1718 1651 quod
1738 1602 1772 1640 si

208 1663 278 1710 est,
303 1664 526 1712 temporum
551 1661 653 1699 ratio
681 1661 867 1700 admonet
892 1661 1082 1700 orationis
1109 1662 1366 1713 gravissimae
1393 1674 1511 1710 quam
1537 1661 1587 1699 M.
1609 1661 1770 1699 Porcius

208 1720 305 1759 Cato
332 1722 467 1760 consul
493 1734 525 1758 a.
549 1721 630 1760 559
660 1721 847 1760 adversus
880 1721 1150 1772 abrogandam
1174 1721 1303 1771 legem
1331 1719 1503 1770 Oppiam
1533 1720 1691 1770 habuit,
1724 1721 1770 1758 de

207 1794 284 1830 qua
315 1794 356 1818 re
382 1781 519 1819 Livius
545 1793 681 1825 XXXIV,
706 1783 821 1830 lsqq.
857 1780 1031 1830 Cumque
1058 1779 1248 1819 Catonem
1277 1780 1446 1828 Ennius,
1478 1781 1512 1818 si
1544 1779 1770 1818 Ciceronem

207 1842 349 1878 testem
364 1840 556 1888 audimus,
575 1840 728 1891 magnis
742 1840 929 1879 laudibus
950 1839 1144 1888 extulerit,
1164 1841 1295 1889 potest
1314 1839 1398 1877 fieri
1418 1841 1463 1877 ut
1483 1851 1579 1888 quas
1600 1852 1660 1878 res
1681 1851 1769 1877 con-

206 1900 268 1938 sul
293 1900 334 1937 in
359 1899 554 1949 Hispania
579 1900 754 1950 gesserit,
787 1913 908 1948 quam
938 1900 1185 1949 provinciam
1214 1899 1378 1937 sortitus
1406 1899 1491 1936 erat
1517 1893 1620 1952 (Liv.
1642 1911 1771 1936 XXXIII

208 1960 275 2007 43,
298 1954 355 2012 5),
384 1959 425 1996 in
450 1959 523 1997 hoc
548 1959 649 1997 libro
675 1959 876 2008 expositae
902 1959 1060 1998 fuerint.

325 2018 644 2057 Duodecimus
665 2018 853 2056 annalis
875 2030 973 2067 quas
993 2030 1054 2056 res
1075 2018 1310 2055 tractaverit
1329 2029 1374 2054 ex
1394 2016 1479 2065 ipso
1494 2016 1678 2068 cognosci
1691 2029 1769 2054 11011

207 2079 348 2126 potest,
373 2079 507 2126 potest
532 2078 698 2115 fortasse
725 2090 770 2114 ex
795 2078 1019 2126 temporum
1040 2077 1192 2114 ratione
1213 2077 1252 2114 et
1271 2088 1402 2113 rerum
1423 2075 1532 2122 serie,
1558 2074 1590 2113 si
1611 2075 1770 2123 quidem

206 2136 353 2174 bellum
385 2149 473 2174 cum
503 2149 595 2186 rege
626 2135 835 2184 Antiocho,
869 2135 973 2184 quod
1006 2136 1087 2173 iam
1113 2147 1145 2172 a.
1169 2135 1250 2172 561
1280 2134 1592 2184 exspectabatur,
1627 2146 1660 2171 a.
1684 2134 1766 2171 562

206 2196 368 2245 propius
400 2195 643 2243 imminebat,
675 2207 698 2232 a
723 2194 824 2232 libro
850 2206 925 2232 XIII
950 2194 1104 2232 narrari
1130 2195 1311 2243 coeptum
1337 2194 1407 2241 est,
1433 2206 1478 2230 ex
1504 2193 1630 2230 altera
1656 2194 1768 2243 parte

207 2255 250 2292 T.
272 2254 477 2299 Quinctius
503 2253 749 2292 Flamininus
776 2265 873 2302 quas
899 2266 960 2291 res
986 2254 1027 2290 in
1054 2252 1218 2291 Graecia
1248 2253 1370 2304 gessit
1402 2253 1520 2290 semel
1553 2253 1592 2290 et
1623 2253 1769 2290 iterum

207 2315 419 2365 prorogato
445 2314 609 2363 imperio
631 2326 664 2352 a.
687 2313 771 2351 560
798 2312 848 2350 ad
873 2312 990 2350 finem
1016 2312 1204 2350 deductae
1230 2313 1333 2360 sunt,
1363 2324 1439 2361 quo
1460 2323 1561 2349 anno
1583 2324 1627 2349 ex
1649 2310 1768 2349 Grae-

209 2374 269 2411 cia
289 2374 455 2411 Romam
480 2372 598 2411 rediit
624 2374 663 2410 et
687 2371 933 2421 triumphum
959 2372 1040 2422 egit
1058 2384 1198 2421 resque
1218 2383 1241 2409 a
1262 2384 1301 2409 se
1321 2372 1362 2408 in
1384 2370 1547 2409 Graecia
1566 2370 1768 2409 ordinatas

208 2432 465 2470 stabiliendas
498 2432 671 2480 curavit,
710 2431 777 2470 sed
807 2431 913 2469 idem
945 2444 977 2468 a.
1007 2431 1089 2468 562
1122 2443 1256 2469 rursus
1288 2431 1443 2481 legatus
1476 2442 1565 2468 cum
1597 2430 1686 2468 aliis
1718 2429 1768 2467 ad

208 2492 406 2540 pacandas
438 2504 499 2530 res
531 2491 572 2529 in
599 2490 765 2529 Graecia
794 2503 1012 2539 numquam
1042 2502 1121 2528 non
1151 2490 1333 2528 turbatas
1365 2490 1506 2528 missus
1539 2491 1607 2528 est.
1641 2488 1767 2533 Quare

209 2551 394 2589 credibile
426 2552 485 2589 est
516 2552 670 2600 partem
700 2563 831 2588 rerum
864 2548 1102 2587 Graecarum
1128 2562 1151 2588 a
1177 2550 1219 2588 T.
1241 2548 1424 2594 Quinctio
1457 2549 1527 2586 aut
1557 2550 1647 2597 post
1679 2561 1768 2585 eum

208 2612 409 2660 gestarum
433 2609 475 2647 in
501 2610 730 2648 duodecimo
758 2610 978 2658 expositam
1004 2620 1097 2647 esse.

328 2669 443 2714 Quod
467 2670 639 2718 primum
666 2670 726 2707 est
750 2669 1016 2719 fragmentum
1041 2681 1087 2706 ex
1113 2680 1158 2707 eo
1184 2667 1284 2706 libro
1311 2646 1478 2706 citatum

494 2728 633 2767 Omnes
657 2728 836 2766 mortales
861 2729 1031 2772 victores,
1056 2727 1234 2766 cordibus
1259 2728 1358 2765 vivis

491 2788 711 2835 Laetantes,
736 2788 826 2825 vino
852 2789 1016 2831 curatos,
1040 2798 1198 2825 somnus
1222 2789 1373 2834 repente

491 2847 545 2885 In
569 2858 704 2894 campo
723 2847 876 2894 passim
900 2846 1150 2884 mollissimus
1168 2845 1338 2893 perculit
1362 2844 1475 2886 aeris,

211 2917 452 2955 quamquam
493 2919 593 2955 quae
634 2905 860 2956 depingitur
901 2905 1076 2943 condicio
1110 2918 1243 2942 rerum
1279 2902 1459 2940 nonnihil
1496 2899 1766 2938 similitudinis

1506 2965 1554 2999 n*
1769 2977 1772 3003 a
