2054 3282
294 162 378 203 190
966 150 1165 187 SCEN'ICA

893 304 1243 349 OUPUNCULA

291 432 376 473 372
728 426 829 467 hinc
854 428 918 467 est
943 424 1109 466 animus
1135 423 1426 478 propitiabilis

827 635 1304 679 PANCRATIASTES

1060 742 1076 775 Ι

289 814 374 856 373
408 812 499 862 Quo
539 825 652 853 nunc
694 825 761 851 me
797 809 948 852 ducis?
988 810 1000 864 ΙΙ
1043 808 1129 851 Ubi
1164 808 1374 850 molarum
1417 809 1641 863 strepitum
1679 808 1845 850 audibis

1315 896 1561 922 maximum.

1050 973 1083 1007 Π

288 1044 374 1085 374
406 1043 509 1093 Quis
536 1045 599 1084 est
625 1043 697 1096 qui
723 1041 881 1083 nostris
908 1041 1072 1083 foribus
1098 1043 1186 1082 tam
1213 1041 1469 1095 proterviter

1040 1169 1091 1203 HI

288 1238 372 1280 375
407 1238 512 1279 Cum
539 1238 734 1279 desubito
761 1253 829 1278 me
850 1240 942 1279 orat
962 1236 1114 1278 mulier
1132 1237 1442 1291 lacrimansque
1463 1237 1516 1278 ad
1535 1251 1674 1293 genua
1693 1237 1847 1278 accidit

404 1413 691 1449 CUPUNCULA
718 1415 814 1460 (372)
839 1413 982 1448 Nonius
998 1426 1032 1459 p.
1051 1417 1128 1457 155,
1144 1416 1189 1448 30
1206 1414 1216 1431 ‘
1225 1413 1479 1459 propitiabilis
1499 1413 1547 1448 ad
1566 1413 1847 1458 propitiandum

287 1471 328 1514 (a
347 1480 371 1513 p
380 1480 397 1501 r
404 1479 424 1502 o
432 1480 457 1512 p
466 1468 478 1501 i
486 1469 502 1501 t
509 1467 521 1501 i
529 1478 551 1502 a
559 1479 583 1502 n
592 1468 615 1501 d
623 1479 644 1502 o
657 1467 721 1502 lib.
731 1467 924 1513 nonnulli).
935 1467 1076 1502 Ennius
1089 1468 1315 1512 cupiumula
1329 1467 1439 1503 «hinc
1454 1495 1460 1501 .
1475 1495 1481 1502 .
1496 1466 1783 1512 propitiabilis».
1792 1467 1848 1501 ita

286 1523 324 1555 et
337 1520 564 1555 adulabilis.’
652 1520 937 1566 Cupiuncula
956 1531 1082 1555 verum
1096 1531 1175 1555 esse
1187 1521 1248 1555 vix
1262 1520 1457 1565 credibile3
1477 1520 1734 1566 cupuncula
1747 1520 1847 1564 quod

287 1585 354 1619 ego
375 1574 463 1608 olim
482 1574 601 1619 posui,
622 1585 670 1609 an
696 1586 715 1609 c
724 1585 808 1620 aup
817 1586 874 1609 un
882 1574 952 1609 cul
961 1585 983 1609 a
1006 1575 1106 1619 quod
1125 1573 1355 1609 Ribbeckius
1373 1574 1518 1617 maluit,
1539 1574 1732 1617 scribatur,
1751 1573 1847 1607 nihil

285 1628 455 1672 interest3
476 1628 560 1662 vide
573 1627 785 1662 Bentleium
805 1628 851 1662 de
871 1639 953 1673 cup
963 1638 985 1662 a
1005 1628 1261 1673 disputantem
1275 1628 1324 1662 ad
1337 1627 1424 1663 Hor.
1440 1638 1544 1663 serm.
1560 1640 1588 1662 11
1602 1631 1634 1671 2,
1648 1630 1714 1662 123
1728 1639 1764 1672 p.
1776 1630 1846 1661 446

289 1693 341 1725 sq.
363 1680 388 1715 C
398 1691 418 1715 o
426 1693 450 1725 p
459 1691 479 1715 o
489 1681 533 1714 ni
542 1691 560 1715 c
569 1681 645 1715 ula
664 1681 764 1726 quod
785 1682 841 1716 est
859 1681 899 1715 in
918 1681 1051 1727 glossis
1070 1681 1218 1727 longius
1240 1681 1410 1716 discedit,

403 1775 795 1810 PANCRATIASTES
824 1776 841 1810 I
861 1778 956 1822 (373)
982 1776 1126 1811 Nonius
1145 1788 1180 1821 p.
1197 1779 1276 1820 506,
1291 1779 1312 1810 3
1329 1777 1340 1793 ‘
1350 1776 1489 1811 audibo
1508 1787 1575 1821 pro
1596 1775 1758 1810 audiam.
1773 1775 1846 1809 En-

285 1829 368 1863 nius
388 1828 587 1864 Telamone
608 1830 679 1875 [111]
689 1845 697 1874 ς
718 1829 818 1863 idem
836 1830 1129 1874 panchratiastis
1147 1830 1259 1875 <unde
1279 1829 1369 1864 olim
1394 1842 1419 1874 p
1431 1841 1453 1864 a
1463 1841 1487 1863 n
1499 1841 1518 1864 c
1528 1841 1546 1863 r
1557 1840 1579 1864 a
1589 1829 1662 1863 tia
1673 1841 1688 1863 s
1699 1830 1716 1863 t
1727 1839 1749 1863 a
1759 1839 1779 1863 e
1807 1828 1847 1862 in

285 1882 395 1917 titulo
408 1883 528 1928 posui)
541 1894 637 1927 «quo
650 1911 656 1917 .
672 1911 677 1917 .
691 1883 796 1917 ducis
811 1883 868 1928 (di
877 1883 940 1918 cis
954 1883 1056 1918 Harl.
1071 1895 1118 1918 m.
1130 1895 1184 1928 pr.
1199 1883 1343 1928 Bamb.)
1354 1894 1388 1917 u.
1400 1882 1584 1917 molarum
1597 1884 1674 1927 (mo
1682 1882 1696 1916 l
1704 1882 1847 1916 arium

286 1935 397 1970 Wolf.
419 1937 456 1970 et
475 1947 563 1971 corr.
580 1936 680 1970 Leid.
702 1948 739 1970 m
747 1936 864 1971 olari
872 1947 939 1971 am
957 1936 1102 1982 Bamb.)
1116 1948 1142 1971 s.
1159 1936 1307 1971 audibis
1329 1938 1402 1982 (au
1410 1936 1547 1981 divis)
1567 1935 1820 1970 maximum».'

404 1994 438 2028 H
458 1996 552 2041 (374)
597 1995 741 2030 Nonius
760 2008 796 2041 p.
812 1999 892 2039 513,
908 1999 949 2030 11
975 1996 985 2013 ‘
994 1996 1216 2041 proterviter
1235 1997 1303 2042 (pr
1311 2007 1364 2040 op
1372 1996 1512 2030 tervit
1520 2006 1564 2030 er
1588 1995 1685 2041 Par.)
1705 1994 1847 2029 Ennius

286 2048 538 2092 pancratiaste
558 2050 601 2094 (p
610 2060 663 2083 an
672 2059 716 2083 cr
724 2049 821 2084 atih
830 2060 852 2084 a
860 2061 876 2084 s
884 2051 900 2084 t
908 2060 927 2084 e
946 2049 1074 2095 Wolf.)
1095 2049 1201 2094 «quis
1222 2049 1318 2095 (qui
1337 2048 1465 2095 Wolf.)
1486 2050 1542 2084 est
1557 2078 1562 2083 .
1580 2078 1586 2083 .
1604 2077 1611 2083 .
1627 2047 1847 2094 proterviter

287 2102 350 2145 (pr
358 2112 410 2145 op
419 2102 461 2135 te
469 2113 486 2135 r
494 2102 585 2136 vite
593 2114 611 2136 r
623 2102 771 2148 Pa1·.)».’
784 2103 996 2137 Priscianus
1006 2115 1054 2138 xv
1065 2115 1101 2147 p.
1116 2106 1170 2145 71,
1180 2106 1200 2137 3
1211 2102 1255 2137 H.
1271 2103 1281 2119 ‘
1291 2102 1432 2137 Ennius
1444 2102 1688 2147 «proterviter
1698 2103 1736 2147 (p
1744 2113 1790 2137 ro
1798 2115 1823 2148 p
1831 2122 1845 2127 -

286 2154 479 2188 terviter
498 2154 578 2189 Par.
592 2155 625 2189 R
639 2155 845 2202 Carolir.)»'
862 2167 906 2190 ex
925 2156 1057 2191 Nonio.

404 2212 455 2247 111
475 2215 569 2259 (375)
606 2214 748 2250 Nonius
771 2228 806 2260 p.
825 2219 868 2250 51
875 2219 906 2259 7,
922 2219 965 2250 14
988 2216 998 2232 ‘
1009 2215 1180 2250 desubito
1202 2244 1208 2250 .
1226 2244 1231 2250 .
1250 2244 1256 2249 .
1276 2215 1419 2250 Ennius
1444 2215 1697 2260 pancratiaste
1717 2217 1760 2261 (p
1770 2226 1792 2250 a
1799 2227 1823 2250 n
1831 2236 1845 2242 -

287 2266 558 2311 crasiastae)
579 2278 685 2303 «cum
701 2297 706 2302 .
724 2297 730 2303 .
745 2297 751 2302 .
769 2269 956 2304 accidit»)

287 2475 386 2512 clari.
410 2473 469 2522 Of.
482 2474 623 2512 Livius
642 2487 657 2511 1
681 2485 694 2510 1
706 2485 741 2524 3,
757 2485 776 2511 2
800 2489 848 2514 ne
867 2477 1057 2527 sanguine
1077 2488 1117 2515 se
1137 2476 1307 2514 nefando
1327 2475 1449 2514 soceri
1468 2477 1678 2526 generique
1696 2487 1846 2525 resper-

287 2535 423 2583 gerent
509 2534 653 2572 Versus
671 2535 843 2581 disposui
861 2537 952 2573 olim
970 2538 1013 2574 iu
1032 2538 1194 2574 extremo
1205 2537 1340 2583 priore
1360 2546 1404 2573 επ
1427 2535 1498 2573 illa
1522 2536 1708 2573 sententia
1726 2536 1845 2584 impie

287 2594 418 2630 addito
425 2607 440 2639 ‚·
463 2605 569 2631 nume
585 2593 721 2632 malim
745 2593 993 2633 detraxeritis
1012 2596 1190 2643 mortuis,
1209 2596 1244 2633 si
1262 2595 1415 2643 quidem
1439 2594 1564 2641 spolia
1581 2594 1751 2632 hostibus
1767 2605 1846 2632 ‘mm

287 2653 542 2691 detrahwntur
558 2654 637 2691 uisi
655 2654 825 2691 mortuis.
841 2666 960 2702 quam
971 2656 1103 2704 patres
1120 2654 1239 2692 Inscr.
1255 2666 1341 2692 cum
1353 2653 1402 2691 L.
1414 2653 1604 2691 Muellero
1617 2653 1847 2691 Ribbeckius

285 2723 411 2758 nuper
517 2710 720 2750 Acerbitas
736 2713 852 2751 huius
870 2713 1108 2752 Sabinarum
1126 2714 1436 2761 iuterroyationis
1447 2713 1664 2759 percipitur
1681 2723 1725 2750 ex
1740 2713 1846 2750 simi-

287 2770 387 2808 libus
414 2770 594 2809 Graecis:
624 2772 727 2809 velut
750 2771 945 2810 Phoeniss.
973 2780 1049 2820 571
1081 2774 1137 2811 ita
1162 2773 1319 2811 Iocasta
1342 2772 1515 2819 Pobym'ci
1544 2765 1650 2822 φέρ’,
1675 2768 1727 2821 ἢν
1757 2769 1847 2826 ἕλῃς

287 2834 363 2880 γῆν
381 2828 510 2881 τήνδε,
529 2829 694 2882 τρόπαια
711 2836 795 2877 πῶς
814 2828 1062 2881 ἀναστήσεις-ς
1078 2831 1147 2869 Διί
1163 2829 1229 2870 καὶ
1248 2833 1369 2869 σκῦλα
1387 2830 1553 2883 γράψεις
1571 2835 1672 2877 πῶς;
1691 2827 1846 2881 εΘήβαις

286 2888 471 2940 πυρώσας
489 2888 604 2928 τάσδε
625 2890 871 2938 Πολυνείκης
890 2893 1002 2936 θεοῖς
1021 2888 1189 2931 ἀσπίδας
1207 2888 1328 2937 ἔθηκε
1335 2887 1364 2936 ,·’
1387 2890 1528 2927 Troad.
1551 2899 1564 2925 1
1580 2899 1594 2924 1
1606 2886 1659 2925 88
1678 2900 1756 2937 sqq.
