2004 3278
272 202 414 238 CXCIV
788 199 831 233 H.
857 198 921 233 DE
941 198 1096 233 LIBRIS
1116 197 1348 233 ENMANIS

271 326 360 363 ceps
386 313 653 362 Epirotarum,
678 312 747 360 qui
772 307 1000 360 ‘noctesque
1026 310 1187 360 diesque
1212 306 1436 349 sollicitari'
1461 309 1732 349 Flamininum
1755 305 1834 364 (vn

273 367 376 425 334)
409 372 615 420 comperit,
650 372 850 420 pastorem
882 370 932 408 ad
963 370 1163 408 consulem
1194 370 1337 419 mittit,
1373 370 1443 418 qui
1474 370 1508 408 si
1541 370 1637 419 quid
1666 371 1834 420 praemii

269 431 465 470 relaturus
498 431 600 468 esset
630 441 670 468 se
705 442 839 468 curam
871 429 954 467 Titi
990 441 1068 478 qua
1105 431 1338 478 coqueretur
1374 429 1597 467 levaturum
1633 430 1834 479 promittit

271 485 376 543 (335
387 484 502 542 sqq.).
523 489 647 527 Nosse
667 489 772 527 enim
791 501 831 527 se
852 500 984 526 omnes
1004 489 1201 526 montium
1220 501 1355 526 eorum
1375 489 1445 537 qui
1462 490 1549 526 tum
1561 489 1680 539 regiis
1694 489 1833 527 castris

270 549 507 587 tenebantur
532 549 732 587 anfractus
758 548 955 597 callesque
981 561 1027 586 ac
1052 549 1206 598 partem
1230 548 1433 597 copiarum
1457 547 1724 586 Romanarum
1755 560 1833 586 non

269 609 407 657 iniquo
434 620 504 646 nec
529 607 754 657 perdifficili
779 608 892 646 aditu
918 619 1035 657 super
1059 610 1179 657 caput
1203 608 1377 646 hostium
1411 607 1655 645 educturum.
1687 607 1834 645 Flami-

270 669 387 705 ninus
419 667 536 705 initio
568 667 749 705 nonnihil
779 667 980 705 haesitans
1010 666 1149 705 deinde
1175 668 1364 716 quattuor
1389 666 1500 704 milia
1524 666 1627 704 lecta
1652 666 1834 716 peditum

270 729 310 765 et
334 728 528 765 trecentos
554 727 706 775 equites
732 727 859 764 mittit
880 727 948 775 qui
968 739 991 764 a
1011 728 1169 776 pastore
1187 726 1230 763 in
1249 727 1455 764 cacumina
1474 725 1732 768 Macedonum
1751 738 1833 764 cas-

269 787 342 824 tris
368 786 617 824 imminentia
644 786 1035 824 circumducerentur.
1068 785 1172 830 Quos
1197 786 1262 824 ille
1286 787 1348 823 vir
1375 785 1482 823 haud
1511 797 1657 834 maqna
1682 797 1769 823 cum
1792 797 1834 823 re

269 846 336 884 sed
354 846 497 893 plenus
521 845 614 892 fidei
640 839 764 897 (338)
791 846 833 882 111
858 846 1047 883 verticem
1071 857 1186 894 quem
1205 844 1393 894 petebant
1411 845 1579 883 Romani
1598 845 1724 882 tribus
1744 857 1835 882 noc-

270 905 377 943 tibus
398 898 508 957 (vm)
538 900 704 957 (pernox
724 905 828 942 enim
847 905 924 942 iter
943 916 1025 942 esse
1044 904 1291 942 Flamininus
1310 898 1498 956 iusserat)
1519 904 1711 953 perdun‘t.
1733 903 1834 941 Tum

269 964 343 1012 illi,
363 963 587 1001 Flaminino
606 963 675 1001 ubi
695 964 852 1014 signum
871 964 920 1002 ab
940 964 989 1002 iis
1011 964 1162 1013 accepit
1181 965 1310 1001 castra
1323 963 1496 1001 hostium
1516 963 1696 1001 omnibus
1710 963 1833 1012 copiis

270 1024 535 1073 oppugnante,
567 1022 698 1061 subito
729 1024 772 1060 in
796 1023 1030 1061 Macedonas
1062 1024 1103 1060 in
1129 1022 1398 1061 Flamininum
1429 1035 1559 1061 versos
1591 1023 1785 1072 impetum
1811 1035 1834 1060 a

270 1083 383 1132 tergo
409 1083 596 1120 fecerunt.

387 1140 451 1178 Ita
483 1142 665 1179 contexui
696 1140 803 1179 Livii
834 1142 914 1179 fere
947 1136 1080 1194 (xxxn
1102 1136 1264 1194 11.12)
1298 1143 1337 1179 et
1366 1141 1488 1178 Ennii
1527 1140 1657 1179 verbis
1694 1143 1834 1190 poetae

270 1201 548 1249 narrationem,
578 1199 681 1238 unde
713 1200 866 1249 aliquot
893 1213 1028 1239 versus
1055 1199 1190 1239 Cicero
1216 1200 1300 1238 Titi
1330 1201 1584 1250 praenomine
1610 1199 1834 1238 Flaminino

270 1262 310 1297 et
323 1259 458 1297 Attico
479 1260 676 1297 communi
696 1259 921 1297 admonitus
941 1261 1102 1297 ineunte
1124 1258 1271 1298 Catone
1290 1261 1439 1297 maiore
1460 1259 1511 1297 ad
1522 1259 1698 1297 Atticum
1721 1271 1835 1298 suum

270 1318 581 1357 accommodavit
612 1331 660 1356 ne
693 1321 832 1368 poetae
866 1319 1025 1368 quidem
1055 1320 1212 1357 nomine
1244 1318 1389 1356 nedum
1414 1318 1514 1356 libro
1539 1318 1725 1357 indicato.
1759 1317 1835 1363 Qui

270 1389 404 1417 versus
425 1372 519 1430 (vn)
541 1391 618 1427 quo
643 1379 889 1427 pertinerent
912 1379 1063 1427 primus
1083 1378 1280 1416 intellexit
1298 1378 1525 1428 Madvigius
1546 1373 1654 1431 (opp.
1676 1377 1783 1416 acad.
1804 1391 1835 1416 n

270 1451 307 1487 p.
329 1431 539 1489 290sqq.),
573 1438 641 1485 qui
667 1439 706 1475 et
730 1437 837 1475 Livii
863 1450 983 1486 quam
1008 1439 1171 1487 exposui
1195 1438 1464 1475 narrationem
1489 1437 1684 1475 indicavit
1709 1439 1749 1475 et
1777 1451 1835 1476 re-

270 1496 399 1545 liquos
426 1496 495 1545 qui
520 1496 684 1534 eandem
708 1509 791 1534 rem
817 1498 1035 1548 tetigerunt
1054 1498 1264 1546 scriptores
1285 1497 1438 1546 ascivit,
1463 1497 1670 1535 Plutarchi
1689 1497 1835 1534 Flami-

269 1556 407 1593 ninum
426 1556 472 1603 4,
498 1555 710 1604 Polybium
729 1568 842 1594 xxvn
865 1556 931 1605 15,
953 1558 991 1604 2,
1017 1556 1236 1594 Diodorum
1255 1569 1337 1593 xxx
1358 1556 1381 1594 5
1404 1569 1441 1605 p.
1463 1557 1545 1595 396
1562 1555 1692 1605 Dind.,
1723 1556 1834 1595 alios.

270 1615 411 1653 Eidem
430 1616 651 1652 narrationi
670 1627 790 1664 supra
803 1627 877 1654 vm
894 1616 1048 1653 intexui
1068 1628 1113 1652 ex
1133 1615 1282 1654 decimo
1303 1616 1488 1663 allatum3
1508 1617 1564 1653 sic
1580 1616 1685 1653 enim
1698 1615 1835 1654 Livius

271 1674 408 1712 scribit
436 1675 502 1722 11,
525 1675 548 1711 9
580 1677 686 1713 noete
714 1676 857 1713 itinera
883 1675 972 1721 fieri
998 1675 1102 1713 iubet
1130 1669 1436 1727 (Flamininus),
1473 1674 1691 1723 iisdemque
1718 1675 1834 1713 rebus

270 1733 377 1771 haud
408 1734 487 1771 scio
520 1745 570 1770 an
603 1733 920 1772 accommodetur
950 1734 1078 1772 simile
1109 1733 1215 1782 quod
1244 1733 1365 1771 habet
1388 1746 1429 1770 1x
1462 1736 1502 1771 et
1531 1735 1662 1783 ipsum
1691 1747 1737 1772 ex
1760 1735 1835 1772 hoc

270 1792 372 1830 libro
404 1793 581 1830 citatum.
615 1791 722 1837 Quae
754 1792 859 1830 enim
891 1792 1128 1831 Plutarchus
1153 1792 1320 1830 Flamin.
1343 1794 1380 1841 4,
1403 1794 1438 1830 5.
1462 1794 1485 1830 6
1515 1795 1652 1830 narrat
1685 1793 1725 1831 οἷ
1747 1790 1834 1832 Ῥω-

271 1854 380 1902 μαῖοι
407 1850 524 1897 δόξαν
549 1849 660 1902 ἔσχον
687 1849 910 1902 ἀμφίβολον
936 1846 1002 1904 (de
1026 1851 1134 1890 fumo
1153 1852 1265 1889 tenui
1290 1846 1538 1905 apparente),
1563 1850 1605 1890 ἐν
1628 1850 1752 1904 ἀγῶνι
1770 1851 1836 1892 καὶ

270 1909 378 1965 πόνῳ
403 1908 475 1960 τὴν
500 1908 636 1948 ἐλπίδα
661 1909 759 1962 πρὸς
784 1909 826 1949 τὸ
852 1909 1094 1962 βουλόμενον
1120 1910 1394 1962 λαμβάνοντες.
1421 1909 1503 1949 ἐπεὶ
1529 1908 1570 1949 δὲ
1597 1913 1742 1962 μᾶλλον
1762 1910 1834 1950 αὖ-

273 1968 488 2020 ξανόμενος
514 1967 579 2007 καὶ
606 1968 867 2020 διαμελαίνων
898 1968 965 2008 τὸν
998 1968 1092 2022 ἀέρα
1124 1969 1188 2008 καὶ
1218 1969 1341 2016 πολὺς
1372 1967 1454 2008 ἅνω
1487 1975 1622 2021 χωρῶν
1647 1969 1834 2021 ἐδηλοῦτο

271 2027 419 2079 πυρσὸς
444 2023 545 2066 εἶναι
574 2028 716 2078 φίλιος,
742 2030 781 2068 οἳ
804 2026 876 2080 μὲν
896 2027 1152 2076 ἀλαλάξαντες
1171 2027 1379 2080 ἐπέβαινον
1397 2027 1624 2081 ἐρρωμένως
1643 2032 1720 2078 κτλ,
1740 2043 1835 2068 eane

273 2089 460 2137 poterunt
479 2088 647 2125 conferri
668 2100 755 2125 cum
776 2101 871 2127 cane
890 2089 1072 2127 venatica
1093 2101 1192 2137 quae
1212 2089 1352 2127 vinclis
1373 2091 1467 2138 apta
1488 2101 1576 2126 cum
1595 2089 1720 2127 feram
1740 2102 1834 2128 nare

272 2148 406 2198 sagaci
431 2148 552 2185 sentit
577 2148 718 2186 leviter
743 2149 884 2198 gannit
909 2148 975 2187 sed
1007 2148 1137 2186 ululat
1167 2147 1223 2186 ibi
1256 2149 1370 2186 acute
1402 2148 1469 2186 ubi
1500 2160 1622 2198 prope
1651 2148 1835 2187 acceden—

271 2209 352 2244 tem
377 2207 503 2245 feram
528 2205 664 2245 videt?

390 2266 453 2303 Ad
477 2279 653 2316 pugnam
685 2265 736 2304 ad
765 2265 1080 2316 Cynoscephalas
1106 2280 1140 2305 a.
1167 2280 1203 2304 u.
1230 2279 1260 2304 c.
1290 2267 1372 2304 557
1407 2267 1656 2305 commissam
1687 2267 1834 2306 referas

273 2337 309 2362 x.
330 2337 372 2362 XI
399 2338 500 2374 quae
526 2327 618 2363 sunt
642 2325 758 2364 huius
784 2325 893 2375 libri3
921 2327 1067 2375 quippe
1093 2327 1184 2364 ante
1210 2338 1297 2363 eam
1322 2338 1496 2376 pugnam
1516 2324 1744 2370 Quinctium
1762 2327 1835 2363 mi-

272 2384 362 2422 lites
389 2384 638 2423 cohortatum
663 2397 746 2424 esse
770 2385 907 2423 Livius
934 2385 1070 2423 scribit
1089 2396 1218 2422 xxxm
1238 2385 1275 2433 8,
1295 2385 1321 2421 4
1348 2396 1435 2422 eum
1453 2385 1590 2423 iisdem
1609 2385 1835 2424 Macedoni-

272 2443 343 2480 bus
361 2446 609 2492 puynaturos
634 2456 728 2492 quos
754 2445 806 2482 ad
832 2445 951 2492 Epiri
975 2446 1108 2492 fauces
1132 2444 1324 2482 montibus
1354 2444 1655 2492 fluminibusque
1683 2447 1835 2494 saeptos

271 2503 373 2540 victa
390 2503 567 2541 naturali
585 2504 815 2551 difficultate
833 2504 1003 2542 locorum
1022 2504 1255 2551 capu-lissent
1272 2504 1426 2550 acieque
1438 2506 1729 2551 expugnassent,
1748 2515 1835 2541 cum

271 2562 323 2599 iis
347 2573 440 2609 quos
465 2562 508 2599 P.
528 2561 694 2610 Sulpicii
711 2564 830 2611 prius
855 2563 973 2601 ductu
997 2563 1208 2601 obsidentes
1232 2563 1275 2600 in
1300 2562 1523 2600 Eordaeam
1549 2562 1699 2600 aditum
1723 2563 1835 2600 vicis—

271 2623 375 2667 sent;
399 2622 510 2668 fama
534 2623 689 2663 stetisse,
719 2633 799 2660 non
823 2623 973 2660 viribus
998 2622 1254 2660 Macedoniae
1278 2632 1461 2669 reynwrm·
1492 2633 1577 2659 eam
1602 2633 1748 2669 quoque
1772 2623 1833 2669 fa—

272 2692 378 2717 mam
403 2680 557 2718 tandem
582 2683 794 2719 evanuisse.
820 2680 1056 2719 Plutarchus
1084 2693 1238 2730 quoque
1258 2674 1317 2733 (7,
1338 2674 1383 2733 4)
1406 2681 1497 2718 ante
1516 2679 1622 2718 idem
1640 2680 1833 2730 proelium

274 2739 410 2777 Titum
434 2739 580 2777 milites
606 2739 856 2778 admonuisse
882 2740 989 2789 dicit,
1021 2753 1100 2778 non
1130 2739 1172 2778 in
1204 2739 1370 2777 eundem
1400 2752 1489 2778 cum
1519 2738 1633 2777 Livio
1665 2752 1833 2787 sensum,

273 2797 479 2849 παρεκάλει
504 2797 597 2844 τοὺς
622 2798 853 2849 στρατιώτας
872 2796 1020 2850 ἄνδρας
1041 2797 1220 2851 ἀγαθοὺς
1239 2796 1424 2850 γενέσθαι
1442 2796 1505 2836 καὶ
1526 2797 1762 2850 προθύμους
1781 2795 1834 2844 ὡς

274 2854 316 2894 ἐν
341 2859 393 2911 τῷ
426 2856 613 2912 καλλίστῳ
643 2857 796 2912 θεάτρῳ
828 2863 874 2913 τῇ
901 2854 1058 2896 Ἑλλάδι
1089 2855 1296 2908 μέλλοντας
1327 2855 1587 2909 ἀγωνίζεσθαι
1614 2855 1711 2908 πρὸς
1742 2855 1834 2903 τοὺς

274 2913 457 2967 ἀρίστους
476 2921 554 2954 τῶν
574 2914 882 2968 ἀνταγωνιστῶν.
910 2916 1115 2956 Sententia
1135 2929 1236 2966 quae
1256 2917 1316 2956 est
1333 2917 1376 2954 in
1394 2928 1452 2954 xn
1472 2915 1521 2954 ab
1540 2915 1601 2955 his
1620 2915 1735 2955 rebus
1755 2927 1834 2954 non
