2054 3282
346 190 430 232 180
1018 181 1218 218 SCENTGA

1043 368 1196 393 TELAMO

340 426 426 467 324
459 423 605 466 Scibas
629 425 777 465 natum
805 422 1038 477 ingenuum
1063 419 1252 475 Aiacem,
1278 420 1346 461 eui
1371 422 1418 461 tu
1446 420 1711 462 obsidionem
1738 436 1872 475 paras.

1045 609 1094 634 ,TE
1098 609 1123 634 U
1122 609 1193 634 CER

338 664 422 707 325
453 664 565 707 Nam
592 665 652 705 ita
676 663 783 704 mihi
809 662 1051 704 Telamonis
1077 662 1212 717 patris
1238 664 1367 717 atque
1391 662 1522 705 Aeaci
1547 664 1589 704 et
1614 662 1764 717 proavi
1782 662 1899 706 Iovis

456 735 601 777 Gratia
627 748 711 777 esse
737 737 801 776 est
826 736 954 788 atque
980 733 1062 775 hoc
1086 733 1233 775 lumen
1258 734 1484 776 candidum
1509 733 1641 775 claret
1666 733 1772 775 mihi

1079 849 1148 884 VH

1046 915 1095 940 TE
1100 915 1193 942 UGER

335 972 418 1014 327
455 970 647 1013 Eandem
673 985 740 1012 me
765 970 810 1011 in
837 969 1123 1025 suspicionem
1150 968 1321 1012 sceleris
1347 970 1525 1025 partivit
1550 973 1678 1024 pater.

450 1146 483 1181 V
503 1147 597 1192 (324)
629 1147 760 1181 Festus
786 1157 831 1181 ex
857 1157 983 1192 apogr.
1004 1145 1028 1180 l.
1043 1159 1105 1181 X1v
1123 1158 1158 1191 p.
1175 1148 1254 1190 234,
1270 1149 1314 1180 20
1328 1145 1394 1180 Th.
1413 1145 1666 1181 ‘obsidionem
1690 1146 1815 1192 potius
1842 1146 1898 1180 di-

333 1200 489 1235 cendum
510 1211 587 1235 esse
608 1210 720 1245 quam
734 1199 921 1234 obsidium
935 1199 1089 1234 adiuvat
1102 1210 1168 1234 nos
1178 1198 1393 1234 testimonio
1408 1210 1472 1234 suo
1486 1199 1629 1234 Ennius
1643 1199 1682 1234 in
1696 1199 1896 1235 Telamone

332 1265 442 1298 quom
462 1253 517 1288 ait
537 1253 681 1289 «scibas
707 1265 741 1287 n.
762 1254 952 1300 inqenium
973 1282 978 1287 .
997 1282 1002 1287 .
1020 1282 1026 1287 .
1047 1263 1193 1298 paras».
1214 1252 1305 1287 item
1326 1252 1400 1287 alio
1420 1252 1500 1288 loco
1522 1253 1633 1299 [scen.
1651 1254 1762 1300 175].’

448 1306 499 1341 VI
520 1308 614 1352 (325)
658 1306 802 1341 Nonius
824 1319 860 1352 p.
880 1310 936 1349 85,
956 1310 1000 1341 23
1023 1306 1161 1341 ‘claret
1186 1305 1287 1341 clara
1313 1307 1370 1340 est
1394 1305 1452 1341 vel
1478 1306 1628 1341 clareat.
1650 1306 1839 1352 Turpilius
1861 1335 1867 1340 .
1889 1335 1895 1341 .

331 1361 411 1405 (152
426 1360 483 1405 R.)
499 1360 626 1396 «cuius
647 1360 810 1395 adventu
829 1360 954 1395 insula
972 1359 1085 1394 hodie
1099 1359 1216 1394 claret
1229 1358 1401 1404 Cypros».
1417 1359 1559 1394 Ennius
1573 1359 1772 1395 Telamone
1787 1371 1897 1396 «nam

331 1442 337 1447 .
354 1441 385 1449 „.
400 1413 517 1458 patris
539 1414 651 1457 atque
670 1414 781 1457 faciet
799 1426 834 1459 p.
856 1413 951 1448 Iovis
967 1413 1104 1459 (tovis
1118 1413 1213 1448 Flor.
1227 1425 1275 1447 m.
1290 1425 1343 1458 pr.
1359 1413 1476 1458 Leid.)
1491 1413 1614 1459 gratia
1627 1424 1671 1449 ea
1689 1415 1764 1448 est.
1779 1442 1785 1447 .
1799 1442 1806 1448 .
1822 1413 1896 1448 cla—

330 1468 387 1501 ret
401 1466 543 1513 (clare
563 1466 658 1501 Flor.
673 1479 720 1501 m.
736 1468 805 1512 pr.)
819 1467 964 1503 mihi».’

447 1519 514 1554 VII
534 1521 630 1566 (327)
668 1520 811 1555 Nonius
830 1533 866 1565 p.
882 1523 963 1564 475,
978 1524 1024 1554 24
1041 1520 1221 1565 ‘partiret
1238 1530 1305 1565 pro
1327 1519 1532 1565 partiretur
1553 1548 1559 1554 .
1576 1548 1582 1554 .
1600 1548 1606 1554 .
1628 1519 1769 1554 Ennius
1789 1519 1896 1555 Tela-

328 1584 437 1608 mone
451 1573 644 1610 «eamdem
660 1602 666 1607 .
683 1602 689 1608 .
708 1575 888 1618 .pater».'
987 1573 1090 1608 Haec
1104 1575 1161 1608 est
1173 1573 1241 1608 illa
1261 1573 1423 1618 suspicio
1444 1584 1518 1617 qua
1538 1584 1576 1608 se
1596 1584 1619 1608 a
1637 1575 1744 1618 patre
1764 1584 1896 1619 excep-

327 1628 407 1661 tum
426 1627 473 1661 iri
492 1627 633 1662 Teucer
651 1627 839 1672 praevidit
858 1627 898 1661 in
918 1626 1111 1672 Sophoclis
1130 1627 1246 1662 Aiace
1268 1630 1358 1661 1008
1380 1638 1463 1661 cum
1482 1626 1635 1661 Aiacem
1654 1626 1709 1661 ita
1729 1626 1897 1672 appellat

329 1676 349 1725 ἦ
369 1680 443 1715 πού
464 1693 506 1725 με
530 1681 703 1725 Τελαμὼν
724 1680 787 1722 σὸς
805 1680 927 1726 πατὴρ
955 1679 1040 1726 ἐμός
1064 1678 1108 1715 θ’
1133 1679 1208 1725 ἅμα
1235 1677 1373 1722 δέξαιτ’
1398 1678 1445 1715 ἂν
1471 1678 1712 1724 εὐπρόσωπος
1737 1678 1840 1721 ἵλεώς
1858 1677 1892 1714 τ’

329 1732 415 1774 ἴσως
433 1731 614 1779 χωροῦντ’
633 1733 723 1769 ἄνευ
744 1739 810 1769 σοῦ
827 1763 832 1768 .
851 1764 857 1769 .
874 1762 880 1768 .
901 1739 1013 1769 ποῖον
1034 1734 1102 1768 οὐκ
1123 1733 1199 1776 ἐρεῖ
1215 1733 1332 1768 κακὸν
1352 1732 1417 1768 τὸν
1438 1733 1477 1768 ἐκ
1497 1732 1609 1777 δορὸς
1627 1738 1767 1778 γεγῶτα
1786 1735 1894 1768 πολε-

328 1784 415 1830 μίου
435 1785 568 1831 νόθον,
587 1787 652 1822 τὸν
673 1785 791 1836 δειλίᾳ
809 1785 999 1831 προδόντα
1020 1787 1084 1822 καὶ
1103 1784 1315 1835 κακανδρίᾳ
1335 1785 1374 1821 σὲ
1394 1784 1541 1831 φίλτατ’
1563 1785 1659 1827 Αἴας
1676 1785 1698 1831 ἢ
1719 1785 1894 1830 δόλοισιν,

328 1840 377 1881 ὡς
398 1839 444 1874 τὰ
464 1840 511 1875 σὰ
529 1840 646 1885 κράτη
666 1839 856 1882 θανόντος
874 1841 939 1875 καὶ
959 1839 1098 1885 δόμους
1116 1839 1263 1884 νέμοιμι
1283 1839 1381 1881 σούς.
1401 1839 1648 1874 ratiocinatur
1666 1839 1744 1874 fere
1762 1841 1805 1874 ut
1823 1839 1895 1884 Py-

330 1892 435 1927 lades
454 1893 493 1927 in
512 1894 632 1939 Iphig.
648 1893 757 1928 Taur.
774 1897 842 1928 676
857 1905 935 1939 sqq.
951 1893 982 1928 si
1003 1893 1171 1929 Orestem
1196 1893 1316 1927 solum
1334 1893 1491 1927 mortem
1512 1894 1688 1937 oppetere
1709 1892 1817 1927 sinat.
1839 1892 1894 1927 De

327 1945 465 1981 Teucro
490 1946 534 1981 cf.
557 1958 653 1991 quae
679 1947 792 1982 schol.
812 1947 861 1982 ad
880 1947 987 1982 Pind.
1012 1947 1118 1982 Nem.
1140 1951 1173 1989 4,
1187 1950 1230 1981 76
1249 1947 1432 1981 memorat
1452 1945 1470 1981 ὁ
1491 1945 1561 1991 γὰρ
1586 1948 1748 1990 Τεῦκρος
1774 1945 1894 1981 ἐλθὼν

326 1999 415 2044 μετὰ
439 1999 506 2045 τὴν
527 1999 662 2035 ἅλωσιν
678 1998 790 2036 Ἰλίου
812 2000 850 2036 ἐν
870 2002 1057 2046 Σαλαμῖνι
1082 2000 1147 2035 καὶ
1172 1999 1402 2045 ὑπονοηθεὶς
1427 1999 1500 2034 ὑπὸ
1519 2004 1586 2034 τοῦ
1610 2001 1827 2044 Τελαμῶνος
1846 2000 1895 2040 ὡς

327 2052 445 2094 αἴτιος
463 2054 623 2098 γεγονὼς
640 2059 707 2089 τοῦ
728 2052 849 2098 φόνου
868 2056 918 2101 τῷ
937 2053 1068 2088 Αἴαντι
1090 2054 1220 2099 φυγὼν
1240 2050 1349 2100 ᾤκισε
1367 2052 1434 2098 τὴν
1450 2052 1616 2097 Κύπρον.
1631 2051 1773 2086 Ennius
1793 2052 1893 2097 quod

326 2105 420 2140 dicit
441 2106 618 2141 ‘eandem
646 2107 686 2141 in
712 2107 961 2153 suspicionem
987 2106 1158 2142 sceleris'
1181 2106 1407 2152 intelligitur
1435 2105 1567 2151 opinor
1588 2105 1787 2141 ‘eandem'
1810 2117 1893 2140 cum

325 2158 466 2194 Atridis
486 2159 544 2194 vel
563 2159 682 2203 Ulixe,
704 2171 861 2206 quorum
886 2161 1012 2206 partes
1038 2160 1237 2206 primarias
1256 2159 1372 2194 fuisse
1391 2159 1430 2194 in
1456 2160 1575 2194 morte
1594 2159 1720 2194 Aiacis
1740 2158 1892 2194 Telamo

325 2222 399 2246 non
423 2212 610 2258 ignoravit
636 2214 700 2248 sed
725 2215 768 2248 ut
793 2213 977 2249 Teucrum
1003 2224 1130 2249 eorum
1155 2214 1282 2258 partes
1300 2207 1489 2248 'adiuvisse
1508 2212 1761 2256 insimularet;
1782 2223 1892 2257 quem

325 2264 432 2300 Aiaci
455 2266 465 2282 ‘
478 2265 710 2302 obsidionem
728 2268 902 2312 parasse'
926 2268 1086 2302 accusat.

444 2437 528 2474 324
554 2438 768 2488 ingenuum
793 2438 912 2487 vala:
940 2438 1143 2489 ingenium
1279 2450 1416 2487 paras:
1436 2439 1482 2476 de
1500 2439 1700 2486 praesenti
1724 2438 1771 2485 cf.
1793 2448 1891 2485 quae

321 2506 489 2543 prooem.
512 2506 525 2531 1
537 2494 619 2532 886
624 2492 699 2546 s87
717 2510 759 2545 p.
781 2507 794 2533 1
808 2506 827 2545 7
844 2500 1054 2536 memoravi
1074 2499 1108 2536 et
1125 2509 1223 2545 quae
1241 2498 1472 2546 Madviyiuvs
1491 2508 1576 2545 opp.
1590 2509 1621 2534 11
1633 2509 1675 2545 p.
1694 2505 1743 2532 22
1752 2505 1774 2544 5

326 2555 408 2593 325
437 2556 502 2593 avi
520 2554 642 2593 Aeaci
667 2558 706 2593 et
723 2556 930 2604 Berykius,
952 2568 996 2595 ea·
1015 2568 1088 2605 quo
1107 2556 1229 2595 Aeaci
1252 2554 1303 2607 (h.
1323 2568 1350 2595 e.
1368 2558 1450 2595 eaci
1468 2557 1571 2594 unde
1590 2550 1687 2608 faci)
1708 2557 1748 2594 et
1765 2556 1890 2603 recepi

444 2615 526 2651 326
555 2613 694 2652 Gratia
720 2617 822 2653 astet
846 2616 905 2654 vel
930 2616 1035 2654 adsit
1057 2616 1317 2654 Buechelerus
1336 2615 1474 2653 Gratia
1501 2616 1623 2653 ecstet
1641 2615 1889 2653 Ribbeckius:

325 2684 389 2721 eqo
409 2672 547 2711 Gratia
572 2685 654 2711 esse
675 2667 729 2726 (h.
748 2670 834 2712 ese}
846 2686 924 2722 pro
943 2669 1008 2728 ea)
1029 2677 1089 2713 est
1107 2676 1246 2723 scripsi
1267 2677 1301 2713 et
1310 2675 1482 2723 probare
1499 2675 1631 2712 studui
1649 2674 1758 2712 relat.
1777 2674 1887 2712 acad.

323 2743 360 2770 a.
388 2742 401 2768 1
413 2729 495 2768 888
509 2744 552 2780 p.
569 2730 622 2778 38
644 2743 698 2779 sq.
818 2733 1050 2782 Exeipiebat
1066 2735 1159 2772 haec
1177 2736 1221 2772 ut
1238 2734 1360 2782 plena
1380 2735 1474 2772 esset
1491 2734 1723 2772 asseveratio
1741 2735 1888 2771 senten-

323 2793 378 2829 tia
399 2791 526 2839 qualis
544 2792 638 2829 haee
657 2794 711 2830 est
728 2793 774 2829 ut
794 2804 865 2842 ego
884 2795 1022 2831 mortis
1042 2794 1159 2831 huius
1178 2795 1311 2831 insons
1332 2794 1418 2831 sum
1545 2792 1627 2830 327
1649 2792 1690 2829 in
1710 2804 1771 2829 me
1790 2791 1887 2829 Pas-

320 2852 501 2895 seratius,
521 2852 589 2890 sed
606 2852 736 2889 verius
754 2851 853 2889 illud
871 2853 1022 2890 videtur
1040 2865 1102 2890 me
1121 2854 1162 2890 in
1183 2864 1286 2901 susp.
1307 2853 1473 2902 partivit
1490 2852 1526 2889 h.
1542 2862 1570 2889 e.
1590 2863 1652 2888 me
1672 2852 1712 2888 in
1732 2852 1887 2900 partem

321 2910 498 2948 eiusdem
526 2911 759 2960 suspicionis
783 2910 948 2948 adduxit
