2004 3278
751 159 1051 196 SATURARUM
1075 160 1204 196 LIBRI
1643 160 1767 197 CCXV

198 273 430 313 attendatur
445 274 539 322 quia
553 287 577 312 a
590 274 712 312 variis
726 274 862 312 metris
873 273 1049 312 Lucilius
1065 286 1219 323 quoque
1234 273 1357 312 simili
1369 286 1448 311 non
1462 274 1640 323 compari
1650 274 1765 312 modo

197 346 355 372 exorsus
382 333 550 382 denique
576 334 618 370 in
643 333 959 371 hexametrorum
985 345 1058 371 usu
1083 334 1125 370 in
1152 334 1266 382 parte
1296 335 1520 371 saturarum
1547 334 1766 382 posteriore

197 405 236 431 se
263 393 472 430 continuit.
501 392 612 430 Unde
638 393 779 441 poetae
804 393 1040 441 posteriores
1063 392 1254 430 Horatius
1274 392 1431 431 Persius
1458 392 1660 431 Iuvenalis
1686 393 1764 431 nisi

196 452 326 490 herois
353 451 529 490 versibus
555 452 596 489 in
623 452 767 490 saturis
794 464 872 489 non
895 452 957 489 usi
976 453 1078 490 sunt.
1105 450 1216 489 Unus
1236 452 1286 488 M.
1308 451 1435 489 Varro
1455 452 1498 488 in
1518 453 1663 490 saturis
1683 453 1763 490 Me-

196 512 352 561 nippeis
378 524 466 549 cum
491 511 716 549 Ennianam
742 523 994 548 numerorum
1026 511 1263 548 varietatem
1296 511 1461 548 referret
1492 511 1669 549 versibus
1698 524 1763 561 pe-

197 570 366 609 destrem
393 571 611 608 orationem
637 571 719 608 sive
745 570 871 608 mavis
903 569 1124 619 pedestrem
1155 570 1376 607 orationem
1401 569 1578 608 versibus
1604 571 1765 609 miscuit

197 632 236 668 et
261 629 460 668 distinxit:
493 631 602 668 cuius
627 631 686 667 rei
712 631 848 667 auctor
874 631 933 667 est
959 627 1227 673 Quintilianus
1248 641 1272 665 x
1296 630 1332 676 1,
1355 630 1408 666 93
1441 632 1580 667 satura
1611 630 1764 677 quidem

196 692 273 727 tota
297 692 432 727 nostra
457 691 521 734 est,
553 690 596 727 iri
621 701 698 737 qua
716 690 874 736 primas
899 690 1089 736 ‘insiqnem
1119 687 1273 726 laudem
1305 688 1466 735 adeptus
1491 688 1673 727 Lucilius
1695 719 1702 726 .
1725 719 1732 726 .
1755 719 1762 726 .

197 749 360 786 eruditio
386 750 429 786 in
460 759 501 786 co
532 749 636 786 mira
667 750 701 786 et
731 748 887 786 libertas
919 750 1032 795 atque
1062 747 1153 785 iride
1185 748 1374 785 acerbitas
1406 750 1439 786 et
1471 748 1624 786 abwnde
1654 749 1762 786 salis.

197 808 361 845 maltum
387 819 426 846 eo
453 810 507 846 est
530 808 666 846 tersior
686 819 732 845 ac
743 819 874 854 purus
893 808 1018 855 matois
1038 807 1232 844 Horatius
1252 809 1287 844 et
1302 808 1382 844 nisi
1401 807 1511 844 labor
1531 808 1612 845 eius
1633 819 1763 846 amore

189 868 439 915 praecipuas.
471 867 636 905 multam
669 870 703 905 et
732 878 845 905 verae
873 867 1021 914 yloriae
1052 867 1230 914 quamvis
1261 877 1339 903 urio
1373 866 1469 904 libro
1497 867 1656 905 Persius
1688 879 1763 905 me-

195 927 276 964 ruit
296 956 303 963 .
326 956 333 963 .
356 956 363 963 .
390 926 554 964 alteram
579 926 679 964 illud
704 927 820 964 etiam
838 927 956 973 prius
981 928 1140 963 saturae
1161 937 1295 973 yenaS,
1320 926 1387 963 sed
1411 937 1490 963 non
1513 925 1598 963 sola
1623 927 1762 964 carmi-

194 998 290 1023 num
315 986 499 1024 varietate
521 987 683 1023 mixtum
702 985 873 1023 condidit
895 986 1095 1023 Terentius
1122 985 1247 1023 Varro
1267 986 1328 1022 vir
1347 985 1616 1023 Romanorum
1635 986 1763 1023 eradi-

194 1046 376 1083 tissimas.
403 1045 603 1082 Nimirum
629 1045 754 1083 altero
780 1044 851 1082 fllo
878 1045 1000 1082 etiam
1028 1045 1158 1094 priore
1185 1045 1343 1082 saturae
1369 1057 1510 1095 genere
1537 1044 1762 1082 Ennianam

195 1103 302 1142 haud
334 1103 450 1142 dubie
483 1106 658 1143 saturam
691 1103 906 1155 significat,
941 1104 1004 1142 cui
1036 1115 1124 1141 cum
1156 1104 1384 1152 ceteroquin
1415 1104 1629 1153 persimilis
1661 1105 1762 1142 esset

194 1163 456 1211 Varroniana,
489 1176 533 1201 eo
565 1163 740 1202 distabat
772 1163 877 1212 quod
903 1164 943 1201 et
968 1163 1139 1202 solutam
1165 1163 1283 1201 simul
1310 1165 1349 1201 et
1374 1164 1495 1201 variis
1522 1163 1761 1202 carminibus

198 1223 373 1261 vinctam
406 1224 627 1261 orationem
657 1222 992 1273 repraesentabat.
1027 1221 1103 1260 Sed
1135 1221 1288 1260 doctior
1319 1222 1414 1260 haec
1440 1222 1691 1260 Varroniana
1723 1224 1762 1260 et

193 1283 321 1332 magis
349 1282 564 1332 multiplici
583 1282 751 1320 forsitan
778 1283 1010 1332 argumento
1033 1293 1152 1330 quam
1172 1281 1357 1319 Enniana
1376 1282 1514 1319 fuerit:
1535 1282 1761 1330 aequalium

195 1341 443 1380 cavillationi
478 1342 699 1390 acriorique
733 1353 888 1379 morum
923 1353 1108 1379 censurae
1145 1343 1326 1379 neutram
1358 1341 1553 1391 insignius
1586 1340 1760 1378 deditam

195 1401 316 1439 fuisse
343 1401 610 1439 existimarim.
637 1401 684 1437 In
710 1413 789 1449 qua
814 1413 856 1438 re
875 1401 1144 1450 principatum
1164 1400 1318 1438 obtinet
1336 1400 1526 1448 Lucilius,
1546 1399 1648 1437 unde
1669 1413 1760 1450 poe—

194 1462 259 1498 tae
286 1461 354 1509 qui
379 1461 516 1510 postea
541 1461 583 1497 in
609 1460 682 1498 hoc
715 1472 855 1510 genere
889 1460 1114 1498 claruerunt
1146 1459 1318 1497 colorem
1351 1472 1395 1497 ac
1426 1472 1605 1497 normam
1637 1461 1759 1497 mate-

195 1520 278 1558 riae
303 1521 544 1569 receperunt.
573 1517 722 1563 Quibus
749 1531 838 1557 cum
863 1519 931 1556 ille
957 1520 1018 1556 uti
1044 1518 1126 1556 dixi
1152 1519 1273 1556 etiam
1298 1519 1614 1557 hexametrorum
1646 1531 1759 1557 usum

193 1579 439 1628 praeivisset,
458 1579 550 1617 inde
569 1591 648 1616 non
667 1579 815 1616 iniuria
834 1578 1025 1626 Horatius
1046 1573 1136 1631 (sat.
1152 1590 1166 1614 1
1182 1579 1249 1626 10,
1263 1572 1339 1630 48)
1360 1579 1442 1616 eius
1463 1579 1620 1616 saturae
1641 1591 1760 1627 quam

194 1639 234 1675 et
258 1639 342 1687 ipse
368 1638 492 1676 coluit
517 1640 556 1675 et
575 1638 731 1676 Persius
758 1650 803 1676 ac
822 1637 1022 1676 Iuvenalis
1043 1638 1290 1676 inventorem
1309 1637 1508 1676 Lucilium
1529 1637 1759 1687 appellavit,

194 1698 303 1736 cuius
328 1699 463 1735 tamen
488 1698 638 1746 poesim
664 1697 858 1746 falluntur
883 1698 916 1736 si
943 1698 1012 1746 qui
1043 1710 1184 1747 genere
1218 1709 1263 1735 ac
1294 1698 1439 1735 natura
1471 1696 1519 1734 ab
1547 1696 1667 1734 Ennii
1699 1709 1758 1735 sa-

194 1759 284 1795 tura
309 1756 458 1795 distare
484 1756 746 1795 arbitrentur:
771 1757 892 1795 immo
918 1768 1052 1795 omnes
1080 1757 1148 1806 qui
1173 1756 1215 1793 in
1240 1756 1302 1795 his
1323 1755 1563 1794 carminibus
1584 1755 1759 1794 elabora-

192 1818 286 1854 runt
310 1818 450 1866 poetae
470 1816 640 1854 Romani
666 1815 714 1854 ab
735 1816 864 1854 Ennio
884 1815 934 1854 ad
954 1815 1182 1854 Iuvenalem
1202 1816 1353 1866 poesim
1373 1828 1444 1854 sua
1464 1817 1607 1853 natura
1626 1829 1758 1864 unam,

193 1876 353 1926 ingenio
386 1877 519 1913 autem
550 1877 757 1926 poetarum
788 1876 986 1914 variatam
1012 1887 1108 1926 prae
1133 1888 1174 1913 se
1204 1875 1347 1912 ferunt.
1381 1874 1469 1919 Qua
1499 1888 1541 1912 re
1566 1874 1757 1913 Horatius

193 1929 284 1987 (sat.
305 1947 320 1972 1
342 1936 407 1983 10,
430 1928 504 1987 66)
531 1948 619 1973 cum
645 1934 804 1974 Graecis
829 1935 973 1973 intacti
999 1935 1184 1973 carminis
1211 1936 1411 1972 auctorem
1431 1934 1566 1972 laudet
1586 1934 1758 1971 Ennium

193 1990 387 2045 (Ennium
407 1994 511 2032 enim
530 1994 588 2032 ibi
607 2007 688 2043 nec,
710 1994 815 2044 quod
833 1995 924 2043 post
943 1995 1041 2032 alios
1063 1992 1102 2031 G.
1124 1993 1166 2030 F.
1187 1993 1436 2032 Hermannus
1457 1992 1657 2040 narrabat,
1680 1992 1757 2030 Lu-

193 2054 329 2091 cilium
354 2053 433 2090 dici
457 2054 620 2103 propius
645 2053 766 2092 verba
790 2056 931 2102 poetae
953 2054 1122 2092 intuitus
1143 2047 1409 2105 concedet*)),
1431 2064 1502 2090 nec
1522 2064 1652 2090 secum
1671 2053 1757 2102 ipse

193 2114 358 2162 pugnat,
385 2113 454 2161 qui
479 2112 653 2151 eiusdem
679 2114 836 2151 saturae
862 2113 1109 2151 inventorem
1133 2111 1333 2150 Lucilium
1364 2111 1519 2160 dixerit,
1552 2123 1622 2149 nec
1647 2124 1671 2149 a
1699 2112 1758 2149 rei

194 2172 362 2209 veritate
389 2171 583 2209 abhorret.

310 2230 583 2268 Variorum
609 2231 766 2273 nomine
793 2230 1017 2279 complexus
1043 2241 1130 2268 sum
1157 2242 1257 2278 quae
1282 2231 1435 2268 restant
1460 2230 1609 2279 scripta
1634 2229 1756 2267 Enni-

193 2302 280 2338 ana,
305 2289 514 2328 brevitatis
535 2302 664 2338 causa,
690 2291 737 2327 ut
754 2289 940 2328 haberem
959 2301 1206 2327 communem
1226 2302 1303 2338 qua
1323 2301 1370 2327 ea
1389 2288 1757 2338 comprehenderem

193 2348 542 2398 significationem:
567 2362 659 2388 nam
685 2362 730 2388 ea
755 2349 860 2387 inter
879 2361 919 2387 se
938 2348 1039 2386 nihil
1058 2347 1205 2386 habent
1224 2349 1510 2387 communionis
1531 2349 1571 2386 et
1588 2348 1755 2386 incredi-

192 2408 271 2446 bile
297 2409 366 2457 est,
393 2408 498 2457 quod
522 2408 601 2446 fuit
627 2409 695 2458 qui
721 2409 926 2459 cogitaret,
957 2407 1028 2446 has
1054 2419 1188 2446 omnes
1212 2407 1333 2447 fuisse
1359 2410 1585 2446 saturarum
1611 2409 1755 2457 partes.

192 2467 317 2506 Immo
343 2468 440 2505 haec
466 2469 609 2517 omnia,
635 2469 681 2505 ut
706 2481 729 2506 a
749 2467 1018 2517 grammaticis
1040 2468 1078 2504 et
1096 2466 1380 2517 posterioribus
1400 2466 1657 2517 scriptoribus
1677 2468 1754 2505 sin-

193 2527 286 2577 gula
312 2527 541 2576 afferuntur,
566 2527 770 2577 probabile
797 2528 855 2565 est
879 2538 950 2576 per
974 2539 1014 2565 se
1040 2538 1122 2565 esse
1147 2527 1227 2565 suis
1253 2526 1496 2577 temporibus
1523 2539 1547 2564 a
1570 2528 1689 2575 poeta
1713 2527 1755 2563 in

192 2586 319 2624 lucem
345 2585 462 2624 edita.
490 2585 664 2631 Quorum
683 2587 856 2636 primum
874 2586 989 2635 posui
1007 2585 1154 2624 librum
1174 2586 1243 2635 qui
1263 2585 1424 2636 Scipio
1444 2585 1685 2633 inscribitur,
1711 2587 1756 2622 ut

193 2643 343 2684 Gellius
368 2646 558 2694 loquitur,
585 2646 654 2695 qui
679 2645 784 2694 quod
810 2646 849 2683 et
867 2645 1047 2683 Enniam
1070 2646 1114 2684 in
1131 2646 1278 2684 saturis
1297 2645 1436 2684 laudat
1456 2646 1495 2683 et
1514 2645 1692 2683 Ennium
1711 2645 1755 2682 in

309 2747 341 2792 ³⁸)
367 2746 453 2781 Non
479 2747 740 2782 concesserunt
766 2745 831 2781 sed
856 2756 1002 2791 semper
1026 2756 1122 2781 nova
1147 2745 1360 2781 incredibili
1386 2743 1668 2780 incredibiliora
1699 2743 1755 2778 in-

192 2795 372 2829 venerunt
396 2805 442 2828 ne
468 2794 629 2829 Ennium
656 2793 866 2839 significare
892 2792 1069 2828 Horatius
1094 2793 1297 2829 videretur:
1325 2804 1417 2837 quos
1444 2803 1512 2838 ego
1538 2791 1652 2826 miror
1679 2802 1754 2826 non

193 2841 386 2877 attendere
409 2841 523 2877 verba
554 2853 729 2886 quamque
754 2845 948 2886 poetarum
976 2842 1159 2878 seniorum
1190 2841 1321 2887 tumba:
1330 2850 1427 2884 quae
1458 2838 1530 2874 sibi
1561 2838 1754 2884 praemitti

191 2890 343 2935 poetam
368 2888 569 2934 superioris
595 2888 731 2924 aetatis
757 2889 924 2934 poscunt.

1752 2985 1756 3010 ὅ
