2020 3334
315 219 499 255 LXXXVI
872 219 898 255 I.
925 217 1153 255 HISTORIA
1171 219 1308 255 ENNII

313 345 400 372 mus
438 333 536 380 alia,
573 343 673 370 xvm
700 333 744 379 2,
775 333 798 368 7
839 344 935 380 quos
973 344 1093 382 supra
1129 331 1213 370 dixi
1249 345 1384 371 versus
1424 334 1492 381 qui
1525 337 1618 373 sant
1652 336 1696 373 in
1731 334 1879 373 saturis

315 392 357 440 Q,
377 392 504 430 Ennii
529 387 615 443 [lib.
641 391 717 428 inc.
742 388 807 440 111]
841 392 1021 442 argutius
1055 391 1279 439 frustrandi
1314 391 1435 430 verbo
1471 392 1734 432 multifariam
1768 393 1879 432 adhi-

313 452 397 489 bito
429 450 628 499 implicati
652 450 866 488 memoriae
891 450 1085 499 prodidit,
1112 452 1151 488 et
1174 462 1206 488 11
1227 451 1281 489 29
1308 450 1356 488 de
1380 449 1526 500 Aesopi
1556 453 1734 502 apoloqo,
1763 465 1881 503 quem

315 510 357 558 Q.
377 510 557 547 Ennium
582 508 681 547 dicit
705 510 747 547 in
771 511 919 548 saturis
945 505 1030 561 [lib.
1050 510 1125 548 inc.
1146 508 1194 559 11]
1220 511 1312 548 scite
1337 510 1546 549 admodum
1570 514 1604 550 et
1623 514 1779 551 venuste
1796 523 1880 550 ver-

312 570 420 607 sibus
439 568 644 617 quadratis
669 570 936 616 composuisse,
967 581 1045 607 non
1072 569 1199 608 solum
1225 569 1321 608 duos
1347 582 1482 609 versus
1502 571 1706 619 extremos,
1734 571 1803 610 sed
1820 573 1880 608 to-

314 629 394 666 tius
420 627 579 666 fabulae
606 630 884 679 argumentum
916 640 995 667 non
1027 628 1078 666 ad
1102 627 1252 678 Aesopi
1278 628 1399 666 verba
1431 628 1498 667 sed
1523 629 1576 668 ad
1598 642 1734 669 versus
1759 630 1882 668 Ennii

314 699 539 737 expressum
564 686 749 725 reddidit.
775 686 986 726 Praeterea
1004 700 1046 726 rv
1069 688 1090 725 7
1118 699 1164 726 ex
1188 687 1286 726 libro
1311 689 1378 736 qui
1402 687 1532 736 Scipio
1556 689 1783 727 inscribitur
1800 688 1880 727 Va-

314 747 412 785 lerio
444 746 572 784 Probo
604 748 781 794 auctore,
820 746 868 785 de
901 759 978 796 quo
1010 760 1147 797 supra,
1185 760 1342 786 versum
1377 747 1525 785 attulit.
1569 746 1678 793 Quae
1708 761 1802 786 vero
1833 747 1883 786 de

314 805 558 856 temporibus
590 807 810 856 poetarum,
841 807 883 843 in
920 805 1064 855 quibus
1097 806 1230 855 Ennii,
1256 818 1340 845 xvn
1362 808 1429 855 21,
1451 807 1504 845 49
1538 807 1732 857 exposuit,
1761 820 1880 858 supra

313 879 349 915 p.
370 877 427 903 vu
454 866 648 914 quantum
673 866 770 903 satis
797 867 883 903 erat
906 865 1105 916 redargui.

432 923 620 963 Eiusdem
645 923 856 963 Frontonis
884 923 1072 964 Cirtensis
1099 925 1278 974 aequalis
1304 938 1349 963 ac
1379 938 1528 963 memor
1547 926 1744 964 Minucius
1770 925 1881 964 Felix

310 985 353 1021 in
381 983 547 1022 Octavio
573 983 675 1021 nihil
699 986 833 1022 tamen
858 983 1000 1022 habuit
1019 984 1067 1022 de
1086 984 1216 1022 Ennio
1239 985 1316 1022 nisi
1337 984 1441 1033 quod
1461 998 1484 1023 a
1506 983 1690 1023 Cicerone
1710 986 1882 1035 accepit:

316 1043 363 1081 cf.
391 1042 442 1081 ad
468 1056 557 1081 ann.
581 1044 663 1081 179
686 1045 725 1080 et
746 1043 827 1081 581
858 1043 1060 1082 adnotata.
1087 1042 1235 1082 Contra
1261 1043 1541 1091 Tertullianus,
1569 1045 1639 1093 qui
1663 1044 1725 1082 illi
1750 1045 1879 1094 proxi-

313 1115 401 1141 mus
427 1102 626 1150 successit,
657 1102 799 1140 habuit
825 1104 870 1140 ut
894 1102 1052 1141 videtur
1080 1102 1257 1152 aliquam
1289 1103 1475 1141 notitiam
1501 1103 1622 1141 Ennii
1652 1116 1740 1141 cum
1771 1104 1881 1142 nullo

313 1161 571 1212 praecedente
605 1161 753 1200 scribat
783 1162 855 1200 illa
887 1175 988 1211 quae
1021 1162 1071 1199 ad
1103 1175 1192 1199 ann.
1221 1162 1276 1200 60
1308 1162 1433 1200 allata
1475 1164 1584 1200 sunt:
1616 1164 1774 1210 primus
1805 1174 1882 1201 om-

312 1223 424 1260 niwm
444 1221 603 1260 Ennius
622 1224 739 1269 poeta
758 1221 963 1259 Romanus
984 1218 1210 1259 ‘caenacula
1228 1223 1402 1259 maxima
1421 1219 1531 1260 caeli’
1553 1223 1777 1270 simpliciter
1788 1234 1883 1269 pro-

312 1282 509 1319 nuntiavit
541 1281 586 1319 de
618 1281 689 1318 lati
719 1281 817 1319 situ-s
848 1282 1003 1318 nomine
1033 1280 1091 1319 vel
1116 1281 1209 1328 qaia
1236 1280 1367 1319 Iovem
1395 1281 1476 1319 illic
1500 1282 1718 1329 epulantem
1742 1282 1884 1329 leyerat

315 1340 423 1388 apud
448 1340 677 1378 Homerum.
708 1339 821 1377 Adde
855 1339 959 1388 quod
985 1340 1357 1389 metempsychosim
1388 1339 1639 1378 Homericam
1671 1340 1720 1378 ab
1753 1340 1882 1379 Ennio

314 1401 518 1437 narratam
543 1398 604 1437 bis
629 1398 725 1437 locis
753 1398 801 1436 ad
829 1411 917 1437 ann.
943 1400 995 1436 15
1023 1398 1211 1437 indicatis
1242 1400 1487 1437 memoravit.

432 1458 593 1497 Horatii
612 1458 860 1508 interpretes,
886 1458 1200 1508 Porphyrionem
1221 1460 1261 1496 et
1279 1458 1487 1506 Acronem,
1511 1459 1585 1497 hoc
1603 1458 1691 1497 loco
1710 1459 1881 1498 inseren-

316 1517 386 1556 dos
414 1517 519 1565 duxi,
546 1530 787 1566 quamquam
814 1530 949 1555 eorum
974 1519 1155 1567 tempora
1181 1518 1278 1555 satis
1305 1519 1410 1556 certo
1432 1517 1587 1556 definiri
1609 1530 1687 1556 non
1707 1520 1884 1568 possunt,

318 1580 358 1615 et
382 1576 578 1615 Acronem
604 1589 692 1614 cum
719 1576 806 1614 dico
832 1577 933 1615 hanc
959 1577 1127 1615 alteram
1154 1576 1393 1615 scholiorum
1419 1578 1641 1627 congeriem
1667 1577 1754 1616 dico
1782 1590 1883 1626 quae

316 1637 390 1675 hoc
415 1648 558 1674 nomen
584 1636 672 1683 fert,
698 1649 777 1674 non
803 1638 848 1674 ut
873 1636 921 1674 de
947 1637 1101 1686 origine
1127 1648 1261 1673 eorum
1291 1637 1506 1685 quicquam
1533 1636 1736 1674 affirmem.
1775 1636 1882 1674 Haec

318 1696 603 1734 commentaria
634 1695 711 1733 duo
743 1696 847 1733 inter
879 1708 919 1734 se
950 1696 1047 1734 satis
1079 1694 1249 1734 discreta
1280 1708 1359 1733 non
1393 1694 1597 1733 abundant
1626 1695 1699 1734 illa
1725 1696 1883 1745 quidem

318 1755 500 1804 reliquiis
526 1755 732 1802 Ennianis,
764 1755 829 1792 sed
861 1767 939 1792 non
971 1756 1065 1793 sunt
1088 1754 1259 1792 inutilia.
1292 1754 1351 1792 Ac
1375 1754 1596 1804 Porphyrio
1628 1754 1787 1804 quidem
1813 1749 1884 1807 (ad

318 1816 390 1853 sat.
411 1826 425 1851 1
448 1815 515 1862 10,
536 1807 611 1866 46)
643 1814 794 1863 primus
826 1814 874 1851 de
906 1815 1130 1852 saturarum
1162 1813 1273 1851 libris
1300 1813 1492 1852 Ennianis
1518 1815 1686 1852 testatus
1712 1816 1771 1853 est
1796 1827 1883 1852 cum

316 1875 377 1912 ita
402 1872 540 1911 scribit
565 1874 655 1911 item
680 1873 839 1911 Ennius
863 1874 931 1921 qui
959 1876 1140 1921 quattuor
1164 1873 1282 1911 libros
1306 1875 1535 1911 saturarum
1565 1873 1721 1921 reliquit
1751 1876 1785 1911 et
1808 1874 1885 1911 Pa-

317 1934 453 1971 cuvius
478 1933 568 1970 haic
589 1933 721 1980 qeneri
739 1933 1035 1979 versificationis
1059 1943 1138 1970 non
1161 1933 1400 1980 suffecissent
1425 1927 1492 1984 (cf.
1513 1946 1550 1982 p.
1571 1926 1700 1985 xxiv),
1724 1932 1885 1971 Horatii

319 2005 412 2030 sane
445 1993 618 2029 mentem
654 1992 713 2029 ita
748 1991 915 2029 dicentis
953 1993 1103 2039 experto
1136 1993 1289 2039 frustra
1328 1991 1503 2029 Varrone
1532 1990 1700 2029 Atacino
1738 1994 1772 2030 et
1802 1993 1883 2039 qui-

321 2051 487 2089 busdam
512 2051 604 2088 aliis
630 2050 730 2088 falso
756 2051 1052 2100 interpretatus.
1079 2050 1289 2088 Praeterea
1315 2051 1477 2089 annales
1502 2049 1718 2089 identidem
1750 2051 1884 2101 appel-

318 2112 377 2149 lat
415 2110 465 2149 ad
503 2122 647 2159 eosque
678 2109 844 2147 redeunt
880 2111 1014 2148 omnia
1051 2122 1151 2159 quae
1189 2110 1319 2157 affert,
1358 2109 1458 2148 alios
1496 2109 1617 2147 Ennii
1650 2109 1772 2148 libros
1805 2123 1884 2148 non

320 2171 517 2221 cognovit,
550 2171 654 2207 certe
686 2181 765 2206 non
796 2168 1041 2207 memoravit.
1074 2168 1212 2218 Neque
1245 2181 1290 2207 ea
1316 2181 1417 2218 quae
1442 2168 1567 2207 tradit
1591 2170 1725 2207 omnia
1750 2169 1885 2220 magni

319 2230 440 2279 pretii
465 2230 558 2268 sunt
583 2230 653 2267 aut
679 2241 782 2278 quae
807 2228 967 2266 doctum
991 2228 1248 2278 interpretem
1268 2227 1441 2266 deceant.
1470 2226 1621 2266 Omitto
1644 2240 1747 2266 nunc
1766 2241 1885 2278 supra

320 2290 363 2326 in
387 2287 540 2326 Lucilio
567 2302 604 2338 p.
625 2300 753 2325 xxvm
778 2287 998 2338 perscripta
1024 2300 1125 2337 quae
1150 2287 1198 2325 de
1229 2287 1437 2325 Luciliana
1462 2288 1645 2325 irrisione
1677 2287 1798 2325 Ennii
1835 2287 1886 2326 ad

320 2350 392 2386 sat.
414 2359 427 2383 1
449 2348 521 2396 10,
543 2348 597 2385 54
630 2347 839 2385 adnotavit
870 2359 918 2384 ne
950 2359 996 2384 ea
1029 2346 1189 2396 quidem
1220 2347 1317 2384 scite
1349 2345 1560 2384 admodum
1586 2347 1775 2396 exposita.
1809 2346 1886 2385 Sed

324 2419 425 2456 quae
450 2406 501 2444 ad
526 2408 598 2445 sat.
619 2418 649 2443 11
671 2408 708 2454 1,
731 2407 783 2444 16
811 2406 1023 2456 adscripsit
1045 2407 1082 2444 si
1105 2417 1185 2444 non
1201 2408 1311 2454 potes
1336 2417 1397 2443 res
1425 2408 1552 2454 qestas
1580 2405 1762 2444 Caesaris
1791 2407 1885 2444 scri-

322 2467 418 2510 bere,
444 2468 485 2503 at
501 2468 611 2513 potes
636 2466 826 2504 iustitiam
851 2468 886 2503 et
909 2465 1187 2513 fortitudinem,
1211 2467 1255 2502 ut
1272 2464 1454 2503 Isacilius
1476 2464 1669 2512 Scipionis
1694 2466 1794 2512 fecit,
1820 2465 1887 2512 qui

322 2527 442 2564 vitam
468 2525 574 2563 illius
591 2526 795 2572 privatam
814 2525 1026 2573 descripsit,
1051 2525 1210 2563 Ennius
1232 2534 1320 2562 vero
1340 2524 1450 2568 bella,
1475 2524 1517 2561 in
1538 2523 1680 2573 quibus
1700 2536 1778 2562 non
1799 2525 1886 2561 erat

325 2584 430 2634 quod
453 2585 528 2623 hac
553 2583 780 2623 confusione
807 2582 1036 2634 Scipionum
1061 2583 1208 2622 bonum
1233 2583 1537 2634 grammaticum
1562 2582 1788 2630 liberarent,
1814 2585 1887 2620 aut

324 2656 426 2693 quae
452 2643 503 2681 ad
528 2656 586 2693 ep.
607 2655 622 2680 1
644 2645 710 2691 19,
732 2644 755 2680 7
775 2646 892 2691 pater
917 2645 1045 2681 autem
1070 2643 1229 2681 Ennius
1253 2642 1338 2680 ideo
1363 2642 1465 2690 quod
1489 2643 1570 2689 ipse
1590 2643 1748 2689 primus
1773 2641 1885 2679 Lati-

322 2714 463 2740 norum
494 2703 548 2740 ad
576 2703 718 2741 heroici
747 2714 881 2741 versus
911 2703 1164 2740 imitationem
1195 2702 1466 2749 adspiraverit,
1492 2702 1531 2738 et
1555 2700 1649 2738 ibid.
1676 2701 1728 2738 ad
1753 2713 1886 2738 arma:

325 2762 377 2799 ad
402 2762 520 2800 libros
549 2761 766 2806 annalium,
797 2772 891 2809 quos
916 2761 1076 2799 Ennius
1105 2762 1271 2809 scripsit,
1303 2762 1374 2799 aut
1403 2760 1454 2798 ad
1480 2773 1538 2810 ep.
1558 2771 1588 2797 11
1611 2761 1647 2807 1,
1668 2760 1734 2797 51.
1757 2759 1810 2797 52
1838 2759 1885 2797 de

325 2821 447 2858 Ennii
472 2821 634 2859 somniis
659 2820 931 2871 Pythagoreis,
956 2821 1053 2858 haec
1078 2822 1118 2858 et
1140 2820 1174 2858 si
1194 2832 1296 2869 quae
1316 2821 1408 2858 sunt
1432 2819 1579 2857 similia
1604 2831 1675 2856 nec
1700 2831 1887 2869 magnam

326 2881 512 2929 peritiam
542 2880 769 2929 interpretis
800 2879 982 2929 probant,
1014 2880 1194 2928 quamvis
1225 2879 1385 2917 annales
1417 2878 1537 2916 Ennii
1567 2877 1688 2927 probe
1719 2878 1885 2924 noverit,

327 2951 399 2978 nec
423 2951 494 2978 nos
519 2938 689 2978 multum
714 2938 916 2978 adiuvant.
942 2937 1116 2977 Utiliora
1141 2940 1235 2977 sunt
1260 2950 1361 2988 quae
1386 2937 1505 2976 habet
1530 2937 1579 2976 ad
1599 2949 1716 2975 carm.
1737 2948 1751 2973 1
1772 2938 1809 2985 2,
1832 2938 1882 2975 17
