2054 3282
74 741 216 767 FULVII
235 740 309 765 RES

86 789 297 849 AMifflXCIA

333 176 356 215 7
361 175 387 215 2
865 165 1124 202 ANNALIUM
1149 166 1235 200 LIB.
1255 164 1341 199 XIV

1077 283 1127 318 IX

332 352 416 393 396
449 349 604 392 Omnes
637 347 765 391 occisi
797 345 1054 400 obcensique
1084 345 1129 386 in
1158 346 1284 386 nocte
1315 359 1462 386 serena

828 556 1144 600 ANNALIUM
1174 555 1282 599 LIB.
1308 556 1390 599 XV

1100 674 1117 708 Ι

450 736 496 769 Μ,
512 735 661 769 Fulvius
674 734 844 769 Nobilior
859 762 864 767 .
883 762 888 767 .
906 762 912 767 .
928 733 1055 768 consul
1069 733 1221 768 Aetolos
1236 762 1242 768 .
1260 761 1266 767 .
1280 733 1432 779 proeliis
1446 733 1703 778 frequentibus
1722 734 1838 769 victos
1852 736 1890 770 et

332 789 370 823 in
381 788 616 823 Ambraciam
628 787 806 832 oppidum
821 788 968 821 coactos
983 787 1020 820 in
1036 786 1266 821 deditionem
1280 787 1443 832 accepit.
1458 816 1463 822 .
1478 787 1524 822 de
1534 787 1669 831 quibus
1682 787 1888 833 triumpha—

330 842 397 876 vit:
420 852 531 885 quam
550 841 742 875 victoriam
761 851 828 885 per
847 850 885 874 se
904 840 1142 885 magnificam
1162 840 1202 883 Q.
1218 840 1358 875 Ennius
1373 840 1513 876 amicus
1528 840 1606 876 eius
1620 840 1759 886 insigni
1777 840 1889 875 laude

333 894 541 929 celebravit.

333 1027 416 1069 397
451 1026 587 1069 Malos
620 1025 851 1081 defindunt,
882 1026 993 1069 fiunt
1022 964 1216 1068 tainilata
1246 1027 1441 1082 falaeque

333 1193 418 1235 398
452 1192 719 1234 Occumbunt
751 1193 878 1235 multi
908 1193 1043 1236 letum
1074 1131 1273 1248 grroque
1304 1193 1477 1248 lapique

450 1262 539 1306 Aut
570 1264 684 1306 intra
714 1279 858 1307 muros
890 1266 963 1307 aut
995 1266 1116 1306 extra
1145 1264 1341 1320 praecipe
1373 1279 1483 1306 casn.

1087 1369 1138 1404 IV

452 1428 506 1463 De
525 1428 697 1463 Pandaro
724 1430 761 1463 et
779 1429 881 1464 Bitia
906 1429 1160 1474 aperientibus
1186 1430 1313 1474 portas
1333 1429 1436 1464 locus
1462 1430 1637 1474 acceptus
1658 1430 1715 1463 est
1734 1435 1778 1463 ex
1796 1428 1892 1463 libro

334 1482 463 1526 quinto
493 1482 636 1517 decimo
656 1482 767 1516 Ennii
795 1482 859 1527 qui
879 1482 1028 1518 induxit
1046 1483 1192 1518 Histros
1213 1483 1305 1518 duos
1325 1483 1364 1517 in
1385 1482 1579 1518 obsidione
1601 1482 1767 1527 erupisse
1785 1483 1894 1527 porta

334 1536 371 1569 et
390 1536 552 1581 stragem
573 1535 619 1570 de
639 1535 834 1571 obsidente
852 1535 959 1571 hoste
978 1535 1121 1571 fecisse.

452 1677 501 1711 IX
521 1679 616 1723 (396)
654 1678 786 1712 Festus
806 1688 851 1713 ex
871 1689 997 1724 apogr.
1018 1678 1041 1713 1.
1063 1691 1125 1714 mv
1142 1691 1177 1724 p.
1200 1682 1304 1722 236,ss
1323 1678 1390 1713 Th.
1414 1678 1482 1713 ‘ob
1501 1677 1778 1723 praepositione
1799 1677 1895 1712 anti-

336 1742 427 1774 quos
446 1742 533 1765 usos
553 1741 632 1766 esse
645 1742 712 1777 pro
727 1731 775 1766 ad
794 1732 901 1767 testis
922 1733 979 1767 est
991 1731 1133 1767 Ennius
1153 1742 1265 1776 quom
1285 1731 1340 1767 ait
1352 1731 1390 1766 L.
1405 1745 1486 1766 xnn
1507 1742 1656 1767 «omnes
1672 1760 1678 1766 .
1695 1760 1701 1766 .
1719 1760 1725 1765 .
1742 1739 1894 1766 serena»

335 1784 375 1818 id
395 1786 451 1819 est
470 1784 628 1828 accensi,
649 1786 686 1820 et
704 1785 743 1820 in
762 1785 960 1831 Iphigenia
979 1786 1105 1832 [x111].’

454 1867 540 1902 LIB.
555 1867 623 1902 XV
659 1867 676 1902 I
700 1868 872 1903 Aurelius
883 1868 1012 1904 Victor
1025 1869 1071 1903 de
1084 1868 1148 1903 vir.
1161 1868 1294 1903 illustr.
1308 1872 1362 1903 52.
1379 1868 1431 1903 Cf.
1445 1868 1687 1913 Symmachus
1702 1879 1757 1913 ep.
1770 1881 1783 1902 1
1797 1871 1893 1910 20,2.

454 1921 487 1955 H
501 1923 595 1966 (397)
621 1921 764 1957 Nonius
778 1934 812 1967 p.
830 1925 908 1964 114,
922 1925 941 1956 7
958 1921 1078 1957 ‘falae
1091 1924 1210 1957 turres
1224 1923 1310 1957 sunt
1322 1922 1480 1968 ligneae.
1496 1922 1636 1956 Ennius
1653 1921 1716 1956 lib.
1732 1934 1779 1956 xv
1795 1932 1896 1958 «ma-

337 1973 391 2008 los
403 1974 596 2009 defindunt
608 2003 614 2009 .
629 2003 634 2009 .
647 1974 820 2020 falaeque
832 1975 944 2021 (falae
956 1978 1098 2021 quae)».
1111 1975 1204 2010 haec
1215 1977 1301 2010 sunt
1312 1977 1349 2010 et
1359 1975 1398 2010 in
1409 1975 1518 2018 circo,
1530 1986 1626 2019 quae
1641 1975 1742 2020 apud
1755 1975 1896 2009 veteres

338 2029 488 2072 propter
508 2029 734 2073 spectatores
755 2039 775 2064 e
792 2028 906 2074 lignis
927 2029 1192 2074 erigebantur)
1316 2028 1368 2064 Cf.
1390 2028 1528 2064 Paulus
1547 2028 1648 2063 Festi
1667 2041 1702 2073 p.
1720 2032 1776 2071 63,
1792 2032 1811 2062 7
1829 2028 1894 2062 Th.

342 2080 352 2097 ‘
362 2080 460 2115 falae
481 2081 603 2116 dictae
624 2082 671 2117 ab
691 2082 902 2126 altitudine,
917 2093 939 2117 a
952 2082 1091 2125 falado,
1106 2083 1205 2128 quod
1220 2082 1320 2127 apud
1334 2082 1508 2117 Etruscos
1523 2081 1711 2128 significat
1725 2081 1895 2116 eaelum?

457 2134 507 2167 III
521 2136 615 2180 (398)
641 2135 852 2170 Priscianus
865 2149 902 2171 v1
921 2149 956 2181 p.
972 2139 1052 2179 281,
1069 2140 1087 2170 7
1102 2136 1146 2170 H.
1165 2135 1427 2171 ‘vetustissimi
1447 2135 1561 2171 etiam
1580 2134 1766 2180 praecipis
1786 2145 1897 2180 gene-

339 2186 457 2221 tivum
475 2187 539 2231 qui
559 2199 581 2222 a
599 2188 827 2224 nominativo
846 2200 1025 2235 praeceps
1046 2190 1103 2224 est
1121 2189 1324 2224 secundum
1344 2189 1558 2234 analogiam
1575 2187 1797 2223 nominativi
1813 2198 1897 2233 pro-

340 2240 526 2275 tulerunt.
544 2269 549 2274 .
567 2269 572 2275 .
588 2241 728 2277 Ennius
747 2243 788 2277 in
807 2256 854 2278 xv
873 2242 1000 2277 annali
1015 2242 1268 2279 «obcumbunt
1287 2242 1536 2288 (occumbunt)
1553 2254 1599 2276 m.
1615 2241 1732 2277 letum
1747 2241 1899 2286 (loetum

340 2293 398 2327 vel
422 2293 576 2338 laetum)
593 2323 598 2327 .
613 2323 618 2328 .
633 2323 639 2328 .
655 2296 793 2331 casu».'
814 2295 884 2330 Ars
904 2307 1011 2331 anon.
1026 2296 1133 2331 Bern.
1148 2296 1292 2342 Hagen.
1313 2296 1441 2330 anecd.
1456 2295 1559 2330 Helv.
1574 2307 1609 2340 p.
1627 2298 1705 2337 122,
1722 2298 1765 2329 16
1782 2294 1899 2329 ‘anti-

342 2346 406 2391 qui
422 2375 427 2380 .
445 2374 452 2381 .
469 2374 474 2380 .
491 2346 666 2382 dicebant
683 2359 861 2394 praeceps
874 2349 1070 2394 praecipis.
1085 2349 1226 2384 Ennius
1240 2349 1437 2394 «praecipe
1451 2349 1588 2384 casu».’
1687 2348 1899 2382 Priscianus

341 2413 378 2435 v1
396 2411 431 2444 p.
448 2403 527 2442 250,
542 2403 562 2434 9
577 2399 620 2434 Η.
639 2401 899 2437 ‘vetustissimi
918 2404 1044 2438 tamen
1063 2402 1178 2438 etiam
1195 2402 1305 2437 huius
1325 2402 1422 2447 lapis
1435 2401 1678 2447 protulerunt.
1700 2401 1841 2435 Ennius
1861 2401 1899 2435 in

342 2467 389 2488 xv
403 2454 438 2499 (v
452 2452 594 2499 Bamb.)
609 2454 736 2488 annali
750 2456 998 2491 «occumbunt
1013 2469 1060 2490 m.
1075 2456 1192 2491 letum
1206 2455 1358 2501 (loetum
1377 2455 1436 2490 vel
1454 2455 1608 2500 laetum)
1628 2454 1653 2489 f.
1668 2454 1871 2499 lapique».’

460 2506 511 2541 IV
548 2506 757 2542 Macrobius
785 2508 859 2543 Sat.
880 2522 917 2543 v1
938 2513 968 2552 2,
985 2513 1029 2544 30
1051 2510 1062 2526 ‘
1074 2510 1160 2544 sunt
1179 2509 1246 2544 alii
1263 2509 1336 2544 loci
1355 2508 1599 2554 plurimorum
1618 2518 1788 2542 versuum
1807 2518 1899 2551 quos

343 2560 446 2595 Maro
466 2559 505 2595 in
525 2571 617 2605 opus
638 2571 743 2595 suum
758 2573 840 2596 cum
853 2573 1056 2607 paucorum
1069 2562 1328 2598 immutatione
1341 2562 1534 2597 verborum
1549 2572 1571 2596 a
1583 2560 1768 2595 veteribus
1780 2562 1901 2595 trans-

343 2613 432 2649 tulit
447 2642 452 2647 .
470 2642 476 2648 .
494 2642 499 2648 .
520 2613 599 2648 ³¹in
612 2614 796 2659 principio
810 2615 995 2651 Aeneidos
1010 2617 1212 2661 tempestas
1229 2615 1452 2651 describitur
1465 2616 1502 2650 et
1514 2614 1639 2649 Venus
1660 2614 1761 2659 apud
1779 2614 1901 2648 Iovem

465 2786 548 2824 397
571 2785 786 2824 diffindunt
798 2785 968 2832 Merula,
989 2789 1090 2835 quod
1107 2799 1186 2826 non
1203 2788 1340 2826 melius
1360 2798 1476 2836 quam
1495 2785 1697 2824 defindunt
1717 2786 1903 2823 librorum

346 2845 593 2893 intelliyitur;
610 2846 746 2884 malim
764 2845 961 2896 defig1mt‚·
979 2848 1094 2886 malis
1115 2848 1216 2886 enim
1233 2848 1372 2895 defixis
1389 2846 1478 2895 fieri
1488 2847 1656 2895 possum
1674 2845 1849 2884 tabulata
1868 2846 1904 2883 et

339 2915 415 2952 per
434 2904 610 2944 tabulata
630 2906 774 2944 eoestruz·
791 2905 898 2953 falae
