2004 3278
294 189 458 226 CXXXII
851 187 877 224 Ι.
903 187 1131 224 HISTORIA
1151 187 1291 224 ENNn

293 303 390 341 teris
416 314 496 340 non
520 302 662 339 leviter
685 300 875 350 imbutus,
906 300 1144 350 explanavit.
1178 300 1256 339 Sed
1280 313 1381 351 quae
1407 300 1601 341 Columna
1627 314 1704 340 una
1737 313 1859 352 opera

296 362 474 411 principe
499 361 707 409 poetarum
732 359 925 410 perdigna
944 360 1170 410 complexus
1190 361 1288 409 erat,
1313 373 1361 399 ea
1379 360 1525 399 accidit
1543 360 1683 400 deinde
1702 363 1748 399 ut
1765 373 1856 411 par·

294 421 381 458 titis
407 420 510 457 curis
535 420 815 457 tractarentur.
846 418 905 457 Ac
933 418 1230 469 tragoediarum
1255 419 1416 469 quidem
1439 420 1628 470 reliquias
1654 420 1857 459 Ennianas

292 491 371 517 non
396 478 501 517 solas
527 478 595 516 sed
619 490 686 516 eas
712 490 800 516 cum
825 479 1046 516 ceterorum
1074 479 1282 528 poetarum
1307 478 1552 529 tragicorum
1570 478 1748 518 versibus
1768 491 1858 518 con-

292 539 461 586 iunctas,
487 537 778 587 Stephanorum
797 538 924 588 magis
944 537 1133 587 exemplo,
1157 537 1354 576 Martinus
1373 538 1570 577 Antonius
1589 538 1748 577 Delrius
1768 538 1807 577 S.
1826 538 1856 576 Ι.

295 609 319 634 a
339 609 379 635 se
398 597 620 647 recognitas
639 596 870 646 publicavit.
893 595 1015 635 Cuius
1033 595 1248 646 Syntaqma
1266 597 1485 645 tragoediae
1503 597 1675 636 Latinae
1693 610 1727 635 a.
1745 598 1856 637 1593

292 656 443 694 editum
473 658 513 694 et
543 656 700 705 saepius
730 656 959 707 repetitum,
990 655 1032 693 in
1062 658 1142 694 tres
1167 658 1301 706 partes
1327 655 1595 705 distributum,
1620 656 1793 695 secunda
1817 658 1858 695 et

294 716 416 754 tertia
442 714 613 754 Senecae
642 715 870 765 tragoedias
902 717 942 753 et
972 716 1015 752 in
1044 727 1111 753 eas
1137 715 1452 764 commentarios,
1481 715 1524 753 in
1547 715 1677 766 prima
1700 717 1860 765 praeter

291 775 572 825 prolegomena
598 774 794 823 quaedam
819 775 1059 823 Fraymenta
1083 777 1252 813 veterum
1277 776 1512 823 trayicorwm
1541 776 1581 812 et
1607 774 1858 823 opinationes

291 835 335 871 in
368 834 501 872 eadem
526 833 712 882 continet,
744 845 823 871 non
847 833 1047 871 inutiliter
1072 834 1266 872 collocata
1291 846 1410 884 opera
1435 833 1502 872 sed
1527 834 1575 871 ut
1599 834 1641 872 in
1665 833 1858 872 Ennianis

293 892 451 941 quidem
470 905 550 931 non
568 893 741 930 multum
759 893 854 930 novi
873 894 944 930 aut
962 893 1157 943 ingeniosi
1176 893 1393 931 afferretur.
1419 892 1483 931 Ad
1502 893 1707 931 annalium
1726 894 1857 931 autem

291 951 586 990 restitutionem
618 952 743 990 solam
774 951 922 990 Paulus
953 952 1107 990 Merula
1138 951 1314 991 Batavus
1347 951 1520 991 studiose
1552 952 1751 1001 incubuit,
1790 952 1858 1001 qui

294 1010 395 1049 libro
422 1012 559 1061 spisso,
585 1023 703 1060 quem
730 1023 763 1048 a.
787 1011 898 1049 1595
919 1011 993 1049 hac
1012 1011 1266 1061 inscriptione
1285 1011 1520 1062 insignitum
1539 1011 1664 1050 edidit
1684 1011 1726 1060 Q.
1746 1011 1858 1050 Enni

285 1072 423 1118 poetae
447 1082 534 1109 cum
552 1072 698 1118 primis
721 1070 899 1108 censendi
918 1071 1124 1109 annalium
1142 1071 1230 1109 libb.
1251 1083 1359 1108 xvm
1374 1082 1472 1119 quae
1491 1071 1599 1119 apud
1616 1072 1748 1109 varios
1767 1082 1857 1109 auc-

292 1132 390 1167 tores
413 1132 602 1178 superant
624 1130 845 1178 fraqmenta
869 1130 1035 1168 conlecta
1062 1131 1270 1177 composita
1288 1130 1498 1168 inlustrata
1524 1130 1573 1168 ab
1591 1130 1732 1168 Paullo
1748 1129 1794 1168 G.
1808 1130 1857 1168 F.

293 1188 337 1226 P.
358 1188 410 1226 N.
430 1189 593 1226 Merula
611 1190 679 1236 qui
698 1189 831 1227 eadem
848 1189 936 1235 fixit
954 1189 1099 1227 dicavit
1114 1190 1288 1228 sacravit
1304 1188 1344 1227 S.
1363 1189 1408 1226 P.
1429 1188 1470 1237 Q.
1490 1189 1744 1227 Dordfraceno
1763 1189 1788 1226 l.
1807 1201 1856 1226 m.

292 1247 483 1295 Luydwni
508 1247 764 1292 Batavorum,
789 1247 863 1285 hoc
887 1247 1098 1297 praecipue
1124 1249 1217 1299 egit,
1251 1249 1297 1285 ut
1322 1249 1362 1285 et
1392 1247 1488 1286 fines
1521 1247 1713 1285 librorum
1744 1249 1785 1286 et
1814 1248 1857 1285 in

293 1306 460 1357 singulis
501 1318 687 1344 versuum
724 1306 901 1344 ordinem
932 1306 1003 1356 qui
1035 1307 1176 1346 fuisset
1205 1308 1456 1357 recuperaret
1487 1319 1612 1356 eaque
1644 1319 1745 1356 quae
1782 1305 1857 1345 sibi

292 1364 399 1404 visus
431 1366 491 1403 est
522 1367 722 1404 assecutus
754 1377 837 1404 esse
868 1366 1059 1404 historica
1088 1365 1165 1404 fide
1190 1366 1413 1404 illustraret
1438 1368 1478 1404 et
1503 1365 1768 1405 confirmaret:
1795 1366 1858 1403 cui

291 1424 348 1462 rei
378 1424 546 1463 inservit
577 1424 681 1474 quod
713 1425 955 1474 explicandis
990 1425 1158 1475 singuiis
1195 1426 1399 1464 historiam
1436 1438 1555 1475 quam
1592 1425 1706 1474 dicit,
1744 1425 1857 1474 quasi

290 1483 487 1533 quoddam
514 1495 701 1522 versuum
725 1484 1115 1534 interpretandorum
1141 1486 1430 1535 argumentum,
1462 1486 1716 1535 praemittere
1745 1484 1876 1533 solet„

292 1542 340 1580 In
366 1555 445 1592 qua
470 1543 599 1593 operis
624 1545 738 1593 parte
763 1543 822 1581 ita
847 1545 1027 1581 versatus
1053 1545 1124 1592 est,
1155 1546 1201 1582 ut
1225 1556 1315 1582 cum
1343 1545 1445 1582 esset
1469 1544 1586 1583 homo
1613 1543 1792 1582 eruditus
1818 1544 1858 1581 et

292 1603 430 1640 acutus
455 1602 585 1640 multa
610 1602 731 1651 probe
757 1604 797 1640 et
822 1603 977 1653 egregie
998 1602 1306 1652 administraret,
1330 1603 1398 1641 sed
1417 1616 1496 1652 qua
1515 1604 1602 1641 erat
1620 1602 1857 1642 confidentia

292 1663 334 1698 et
358 1661 604 1699 coniectandi
630 1661 794 1699 libidine
818 1673 898 1699 non
922 1673 1013 1700 raro
1036 1674 1060 1699 a
1078 1673 1171 1700 vero
1190 1662 1348 1712 longius
1369 1661 1571 1700 aberraret
1589 1663 1629 1700 et
1646 1674 1719 1712 pro
1739 1661 1856 1701 certis

291 1719 517 1758 venditaret
542 1733 642 1770 quae
667 1720 732 1758 vix
758 1732 841 1758 esse
866 1720 1088 1769 probabilia
1113 1716 1339 1774 largiare.*)
1365 1719 1442 1765 Qui
1465 1721 1635 1771 proximi
1661 1722 1753 1759 sunt
1771 1733 1857 1766 mu-

292 1779 389 1817 tatis
413 1779 595 1829 partibus
619 1791 756 1818 rursus
782 1780 823 1817 in
849 1779 1074 1830 tragoedias
1100 1780 1167 1818 sed
1192 1792 1271 1819 non
1293 1780 1421 1818 solum
1439 1780 1559 1818 Ennii
1577 1792 1717 1818 verum
1737 1780 1855 1818 simul

291 1840 509 1876 ceterorum
545 1838 790 1889 tragicorum
820 1851 955 1877 curam
989 1838 1285 1888 impenderunt:
1324 1838 1466 1877 Petrus
1501 1840 1606 1877 enim
1638 1838 1856 1877 Scriverius

293 1896 533 1936 Colleetanea
551 1900 720 1936 veterum
738 1899 973 1947 tragicorum
992 1898 1042 1936 L.
1056 1898 1167 1936 Livii
1184 1897 1405 1937 Andronici
1425 1898 1467 1947 Q.
1481 1899 1608 1937 Ennii
1629 1898 1698 1937 Cn.
1712 1898 1857 1937 Naevii

290 1957 349 1994 M.
369 1957 535 1995 Pacuvii
553 1957 602 1994 L.
622 1955 723 1995 Attii
747 1957 988 2005 aliorumque
1017 1958 1239 2006 fragmenta
1270 1960 1304 1995 et
1333 1959 1438 1996 cirea
1465 1959 1554 2006 ipsa
1583 1960 1695 1995 notas
1727 1958 1856 1996 breves

291 2015 416 2053 edidit
440 2015 626 2067 Lugduni
650 2016 790 2054 Batav.
813 2029 846 2053 a.
870 2017 996 2065 1620,
1027 2017 1169 2066 quibus
1195 2016 1354 2054 additae
1379 2018 1471 2055 sunt
1496 2016 1689 2067 singulari
1719 2016 1855 2054 libello

293 2074 573 2123 Oasliyationes
593 2078 626 2113 el
643 2078 757 2114 notae
774 2076 970 2114 uberiores
992 2075 1162 2114 Gerardi
1180 2076 1347 2114 Ioammis
1374 2076 1512 2120 Vossii,
1531 2076 1600 2125 qui
1620 2075 1733 2125 quasi
1753 2088 1854 2113 com-

290 2134 532 2172 mentarium
558 2134 740 2172 criticum
766 2134 817 2172 ad
841 2146 976 2173 versus
997 2147 1020 2172 a
1041 2134 1236 2173 Scriverio
1256 2135 1440 2173 collectos
1460 2136 1501 2172 et
1519 2134 1731 2185 dispositos
1751 2134 1855 2172 adie—

291 2193 354 2242 cit,
386 2193 419 2232 is
452 2193 614 2242 quidem
646 2206 690 2232 eo
723 2206 914 2242 successu,
945 2195 991 2231 ut
1021 2194 1068 2232 de
1100 2194 1353 2232 emendandis
1385 2193 1562 2232 versibus
1587 2193 1762 2245 tragicis,
1796 2194 1855 2231 in-

290 2253 429 2301 primis
449 2252 654 2302 Ennianis,
680 2252 828 2303 optime
847 2252 1037 2291 meruisse
1057 2253 1272 2292 censendus
1292 2254 1354 2291 sit.
1381 2253 1660 2304 Progrediente
1679 2254 1855 2302 tempore

291 2324 369 2349 non
396 2311 522 2350 defuit
546 2313 616 2362 qui
642 2310 856 2350 Columnae
882 2325 980 2361 opus
1005 2312 1133 2350 Ennio
1160 2313 1233 2351 soli
1259 2312 1326 2350 sed
1357 2313 1434 2351 toti
1465 2312 1640 2350 dicatum
1670 2312 1856 2362 prudenti

291 2370 454 2409 consilio
490 2372 759 2410 instauratum
797 2384 843 2409 ex
874 2372 1041 2410 raritate
1078 2384 1158 2421 qua
1188 2372 1275 2409 erat
1306 2371 1434 2409 denuo
1467 2371 1703 2422 divulgaret.
1743 2369 1855 2416 Quod

410 2483 441 2528 *)
465 2483 603 2519 Versus
629 2483 824 2518 annalium
849 2483 930 2519 sola
954 2484 1122 2519 Merulae
1146 2483 1219 2518 fide
1243 2484 1473 2538 propagatos
1498 2493 1546 2517 ne
1574 2494 1672 2517 nunc
1703 2482 1854 2527 quidem

291 2529 411 2573 omisi,
425 2530 490 2564 sed
509 2532 552 2566 ut
571 2531 661 2565 olim
681 2532 895 2576 segregatos
916 2541 938 2566 a
958 2531 1091 2566 ceteris
1110 2542 1158 2566 ne
1177 2541 1261 2566 cum
1274 2531 1369 2565 veris
1382 2530 1626 2565 miscerentur
1642 2531 1691 2575 (p.
1707 2533 1776 2564 240
1785 2531 1853 2574 sq.)

291 2577 403 2612 edidi.
430 2577 568 2612 Versus
594 2579 693 2613 enim
718 2589 792 2613 non
818 2578 914 2613 desii
938 2589 1005 2623 pro
1031 2578 1136 2613 falsis
1162 2580 1201 2613 et
1221 2578 1317 2613 fictis
1336 2577 1486 2621 habere,
1511 2577 1577 2612 sed
1595 2576 1808 2611 Merulam
1797 2588 1854 2621 ip-

291 2636 373 2659 sum
397 2625 495 2659 hanc
520 2624 690 2660 fraudem
715 2625 904 2670 peperisse
929 2626 1081 2670 probari
1106 2636 1180 2660 non
1204 2626 1329 2670 potest
1350 2635 1471 2670 neque
1490 2624 1628 2659 iniuria
1647 2634 1766 2669 nuper
1783 2624 1854 2658 hoc

294 2671 448 2707 crimine
473 2671 632 2707 liberare
658 2672 839 2708 editorem
864 2672 1009 2707 studuit
1032 2672 1072 2707 P.
1087 2673 1113 2707 I.
1127 2672 1282 2708 Blokius
1306 2671 1493 2717 professor
1510 2671 1703 2706 Leidensis
1726 2671 1791 2715 qui
1816 2672 1855 2705 et

292 2718 424 2763 lingua
443 2719 616 2754 Batava‘
605 2731 645 2754 m
661 2719 859 2765 Bydrayen
877 2730 962 2755 voor
980 2720 1260 2755 vaderlandsche
1302 2719 1516 2755 eschiedenis
1529 2732 1541 2752 1
1558 2722 1575 2752 1
1591 2719 1712 2763 (1899)
1732 2730 1768 2763 p.
1785 2721 1852 2753 116

290 2766 334 2801 de
357 2767 722 2812 yeloofwaardiyheid
746 2778 820 2802 van
844 2768 1004 2802 Paullus
1024 2768 1174 2802 Merula
1199 2778 1241 2802 co
1353 2768 1456 2801 atum
1481 2766 1550 2800 ivit
1575 2767 1613 2799 et
1636 2764 1750 2809 paulo
1769 2776 1836 2809 pos
1821 2766 1855 2798 st

290 2812 424 2848 Latine
454 2813 660 2848 Hartmano
691 2813 896 2858 interprete
926 2815 966 2848 in
994 2814 1235 2858 Mnemosyne
1266 2813 1496 2848 bibliotheca
1525 2811 1756 2857 philologica
1782 2812 1853 2846 Ba-

290 2862 378 2894 tava
397 2872 615 2895 n.s.xxvn1
635 2864 756 2906 (1900)
781 2862 824 2896 de
842 2862 1057 2907 fraymentis
1076 2863 1267 2897 Ennianis
1285 2873 1309 2896 a
1329 2861 1463 2896 Paullo
1484 2861 1633 2895 Merula
1652 2860 1759 2895 editis
1778 2859 1853 2893 dis-

291 2907 415 2942 seruit.
