2004 3278
270 198 326 234 CL
773 195 817 230 H.
845 194 908 229 DE
927 193 1082 230 LIBRIS
1101 192 1333 229 ENNIAMS

269 313 343 348 tur.
369 310 430 347 hic
453 309 558 346 locus
582 309 681 345 totus
705 309 882 355 sumptus
907 318 932 345 a
956 305 1108 345 Naevio
1132 308 1187 345 est
1210 317 1255 345 ex
1276 306 1407 354 primo
1437 306 1535 345 libro
1566 306 1656 346 belli
1678 307 1831 347 Punici.

268 368 406 417 Neque
430 369 575 415 tamen,
601 366 789 416 quoniam
814 378 894 404 11011
914 364 1057 404 desunt
1074 366 1117 403 in
1137 378 1183 403 ea
1201 366 1429 404 narratione
1447 365 1619 417 Vergilii
1638 366 1832 416 quaedam

270 427 318 466 ab
345 426 473 464 Ennio
500 425 743 476 deprompta,
780 425 829 463 ab
854 424 929 464 hac
952 425 1066 474 parte
1091 425 1251 463 omnino
1275 436 1369 463 usus
1394 425 1477 464 eius
1507 427 1648 475 poetae
1680 426 1831 464 alienus

270 488 340 524 est.
364 485 441 523 Vel
464 485 535 524 hos
561 496 696 523 versus
721 484 901 532 Iuppiter
924 485 986 523 hic
1009 485 1099 522 risit
1128 486 1435 532 tempestatesque
1464 495 1621 524 serenae
1645 484 1834 524 Riserunt

269 556 398 583 onmes
428 546 514 583 risu
544 544 652 582 Iovis
686 545 953 592 omnipotentis
985 537 1093 596 (ann.
1119 542 1187 581 lib.
1213 543 1288 581 inc.
1313 537 1379 596 111)
1412 543 1509 593 quid
1537 543 1706 594 impedit
1737 556 1832 594 quo-

269 605 399 642 minus
426 603 549 641 simili
573 616 675 641 nexu
701 603 797 641 olim
817 602 923 653 apud
941 602 1115 641 Ennium
1133 601 1291 641 habitos
1311 603 1591 652 existimemus,
1615 615 1693 653 quo
1711 604 1832 653 paulo

268 663 475 714 politiores
499 664 638 712 postea
662 661 863 712 Vergilius
889 663 1061 700 intexuit
1084 661 1182 700 Aen.
1202 674 1217 699 1
1237 662 1321 700 254
1329 675 1385 711 sq.
1406 662 1473 700 olli
1490 662 1694 701 subridens
1712 663 1832 702 homi-

267 735 364 761 num
381 725 488 761 sator
506 725 619 771 atque
637 722 795 760 deorum
813 722 935 766 vultu,
954 733 1027 770 quo
1047 722 1196 760 eaelum
1214 724 1522 770 tempestatesque
1535 719 1713 760 serenat?
1735 720 1831 760 Cum

270 783 476 832 praeterea
497 794 517 819 0
535 782 663 832 primo
685 781 821 819 annali
840 781 955 819 allati
974 780 1119 819 diserte
1137 792 1272 819 versus
1293 774 1391 834 (xv1.
1411 775 1514 834 xvn)
1535 780 1832 820 descendentem

272 841 320 879 (10
346 839 516 890 Olympo
541 840 735 878 Venerem
760 840 966 891 designare
997 840 1235 888 viderentur,
1260 839 1351 878 inde
1379 841 1475 879 nata
1506 841 1732 879 coniectura
1763 842 1833 890 est,

270 900 303 939 si
322 912 400 938 non
419 900 537 949 plane
558 901 664 938 certa
677 902 811 938 tamen
824 899 930 937 haud
942 899 1229 950 improbabilis,
1249 901 1289 938 et
1301 900 1560 949 tempestatis,
1582 912 1660 949 qua
1676 900 1832 939 Aeneas

271 959 377 1009 apud
401 959 624 1009 Vergilium
650 959 836 1008 defertur,
861 960 903 997 in
929 958 1138 998 annalibus
1165 971 1321 1009 quoque
1345 959 1585 998 mentionem
1609 972 1681 998 1100
1706 959 1831 998 Vene-

268 1019 324 1057 ris
349 1018 478 1056 nullas
503 1019 547 1056 in
571 1030 616 1057 eo
641 1019 783 1057 itinere
809 1020 942 1068 partes
966 1019 1101 1057 fuisse.
1133 1017 1190 1056 At
1219 1018 1353 1068 potuit
1382 1018 1479 1057 haec
1504 1018 1626 1056 Ennii
1655 1019 1832 1058 narratio

269 1077 441 1115 multum
472 1077 627 1116 differre
660 1077 708 1115 ab
741 1090 803 1126 eo,
839 1091 955 1128 quem
979 1078 1180 1129 Vergilius
1213 1079 1369 1116 secutus
1402 1079 1478 1126 est,
1508 1077 1679 1127 Naevio,
1710 1079 1756 1116 ut
1786 1091 1833 1117 ea

270 1136 439 1186 suspicio
465 1138 628 1186 propter
651 1137 896 1176 Macrobium
921 1149 1000 1175 non
1025 1138 1226 1175 evertatur
1250 1137 1428 1175 omnino:
1459 1137 1569 1175 velut
1594 1136 1641 1175 de
1666 1137 1834 1186 Didone,

271 1208 370 1246 quae
401 1198 488 1234 tota
512 1196 719 1234 Naeviana
751 1198 821 1244 est,
853 1196 1027 1234 Ennium
1051 1197 1149 1246 puto
1174 1196 1276 1234 nihil
1306 1195 1535 1245 tradidisse3
1566 1196 1833 1248 fragmentum

271 1255 431 1305 quidem
455 1256 520 1293 vel
543 1256 828 1304 testimonium,
854 1268 931 1305 quo
959 1268 1045 1294 eam
1068 1268 1152 1293 rem
1178 1256 1346 1304 evincas,
1371 1268 1450 1294 non
1473 1257 1612 1304 exstat,
1631 1256 1710 1295 nisi
1728 1256 1835 1306 quod

268 1315 416 1353 Poenos
441 1314 596 1353 Didone
621 1315 807 1353 oriundos
833 1309 876 1367 (2
884 1309 957 1368 90)
985 1315 1163 1365 appellat
1193 1316 1232 1353 et
1263 1315 1472 1354 historiam
1500 1313 1752 1366 Carthaginis
1784 1315 1833 1354 ab

270 1374 423 1425 origine
448 1374 611 1423 repetiit
635 1374 677 1411 in
703 1375 881 1423 septimo.

386 1432 562 1471 Advenit
586 1432 740 1471 Aeneas
765 1434 808 1471 in
833 1433 1011 1471 Italiam:
1037 1433 1296 1484 designantur
1321 1434 1403 1472 eius
1428 1434 1558 1472 terrae
1580 1434 1679 1472 situs
1705 1435 1745 1472 et
1774 1435 1833 1472 in-

270 1491 378 1530 colae
396 1493 687 1542 pristinumque
705 1504 849 1531 nomen
869 1492 1045 1531 adfertur
1065 1486 1194 1545 (xvm.
1210 1504 1289 1530 m.
1304 1504 1370 1530 xx.
1383 1486 1533 1546 xxvn):
1554 1505 1655 1543 quae
1675 1493 1834 1543 quidem

270 1550 433 1589 dubium
459 1552 519 1589 est
544 1551 592 1588 ab
618 1552 756 1601 ipsone
780 1553 899 1601 poeta
924 1552 1107 1590 dicantur
1133 1564 1183 1590 an
1209 1551 1257 1590 ab
1284 1552 1364 1591 alio
1388 1553 1519 1591 nescio
1546 1564 1623 1601 quo
1643 1552 1833 1602 (111011110-

270 1612 456 1660 quentem
481 1610 655 1648 inducat.
688 1610 736 1648 1n
760 1610 933 1649 Aeneide
952 1623 967 1648 1
988 1611 1072 1649 530
1098 1610 1272 1650 Ilioneus
1297 1611 1454 1649 Aeneae
1486 1612 1613 1651 socius
1645 1614 1700 1650 est
1729 1612 1834 1651 locus

269 1670 413 1719 inquit,
438 1670 672 1718 Hesperiam
694 1669 795 1709 Grai
813 1672 1034 1718 coqnemine
1058 1670 1202 1715 dicunt,
1227 1673 1332 1709 terra
1357 1672 1530 1719 antiqua,
1547 1673 1686 1719 potens
1711 1673 1834 1710 armis

271 1731 383 1776 atque
406 1729 521 1767 ubere
541 1729 685 1778 ylebaa
716 1728 871 1767 Oenotri
895 1729 1042 1768 coluere
1071 1731 1150 1768 viri
1159 1743 1174 1776 ,·
1202 1741 1307 1768 nune
1336 1731 1448 1778 fama
1478 1731 1646 1769 minores
1670 1730 1834 1769 Italiam

271 1788 414 1826 dixisse
438 1788 549 1826 ducis
574 1788 620 1826 de
643 1789 798 1827 nomine
819 1791 989 1837 ,qentem,·
1012 1789 1074 1827 hic
1098 1800 1235 1827 cursus
1259 1790 1355 1837 fuit3
1387 1789 1571 1827 similiter
1588 1801 1633 1827 111
1656 1790 1738 1828 163
1748 1802 1831 1840 sqq.

270 1846 516 1896 Hesperiam,
541 1848 713 1896 priscam
731 1847 874 1886 Italiae
895 1848 1214 1898 appellationem,
1234 1848 1386 1887 Ennius
1407 1861 1430 1886 a
1450 1846 1610 1887 Graecis
1629 1851 1832 1888 mutuatus

270 1905 438 1955 videtur,
458 1906 569 1944 velut
581 1905 822 1957 Agathyllus
840 1909 959 1957 poeta
971 1906 1096 1945 Arcas
1117 1907 1223 1957 apud
1235 1907 1472 1956 Dionysium
1490 1907 1620 1946 Halic.
1634 1921 1648 1945 1
1663 1909 1730 1957 49,
1746 1910 1769 1946 2
1786 1908 1834 1947 de

270 1964 405 2004 Aenea
436 1965 574 2004 scribit
606 1964 722 2012 αὐτὸς
755 1960 791 2004 δ’
815 1962 1026 2017 Ἑσπερίην
1057 1964 1169 2004 ἔσυτο
1200 1961 1383 2019 χθόνα.*)
1416 1966 1476 2005 De
1506 1967 1647 2017 priscis
1677 1966 1833 2006 Latinis

272 2018 393 2077 (mx),
420 2025 607 2074 quoniam
626 2037 704 2063 non
723 2036 883 2075 possum
901 2025 999 2064 haec
1017 2024 1235 2075 primordia
1254 2025 1362 2064 urbis
1382 2025 1530 2064 Romae
1550 2038 1733 2065 enarrare
1752 2027 1833 2076 ple-

270 2084 372 2132 nius,
403 2084 500 2122 satis
533 2084 586 2122 sit
615 2096 852 2124 memorasse
876 2084 1047 2123 Paulum
1071 2085 1180 2124 Festi
1210 2086 1270 2124 ita
1301 2084 1496 2124 dicentem
1520 2099 1557 2135 p.
1580 2085 1676 2134 282,
1697 2086 1832 2124 30Th.

264 2144 391 2191 prisci
403 2142 544 2182 Latini
560 2145 723 2192 proprie
742 2144 928 2193 appellati
946 2147 1038 2183 sunt
1054 2144 1096 2183 hi
1114 2145 1181 2193 qui
1192 2145 1311 2193 prius
1330 2156 1447 2193 quam
1466 2145 1689 2184 conderetur
1707 2145 1835 2183 Roma

389 2254 419 2300 *)
444 2255 634 2302 Vergilius
654 2256 768 2291 etiam
787 2258 936 2302 praeter
953 2256 1038 2292 illos
1058 2267 1170 2302 supra
1190 2257 1324 2292 citatos
1343 2267 1468 2292 versus
1483 2257 1704 2303 Hesperiam
1723 2267 1834 2303 saepe

272 2301 488 2347 appellavit,
514 2303 616 2338 velut
638 2303 733 2339 haec
752 2304 909 2339 Didonis
936 2305 1022 2339 sunt
1040 2304 1131 2339 Aen.
1151 2317 1165 2338 1
1179 2307 1247 2339 569
1266 2315 1329 2348 seu
1347 2315 1408 2340 vos
1428 2306 1644 2350 Hesperiam
1662 2317 1834 2351 maynam

273 2350 578 2396 Saturniaque
602 2362 712 2386 arva
735 2352 808 2387 sive
833 2353 969 2397 Erycis
998 2353 1088 2396 fines
1119 2363 1302 2398 reyemque
1326 2353 1462 2396 optatis
1480 2353 1643 2396 Acesten,
1669 2354 1707 2387 et
1724 2356 1832 2387 11781

271 2397 311 2432 in
331 2396 489 2432 Creusae
502 2398 679 2433 vaticinio
693 2403 726 2434 et
738 2403 871 2434 terram
885 2400 1100 2444 Hesperiam
1112 2400 1241 2442 venies,
1260 2400 1326 2434 ubi
1338 2400 1484 2445 Lydius
1499 2411 1591 2435 arva
1603 2401 1698 2436 inter
1711 2401 1834 2445 opima

271 2446 391 2480 virum
417 2445 490 2480 leni
512 2447 597 2491 fluit
620 2447 764 2491 aymine
788 2447 945 2492 Thybris
964 2446 1024 2491 (cf.
1046 2457 1129 2482 ann.
1152 2447 1251 2491 173);
1276 2447 1316 2481 et
1336 2446 1517 2481 Anchises
1538 2446 1584 2481 de
1604 2446 1834 2482 Cassandrae

271 2491 450 2527 vaticinio
469 2505 512 2526 111
527 2495 595 2527 184
620 2504 719 2528 nune
742 2497 859 2539 repeto
883 2494 970 2529 haec
993 2495 1115 2539 yeneri
1132 2493 1346 2539 portendere
1370 2493 1491 2529 debita
1515 2498 1637 2529 nostro
1667 2498 1701 2529 et
1729 2505 1834 2539 saepe

272 2539 503 2584 Hesperiam,
528 2550 632 2585 saepe
655 2540 781 2576 Itala
805 2552 849 2576 re
855 2552 941 2586 yna
966 2552 1102 2584 vocare,
1128 2540 1174 2575 al.
1201 2540 1332 2585 Itaque
1357 2539 1499 2575 Ennius
1526 2551 1673 2584 quoque
1698 2541 1832 2586 Hespe-

272 2588 368 2622 riam
392 2598 503 2631 quam
525 2588 694 2622 mortales
713 2588 951 2632 perhibebant
976 2588 1099 2623 dicere
1122 2589 1287 2633 poterat:
1315 2587 1360 2622 cf.
1381 2598 1464 2622 ann.
1479 2590 1548 2622 409
1568 2599 1720 2624 arcus..
1740 2599 1833 2623 mor-

272 2635 408 2669 talibus
432 2645 524 2678 quae
542 2635 789 2678 perhibentur.
814 2634 973 2670 Dicendi
999 2646 1116 2680 genus
1141 2636 1213 2671 Est
1238 2636 1335 2671 loeus
1359 2645 1443 2669 cum
1468 2634 1718 2680 descriptione
1737 2646 1834 2680 quae

274 2680 410 2715 deinde
435 2681 653 2726 pronomine
677 2682 747 2717 huc
765 2681 823 2716 vel
841 2683 918 2718 {llic
942 2682 1137 2728 excipitur,
1164 2682 1264 2726 quod
1288 2693 1363 2717 non
1389 2692 1532 2726 semper
1555 2684 1655 2717 recte
1675 2682 1834 2718 iudicari

272 2727 391 2770 video,
417 2727 591 2773 frequens
615 2727 689 2762 fuit
712 2730 790 2763 tam
817 2729 918 2774 apud
938 2728 1096 2764 Graecos
1122 2729 1179 2764 vel
1204 2729 1292 2764 inde
1315 2729 1361 2764 ab
1380 2728 1587 2764 Homericis
1608 2729 1833 2764 carminibus

275 2773 491 2819 (Od.1v844
511 2775 585 2810 ἔστι
611 2774 652 2811 δέ
678 2788 734 2816 τις
758 2781 938 2821 νῆσος...
959 2781 1003 2823 τῇ
1029 2775 1094 2812 τόν
1120 2790 1160 2821 γε
1186 2775 1315 2821 pte-‘vom
1347 2776 1387 2810 Il.
1410 2789 1437 2810 11
1458 2779 1524 2810 811
1552 2775 1627 2811 ἔστι
1659 2775 1701 2812 δέ
1730 2790 1831 2817 τις..

274 2822 403 2856 αἰπεῖα
428 2823 639 2867 κολώνη...
662 2822 759 2858 ἔνθα
782 2821 881 2866 ‘cdv-93
906 2824 1078 2868 Aeschyl.
1099 2823 1217 2859 Prom.
1239 2825 1322 2869 844)
1348 2834 1459 2868 quam
1485 2823 1585 2868 apud
1610 2825 1741 2868 poetas
1761 2824 1834 2858 Ro-

272 2879 402 2904 manos
434 2868 552 2913 (Ovid.
573 2869 657 2904 fast.
678 2874 786 2904 11491
813 2874 865 2906 est
895 2872 1008 2914 locus,
1033 2872 1179 2916 antiqui
1206 2871 1364 2916 Capreae
1385 2871 1506 2906 dixere
1525 2871 1717 2915 paludem.-
1741 2871 1834 2914 forte

273 2917 347 2952 tuis
371 2917 470 2952 illic
484 2943 492 2952 .
507 2943 515 2952 .
535 2918 621 2953 iwra
645 2917 784 2962 dabas).
