2020 3334
328 215 390 250 XL
882 213 908 247 Ι.
935 211 1164 248 HISTORIA
1187 211 1320 247 ENNI]

325 329 477 366 sanctos
509 321 601 378 (inc.
628 319 716 378 XIX)
749 324 970 374 appellatos
1004 318 1071 376 (8,
1094 319 1187 377 18),
1224 324 1292 363 sed
1328 325 1435 362 hunc
1463 322 1612 374 ipsum,
1647 325 1786 374 utpote
1818 325 1886 374 qui

327 387 523 424 clarorum
559 385 735 422 virorum
770 383 906 422 laudes
945 383 1149 422 cecinisset
1188 377 1248 435 (in
1280 382 1488 422 annalibus
1518 385 1703 433 maxime,
1739 383 1884 426 intelli-

327 445 467 495 gimus,
498 457 591 481 nam
616 442 751 481 Cicero
782 455 861 481 non
892 442 1005 492 dicit)
1041 455 1086 482 ac
1110 455 1180 492 per
1205 454 1270 481 eos
1294 441 1468 492 patriam
1491 442 1619 492 ipsam
1643 456 1722 482 non
1746 442 1888 482 leviter

328 503 574 551 celebrasset,
605 502 806 540 Rudinum
835 503 1034 541 hominem
1064 502 1205 540 merito
1238 502 1332 540 olim
1363 501 1405 538 in
1436 500 1637 541 civitatem
1666 502 1887 541 Romanam

327 564 529 612 receptum
574 574 657 600 esse
695 556 790 615 (10,
817 556 911 613 22),
952 562 1113 611 poetam
1157 574 1245 599 eum
1288 574 1366 611 quo
1412 562 1552 599 comite
1595 561 1757 600 Fulvius
1798 574 1887 600 cum

327 622 480 660 Aetolis
510 621 696 660 bellasset
727 616 815 673 (11,
837 615 923 673 27).
958 619 1015 658 Of.
1047 633 1135 658 ann.
1168 633 1227 658 ΧΠ
1256 621 1302 658 fr.
1330 633 1371 660 1v
1397 621 1436 658 et
1460 633 1534 659 v111
1565 621 1605 659 et
1636 633 1736 670 quae
1767 633 1887 670 supra

326 695 362 731 p.
383 693 456 718 xm
469 693 525 730 sq.
546 682 724 730 exposita
743 682 845 718 sunt.
871 680 1077 718 Murenam
1102 683 1237 718 autem
1262 680 1472 718 defendens
1494 674 1547 732 (a.
1570 674 1675 732 691)
1700 681 1743 717 in
1763 693 1886 729 eaque

328 741 506 778 oratione
542 740 782 778 accusatoris
821 739 901 777 Ser.
935 739 1103 788 Sulpicii
1139 739 1409 777 iurisconsulti
1446 750 1564 777 causa
1600 740 1697 777 iuris
1736 739 1888 777 consul-

327 802 459 839 torum
490 799 696 837 scientiam
728 801 767 837 et
798 798 972 836 officium
1004 811 1092 836 cum
1122 799 1204 836 risu
1235 798 1405 837 illudens
1437 811 1525 836 cum
1557 798 1636 836 alia
1670 800 1756 837 tum
1793 798 1888 837 haec

328 858 516 908 explicuit
548 853 641 910 (14,
662 855 735 907 30)
770 859 901 896 omnia
931 859 1008 896 ista
1038 859 1148 896 nobis
1177 859 1309 896 studia
1341 858 1387 896 de
1419 858 1601 895 manibus
1633 860 1888 903 concutiantur,

326 918 444 956 simul
475 921 586 966 atque
617 918 741 965 aliqui
770 920 895 955 motus
919 928 1042 955 novus
1067 918 1243 956 bellicum
1267 929 1403 956 canere
1428 918 1554 965 coeyit.
1586 917 1743 955 Etenim
1766 920 1810 956 ut
1834 919 1891 956 ait

326 978 549 1026 inqeniosus
572 979 690 1024 poeta
721 979 756 1015 et
785 979 919 1015 auctor
949 977 1061 1015 valde
1092 977 1225 1021 bonus,
1249 977 1412 1025 proeliis
1429 977 1690 1025 promulqatis
1719 973 1890 1024 ‘pellitur

328 1048 347 1075 e
383 1032 522 1074 medio'
559 1047 639 1074 non
674 1036 800 1073 solum
835 1037 912 1074 ista
947 1038 1074 1074 vestra
1110 1036 1270 1074 verbosa
1305 1037 1501 1074 simulatio
1531 1037 1784 1082 prudentiae,
1823 1037 1890 1074 sed

328 1097 443 1134 etiam
479 1097 568 1143 ipsa
603 1096 675 1133 illa
712 1095 870 1133 domina
905 1107 1037 1132 rerum
1075 1091 1300 1143 ‘sapientia,
1336 1097 1376 1133 vi
1408 1097 1559 1143 yeritur
1587 1107 1660 1140 res,
1693 1097 1890 1143 spernitur

328 1150 473 1193 orator'
504 1166 584 1192 non
614 1155 739 1192 solum
770 1154 924 1192 odiosus
954 1155 998 1192 in
1023 1154 1182 1192 dicendo
1207 1167 1253 1193 ac
1277 1155 1419 1202 loquax
1442 1166 1576 1192 verum
1600 1156 1715 1193 etiam
1741 1151 1890 1199 ‘bonus‚

327 1214 510 1252 horridus
546 1214 656 1251 miles
693 1209 878 1258 amatur',
920 1216 1088 1251 vestrum
1129 1225 1217 1251 vero
1259 1215 1432 1252 studium
1475 1216 1594 1251 totum
1632 1216 1739 1252 iacet.
1784 1210 1891 1252 ‘Non

328 1285 373 1311 ex
408 1275 494 1311 iure
529 1285 692 1311 manum
722 1275 936 1311 consertum
965 1273 1032 1310 sed
1062 1269 1181 1320 ferro'
1219 1274 1346 1320 inquit
1386 1270 1482 1311 ‘rem
1517 1269 1717 1320 repetunt?
1767 1272 1890 1318 Quem

327 1334 570 1381 inqeniosum
599 1335 756 1379 poetam
794 1332 833 1369 et
871 1334 1063 1370 auctorem
1100 1332 1213 1370 valde
1247 1333 1388 1370 bonum
1426 1332 1523 1370 dicit
1554 1327 1608 1385 (h.
1637 1346 1667 1370 e.
1700 1345 1791 1371 eum
1822 1334 1892 1382 qui

329 1391 514 1430 scriberet
557 1391 698 1440 quibus
738 1391 822 1440 ipse
865 1385 1126 1443 interfuisset)
1165 1391 1337 1428 Ennium
1381 1404 1462 1430 esse
1503 1390 1635 1429 Cicero
1679 1404 1758 1430 non
1796 1392 1893 1430 dicit

329 1450 397 1489 sed
435 1450 593 1488 aliunde
631 1451 671 1488 et
708 1450 781 1488 hoc
820 1452 1064 1499 compertum
1102 1451 1161 1488 est
1198 1451 1238 1488 et
1273 1463 1408 1489 versus
1447 1463 1494 1489 ex
1525 1463 1597 1489 vm
1635 1450 1770 1489 annali
1809 1447 1889 1502 [111]

330 1511 533 1559 promptos
567 1522 660 1548 esse.
711 1509 815 1554 Quos
856 1508 989 1548 Cicero
1028 1522 1106 1547 non
1145 1510 1350 1548 continuos
1388 1523 1459 1548 nec
1496 1510 1632 1558 plenos
1665 1510 1818 1559 attulit,
1854 1512 1892 1548 et

329 1569 423 1607 dum
465 1581 536 1607 sua
581 1568 694 1618 quasi
735 1570 930 1618 interpres
972 1570 1192 1618 interponit
1236 1569 1356 1618 plane
1400 1570 1450 1607 ad
1493 1581 1604 1607 suam
1654 1570 1892 1608 sententiam

328 1628 563 1666 transduxit.
627 1627 691 1666 Sic
722 1628 823 1665 solet
854 1627 904 1665 ad
936 1639 1026 1666 suos
1044 1640 1150 1669 ,usus
1182 1630 1408 1666 convertere
1441 1640 1540 1678 quae
1581 1629 1687 1677 apud
1718 1629 1891 1667 Ennium

329 1687 409 1726 alia
448 1689 578 1725 mente
615 1688 745 1736 posita
778 1688 886 1735 sunt,
924 1687 1034 1725 velut
1070 1687 1144 1725 hoc
1176 1687 1317 1725 eximio
1356 1688 1438 1726 eius
1473 1687 1530 1725 rei
1562 1689 1738 1737 exemplo
1770 1689 1811 1726 in
1842 1690 1890 1727 iis

330 1759 430 1796 quae
466 1759 538 1795 pro
579 1745 712 1784 Caelio
752 1740 804 1798 (a.
834 1740 938 1798 698)
980 1746 1081 1784 dixit
1119 1741 1292 1799 (8,18).
1339 1746 1421 1795 Quo
1458 1748 1537 1784 loco
1567 1758 1731 1794 possum
1768 1749 1892 1786 dicere

328 1806 371 1844 id
408 1806 509 1853 quod
544 1807 606 1843 vir
637 1806 895 1849 clarissimus,
926 1806 986 1843 M.
1014 1805 1198 1850 Crassus,
1236 1817 1323 1843 cum
1360 1806 1405 1844 de
1436 1806 1604 1844 adventu
1633 1808 1734 1855 reyis
1764 1807 1891 1845 Ptole—

329 1866 430 1903 maei
467 1867 698 1913 quereretur,
728 1865 852 1912 paulo
885 1867 972 1902 ante
1002 1864 1101 1902 dixit
1132 1860 1142 1878 ⁶
1155 1865 1314 1903 Utinam
1343 1877 1391 1903 ne
1421 1867 1464 1904 in
1494 1877 1647 1903 nemore
1676 1862 1815 1913 Pelio';
1846 1879 1892 1905 ac

329 1925 482 1972 lonqius
519 1924 671 1972 quidem
707 1925 803 1962 mihi
840 1926 1032 1962 contexere
1067 1924 1135 1962 hoe
1172 1936 1327 1962 carmen
1357 1925 1503 1963 liceret:
1540 1920 1649 1963 ‘nam
1678 1938 1892 1974 numquam

331 1995 398 2022 era
441 1979 592 2021 errans’
636 1984 736 2021 lianc
775 1983 988 2021 molestiam
1029 1983 1140 2021 nobis
1184 1984 1371 2022 exhiberet
1407 1980 1566 2022 ‘Medea
1609 1986 1740 2022 animo
1778 1996 1891 2033 aeqro

331 2054 461 2081 amore
490 2053 603 2081 saevo
634 2038 799 2081 saucia.'
842 2041 907 2080 Sic
938 2043 1056 2087 enim,
1093 2043 1256 2087 iudices,
1293 2044 1488 2090 reperietis
1519 2043 1620 2090 quod
1651 2055 1737 2081 eum
1768 2044 1821 2082 ad
1850 2045 1893 2082 id

331 2103 404 2140 loci
438 2113 575 2140 venero
607 2102 816 2146 ostendam,
847 2102 947 2140 hanc
970 2102 1197 2140 Palatinam
1221 2102 1404 2140 Medeam
1434 2104 1774 2151 miyrationemque
1804 2104 1893 2142 huic

331 2161 564 2200 adulescenti
595 2173 755 2200 causam
784 2163 865 2199 sive
893 2161 1087 2199 malorum
1118 2163 1291 2199 omnium
1321 2163 1400 2200 sive
1423 2164 1557 2209 potius
1586 2173 1806 2200 sermonum
1830 2164 1892 2210 fu-

330 2222 416 2258 isse.
449 2218 562 2258 Certe
593 2233 707 2258 nemo
739 2220 965 2259 auditorum
990 2221 1228 2258 sententiam
1252 2233 1298 2258 ac
1322 2222 1498 2259 tenorem
1523 2221 1818 2259 notissimorum
1846 2221 1893 2260 de

332 2279 452 2317 Ennii
476 2279 613 2317 Medea
645 2291 828 2317 versuum
861 2275 911 2330 [1]
943 2280 1156 2329 ignoravit,
1187 2292 1234 2317 ex
1265 2279 1406 2329 quibus
1439 2279 1573 2318 Cicero
1605 2281 1761 2318 tantum
1792 2280 1893 2318 libat

333 2338 437 2387 quod
474 2339 570 2376 satis
608 2338 676 2386 sit,
713 2339 946 2388 praesertim
984 2351 1054 2376 sua
1091 2340 1268 2377 oratione
1305 2339 1492 2387 mixtum,
1530 2341 1574 2376 ut
1611 2351 1711 2388 quae
1743 2339 1812 2377 ille
1843 2340 1890 2378 de

332 2397 469 2435 Medea
506 2397 605 2435 dixit
640 2398 736 2436 haec
772 2399 814 2435 in
847 2397 1026 2436 Clodiam
1064 2398 1341 2436 accusatricem
1372 2398 1502 2435 valere
1534 2398 1792 2448 intelligatur.
1832 2398 1892 2435 Si-

332 2457 419 2494 mili
449 2456 565 2494 modo
595 2456 772 2495 invectus
798 2456 839 2494 in
865 2457 1048 2495 Pisonem
1075 2451 1127 2509 (a.
1150 2451 1254 2509 699)
1282 2457 1475 2505 quaedam
1501 2457 1614 2494 affert
1639 2469 1684 2494 ex
1710 2457 1892 2506 Thyeste,

333 2529 453 2565 quam
488 2515 665 2553 fabulam
702 2515 925 2554 Ennianam
964 2528 1045 2554 esse
1084 2516 1181 2554 alibi
1217 2515 1340 2565 ipsius
1378 2517 1606 2554 testimonio
1638 2517 1809 2564 constat3
1850 2517 1891 2553 in

334 2588 379 2612 ea
406 2576 510 2612 enim
537 2576 776 2624 quaestione,
809 2588 886 2624 qua
911 2588 1048 2624 poena,
1075 2588 1154 2625 quo
1180 2575 1374 2625 supplicio
1400 2575 1582 2613 Pisonem
1607 2587 1695 2613 cum
1722 2573 1889 2613 Gabinio

333 2635 468 2672 vexari
499 2635 709 2684 oporteret,
740 2635 836 2672 haec
859 2634 999 2683 posuit
1031 2629 1118 2687 (19,
1139 2629 1232 2686 43):
1262 2647 1383 2683 neque
1413 2646 1500 2672 vero
1533 2646 1608 2682 eqo,
1642 2636 1678 2672 si
1707 2646 1892 2682 umquam

333 2694 439 2731 vobis
475 2694 583 2731 mala
611 2705 813 2741 precarer,
850 2694 951 2742 quod
986 2706 1099 2741 saepe
1135 2695 1226 2741 feci,
1262 2695 1306 2732 in
1342 2705 1414 2741 quo
1452 2694 1494 2731 di
1524 2694 1757 2732 immortales
1787 2705 1892 2731 meas

327 2764 462 2800 preces
505 2753 754 2797 audiverunt,
802 2753 978 2790 morbum
1021 2755 1090 2790 aut
1130 2755 1288 2791 mortem
1334 2756 1403 2791 aut
1444 2755 1658 2791 cruciatum
1695 2764 1891 2800 precarer.

338 2812 520 2859 Thyestea
551 2806 689 2860 essetss)
721 2813 797 2850 ista
828 2813 1032 2850 exsec-ratio
1057 2815 1193 2859 poetae
1223 2812 1328 2860 vulqi
1359 2813 1521 2856 animos,
1550 2823 1630 2849 non
1659 2813 1893 2858 sapientium

454 2935 483 2980 ²¹²)
510 2940 596 2970 esset
619 2935 767 2970 videtur
792 2935 971 2970 orationis
995 2935 1115 2971 forma
1139 2936 1289 2981 requiri,
1316 2936 1380 2970 sed
1407 2935 1580 2981 vulgatur
1605 2939 1664 2971 est.
