<?xml version="1.0" encoding="UTF-8"?>
<!DOCTYPE html PUBLIC "-//W3C//DTD XHTML 1.0 Transitional//EN"
    "http://www.w3.org/TR/xhtml1/DTD/xhtml1-transitional.dtd">
<html xmlns="http://www.w3.org/1999/xhtml" xml:lang="en" lang="en">
 <head>
  <title>
</title>
<meta http-equiv="Content-Type" content="text/html;charset=utf-8" />
  <meta name='ocr-system' content='tesseract 3.04.00' />
  <meta name='ocr-capabilities' content='ocr_page ocr_carea ocr_par ocr_line ocrx_word'/>
</head>
<body>
  <div class='ocr_page' id='page_1' title='image "./ennianaepoesisre00enniuoft/ennianaepoesisre00enniuoft_0395.png"; bbox 0 0 2054 3282; ppageno 0'>
   <div class='ocr_carea' id='block_1_1' title="bbox 789 165 1726 207">
    <p class='ocr_par' dir='ltr' id='par_1_1' title="bbox 789 165 1726 207">
     <span class='ocr_line' id='line_1_1' title="bbox 789 165 1726 207; baseline 0.007 -7"><span class='ocrx_word' id='word_1_1' title='bbox 789 165 958 200; x_wconf 84' lang='lat' dir='ltr'>MEDEA</span> <span class='ocrx_word' id='word_1_2' title='bbox 983 165 1112 201; x_wconf 89' lang='lat' dir='ltr'>EXUL</span> <span class='ocrx_word' id='word_1_3' title='bbox 1643 166 1663 207; x_wconf 92' lang='grc'>1</span> <span class='ocrx_word' id='word_1_4' title='bbox 1671 166 1696 207; x_wconf 85' lang='grc'>6</span> <span class='ocrx_word' id='word_1_5' title='bbox 1703 166 1726 207; x_wconf 80' lang='grc'>7</span> 
     </span>
    </p>
   </div>
   <div class='ocr_carea' id='block_1_2' title="bbox 782 283 1110 383">
    <p class='ocr_par' dir='ltr' id='par_1_2' title="bbox 782 283 1110 383">
     <span class='ocr_line' id='line_1_2' title="bbox 913 283 980 319; baseline -0.015 0"><span class='ocrx_word' id='word_1_6' title='bbox 913 283 980 319; x_wconf 87' lang='lat' dir='ltr'>VH</span> 
     </span>
     <span class='ocr_line' id='line_1_3' title="bbox 782 349 1110 383; baseline 0.006 -8"><span class='ocrx_word' id='word_1_7' title='bbox 782 349 928 376; x_wconf 80' lang='lat' dir='ltr'>MEDEA</span> <span class='ocrx_word' id='word_1_8' title='bbox 947 349 1110 383; x_wconf 83' lang='lat'>(365—375)</span> 
     </span>
    </p>
   </div>
   <div class='ocr_carea' id='block_1_3' title="bbox 166 404 1532 532">
    <p class='ocr_par' dir='ltr' id='par_1_3' title="bbox 166 404 1532 532">
     <span class='ocr_line' id='line_1_4' title="bbox 166 404 1487 461; baseline 0 -14"><span class='ocrx_word' id='word_1_9' title='bbox 166 405 252 447; x_wconf 91' lang='grc'>266</span> <span class='ocrx_word' id='word_1_10' title='bbox 283 404 565 460; x_wconf 80' lang='lat' dir='ltr'>Nequaquam</span> <span class='ocrx_word' id='word_1_11' title='bbox 591 404 702 447; x_wconf 90' lang='lat' dir='ltr'>istuc</span> <span class='ocrx_word' id='word_1_12' title='bbox 727 405 834 446; x_wconf 88' lang='lat' dir='ltr'>istac</span> <span class='ocrx_word' id='word_1_13' title='bbox 858 404 956 447; x_wconf 89' lang='lat' dir='ltr'>ibit:</span> <span class='ocrx_word' id='word_1_14' title='bbox 982 419 1137 461; x_wconf 86' lang='lat' dir='ltr'>magna</span> <span class='ocrx_word' id='word_1_15' title='bbox 1163 404 1274 447; x_wconf 86' lang='lat' dir='ltr'>inest</span> <span class='ocrx_word' id='word_1_16' title='bbox 1299 405 1487 447; x_wconf 85' lang='lat' dir='ltr'>certatio.</span> 
     </span>
     <span class='ocr_line' id='line_1_5' title="bbox 284 475 1532 532; baseline 0 -14"><span class='ocrx_word' id='word_1_17' title='bbox 284 475 397 518; x_wconf 91' lang='lat' dir='ltr'>Nam</span> <span class='ocrx_word' id='word_1_18' title='bbox 422 478 471 517; x_wconf 92' lang='lat' dir='ltr'>ut</span> <span class='ocrx_word' id='word_1_19' title='bbox 497 490 575 531; x_wconf 84' lang='lat' dir='ltr'>ego</span> <span class='ocrx_word' id='word_1_20' title='bbox 602 475 670 517; x_wconf 72' lang='lat' dir='ltr'>illi</span> <span class='ocrx_word' id='word_1_21' title='bbox 695 475 980 530; x_wconf 78' lang='lat' dir='ltr'>supplicarem</span> <span class='ocrx_word' id='word_1_22' title='bbox 1007 478 1126 517; x_wconf 89' lang='lat' dir='ltr'>tanta</span> <span class='ocrx_word' id='word_1_23' title='bbox 1151 475 1532 532; x_wconf 77' lang='lat' dir='ltr'>blandiloquentia,</span> 
     </span>
    </p>
   </div>
   <div class='ocr_carea' id='block_1_4' title="bbox 165 546 573 590">
    <p class='ocr_par' dir='ltr' id='par_1_4' title="bbox 165 546 573 590">
     <span class='ocr_line' id='line_1_6' title="bbox 165 546 573 590; baseline -0.002 -1"><span class='ocrx_word' id='word_1_24' title='bbox 165 547 251 589; x_wconf 87' lang='grc'>268</span> <span class='ocrx_word' id='word_1_25' title='bbox 283 546 343 590; x_wconf 87' lang='grc' dir='ltr'>Ν1</span> <span class='ocrx_word' id='word_1_26' title='bbox 369 547 422 589; x_wconf 91' lang='lat' dir='ltr'>ob</span> <span class='ocrx_word' id='word_1_27' title='bbox 448 547 573 589; x_wconf 76' lang='lat' dir='ltr'>rem?</span> 
     </span>
    </p>
   </div>
   <div class='ocr_carea' id='block_1_5' title="bbox 165 688 1727 958">
    <p class='ocr_par' dir='ltr' id='par_1_5' title="bbox 165 688 1727 958">
     <span class='ocr_line' id='line_1_7' title="bbox 165 688 1648 745; baseline 0.001 -14"><span class='ocrx_word' id='word_1_28' title='bbox 165 690 250 732; x_wconf 88' lang='grc'>269</span> <span class='ocrx_word' id='word_1_29' title='bbox 284 689 367 740; x_wconf 81' lang='lat' dir='ltr'>Qui</span> <span class='ocrx_word' id='word_1_30' title='bbox 392 689 485 732; x_wconf 87' lang='lat' dir='ltr'>volt</span> <span class='ocrx_word' id='word_1_31' title='bbox 509 703 593 733; x_wconf 81' lang='lat' dir='ltr'>esse</span> <span class='ocrx_word' id='word_1_32' title='bbox 618 689 733 745; x_wconf 90' lang='lat' dir='ltr'>quod</span> <span class='ocrx_word' id='word_1_33' title='bbox 757 688 861 743; x_wconf 85' lang='lat' dir='ltr'>volt,</span> <span class='ocrx_word' id='word_1_34' title='bbox 887 689 948 731; x_wconf 86' lang='lat' dir='ltr'>ita</span> <span class='ocrx_word' id='word_1_35' title='bbox 974 689 1047 730; x_wconf 91' lang='lat' dir='ltr'>dat</span> <span class='ocrx_word' id='word_1_36' title='bbox 1072 703 1115 731; x_wconf 86' lang='lat' dir='ltr'>se</span> <span class='ocrx_word' id='word_1_37' title='bbox 1141 704 1219 743; x_wconf 84' lang='lat' dir='ltr'>res,</span> <span class='ocrx_word' id='word_1_38' title='bbox 1245 691 1293 731; x_wconf 87' lang='lat' dir='ltr'>ut</span> <span class='ocrx_word' id='word_1_39' title='bbox 1320 704 1493 744; x_wconf 81' lang='lat' dir='ltr'>operam</span> <span class='ocrx_word' id='word_1_40' title='bbox 1519 691 1648 733; x_wconf 89' lang='lat' dir='ltr'>dabit.</span> 
     </span>
     <span class='ocr_line' id='line_1_8' title="bbox 283 760 1424 817; baseline -0.002 -14"><span class='ocrx_word' id='word_1_41' title='bbox 283 761 362 804; x_wconf 86' lang='lat' dir='ltr'>Ille</span> <span class='ocrx_word' id='word_1_42' title='bbox 388 764 577 803; x_wconf 84' lang='lat' dir='ltr'>traversa</span> <span class='ocrx_word' id='word_1_43' title='bbox 602 763 743 803; x_wconf 90' lang='lat' dir='ltr'>mente</span> <span class='ocrx_word' id='word_1_44' title='bbox 769 760 828 801; x_wconf 92' lang='lat' dir='ltr'>mi</span> <span class='ocrx_word' id='word_1_45' title='bbox 853 760 981 802; x_wconf 90' lang='lat' dir='ltr'>hodie</span> <span class='ocrx_word' id='word_1_46' title='bbox 1007 760 1184 802; x_wconf 87' lang='lat' dir='ltr'>tradidit</span> <span class='ocrx_word' id='word_1_47' title='bbox 1209 760 1424 817; x_wconf 76' lang='lat' dir='ltr'>repagula,</span> 
     </span>
     <span class='ocr_line' id='line_1_9' title="bbox 284 831 1727 889; baseline 0.001 -15"><span class='ocrx_word' id='word_1_48' title='bbox 284 832 448 882; x_wconf 82' lang='lat' dir='ltr'>Quibus</span> <span class='ocrx_word' id='word_1_49' title='bbox 469 847 547 889; x_wconf 84' lang='lat' dir='ltr'>ego</span> <span class='ocrx_word' id='word_1_50' title='bbox 568 832 675 873; x_wconf 87' lang='lat' dir='ltr'>iram</span> <span class='ocrx_word' id='word_1_51' title='bbox 696 846 866 874; x_wconf 91' lang='lat' dir='ltr'>omnem</span> <span class='ocrx_word' id='word_1_52' title='bbox 886 831 1100 873; x_wconf 86' lang='lat' dir='ltr'>recludam</span> <span class='ocrx_word' id='word_1_53' title='bbox 1120 834 1248 886; x_wconf 91' lang='lat' dir='ltr'>atque</span> <span class='ocrx_word' id='word_1_54' title='bbox 1269 831 1333 873; x_wconf 90' lang='lat' dir='ltr'>illi</span> <span class='ocrx_word' id='word_1_55' title='bbox 1352 833 1584 887; x_wconf 88' lang='lat' dir='ltr'>perniciem</span> <span class='ocrx_word' id='word_1_56' title='bbox 1605 834 1727 889; x_wconf 76' lang='lat' dir='ltr'>dabo,</span> 
     </span>
     <span class='ocr_line' id='line_1_10' title="bbox 281 902 1588 958; baseline 0 -12"><span class='ocrx_word' id='word_1_57' title='bbox 281 903 391 946; x_wconf 88' lang='lat' dir='ltr'>Mihi</span> <span class='ocrx_word' id='word_1_58' title='bbox 416 917 640 958; x_wconf 85' lang='lat' dir='ltr'>maerores,</span> <span class='ocrx_word' id='word_1_59' title='bbox 666 902 731 945; x_wconf 88' lang='lat' dir='ltr'>illi</span> <span class='ocrx_word' id='word_1_60' title='bbox 756 902 933 958; x_wconf 86' lang='lat' dir='ltr'>luctum,</span> <span class='ocrx_word' id='word_1_61' title='bbox 961 902 1138 945; x_wconf 85' lang='lat' dir='ltr'>exitium</span> <span class='ocrx_word' id='word_1_62' title='bbox 1164 903 1241 957; x_wconf 90' lang='grc'><strong>1111,</strong></span> <span class='ocrx_word' id='word_1_63' title='bbox 1269 903 1445 945; x_wconf 83' lang='lat' dir='ltr'>exilium</span> <span class='ocrx_word' id='word_1_64' title='bbox 1469 904 1588 946; x_wconf 90' lang='lat' dir='ltr'>mihi.</span> 
     </span>
    </p>
   </div>
   <div class='ocr_carea' id='block_1_6' title="bbox 154 1043 1727 2425">
    <p class='ocr_par' dir='ltr' id='par_1_6' title="bbox 154 1043 1727 2425">
     <span class='ocr_line' id='line_1_11' title="bbox 279 1043 1727 1090; baseline 0 -10"><span class='ocrx_word' id='word_1_65' title='bbox 279 1044 347 1079; x_wconf 87' lang='lat' dir='ltr'>VH</span> <span class='ocrx_word' id='word_1_66' title='bbox 366 1045 461 1090; x_wconf 87' lang='grc'>(266)</span> <span class='ocrx_word' id='word_1_67' title='bbox 501 1043 626 1079; x_wconf 87' lang='lat' dir='ltr'>Cicero</span> <span class='ocrx_word' id='word_1_68' title='bbox 647 1043 693 1078; x_wconf 91' lang='lat' dir='ltr'>de</span> <span class='ocrx_word' id='word_1_69' title='bbox 712 1044 788 1078; x_wconf 89' lang='lat' dir='ltr'>nat.</span> <span class='ocrx_word' id='word_1_70' title='bbox 805 1043 902 1078; x_wconf 92' lang='lat' dir='ltr'>deor.</span> <span class='ocrx_word' id='word_1_71' title='bbox 918 1057 959 1078; x_wconf 92' lang='lat'>111</span> <span class='ocrx_word' id='word_1_72' title='bbox 974 1047 1029 1086; x_wconf 81' lang='lat'>25,</span> <span class='ocrx_word' id='word_1_73' title='bbox 1046 1047 1089 1079; x_wconf 87' lang='lat'>65</span> <span class='ocrx_word' id='word_1_74' title='bbox 1107 1043 1266 1078; x_wconf 82' lang='lat' dir='ltr'>‘Balbus</span> <span class='ocrx_word' id='word_1_75' title='bbox 1286 1043 1526 1089; x_wconf 84' lang='lat' dir='ltr'>interpellare</span> <span class='ocrx_word' id='word_1_76' title='bbox 1547 1047 1584 1080; x_wconf 90' lang='lat' dir='ltr'>te</span> <span class='ocrx_word' id='word_1_77' title='bbox 1603 1045 1727 1090; x_wconf 85' lang='lat' dir='ltr'>inquit</span> 
     </span>
     <span class='ocr_line' id='line_1_12' title="bbox 162 1096 1726 1142; baseline 0.001 -9"><span class='ocrx_word' id='word_1_78' title='bbox 162 1097 271 1133; x_wconf 86' lang='lat' dir='ltr'>Cotta</span> <span class='ocrx_word' id='word_1_79' title='bbox 290 1098 375 1133; x_wconf 92' lang='lat' dir='ltr'>nolo</span> <span class='ocrx_word' id='word_1_80' title='bbox 396 1098 461 1133; x_wconf 88' lang='lat' dir='ltr'>sed</span> <span class='ocrx_word' id='word_1_81' title='bbox 480 1108 665 1133; x_wconf 83' lang='lat' dir='ltr'>sumemus</span> <span class='ocrx_word' id='word_1_82' title='bbox 678 1099 826 1142; x_wconf 87' lang='lat' dir='ltr'>tempus</span> <span class='ocrx_word' id='word_1_83' title='bbox 841 1097 961 1140; x_wconf 88' lang='lat' dir='ltr'>aliud;</span> <span class='ocrx_word' id='word_1_84' title='bbox 982 1096 1143 1132; x_wconf 81' lang='lat' dir='ltr'>efficiam</span> <span class='ocrx_word' id='word_1_85' title='bbox 1155 1096 1322 1142; x_wconf 88' lang='lat' dir='ltr'>profecto</span> <span class='ocrx_word' id='word_1_86' title='bbox 1336 1099 1379 1132; x_wconf 91' lang='lat' dir='ltr'>ut</span> <span class='ocrx_word' id='word_1_87' title='bbox 1392 1097 1545 1133; x_wconf 76' lang='lat' dir='ltr'>fateare.</span> <span class='ocrx_word' id='word_1_88' title='bbox 1562 1099 1627 1133; x_wconf 84' lang='lat' dir='ltr'>sed</span> <span class='ocrx_word' id='word_1_89' title='bbox 1641 1110 1726 1135; x_wconf 85' lang='lat' dir='ltr'>«ne-</span> 
     </span>
     <span class='ocr_line' id='line_1_13' title="bbox 160 1150 1726 1197; baseline 0 -10"><span class='ocrx_word' id='word_1_90' title='bbox 160 1163 350 1197; x_wconf 88' lang='lat' dir='ltr'>quaquam</span> <span class='ocrx_word' id='word_1_91' title='bbox 367 1154 463 1197; x_wconf 81' lang='lat'>(266)</span> <span class='ocrx_word' id='word_1_92' title='bbox 483 1151 581 1186; x_wconf 88' lang='lat' dir='ltr'>istuc</span> <span class='ocrx_word' id='word_1_93' title='bbox 599 1151 695 1186; x_wconf 88' lang='lat' dir='ltr'>istac</span> <span class='ocrx_word' id='word_1_94' title='bbox 714 1151 786 1186; x_wconf 90' lang='lat' dir='ltr'>ibit</span> <span class='ocrx_word' id='word_1_95' title='bbox 806 1150 1043 1196; x_wconf 75' lang='lat' dir='ltr'>(ista*ibit</span> <span class='ocrx_word' id='word_1_96' title='bbox 1068 1161 1195 1186; x_wconf 79' lang='grc'><strong>61686</strong></span> <span class='ocrx_word' id='word_1_97' title='bbox 1208 1150 1312 1185; x_wconf 89' lang='lat' dir='ltr'>Voss.</span> <span class='ocrx_word' id='word_1_98' title='bbox 1327 1151 1356 1184; x_wconf 94' lang='lat' dir='ltr'>B</span> <span class='ocrx_word' id='word_1_99' title='bbox 1371 1151 1560 1186; x_wconf 87' lang='lat' dir='ltr'>istaibit</span> <span class='ocrx_word' id='word_1_100' title='bbox 1579 1152 1726 1187; x_wconf 86' lang='lat' dir='ltr'>Voss.A</span> 
     </span>
     <span class='ocr_line' id='line_1_14' title="bbox 160 1204 1726 1250; baseline 0 -10"><span class='ocrx_word' id='word_1_101' title='bbox 160 1204 270 1240; x_wconf 90' lang='lat' dir='ltr'>Vind.</span> <span class='ocrx_word' id='word_1_102' title='bbox 286 1206 350 1240; x_wconf 87' lang='lat' dir='ltr'>sed</span> <span class='ocrx_word' id='word_1_103' title='bbox 364 1204 478 1240; x_wconf 90' lang='grc'><strong>1116111</strong></span> <span class='ocrx_word' id='word_1_104' title='bbox 490 1217 618 1250; x_wconf 83' lang='lat' dir='ltr'>mg.m.</span> <span class='ocrx_word' id='word_1_105' title='bbox 630 1204 692 1239; x_wconf 90' lang='lat' dir='ltr'>alt.</span> <span class='ocrx_word' id='word_1_106' title='bbox 708 1204 798 1239; x_wconf 80' lang='lat' dir='ltr'>ist*</span> <span class='ocrx_word' id='word_1_107' title='bbox 808 1215 885 1239; x_wconf 89' lang='lat' dir='ltr'>aec</span> <span class='ocrx_word' id='word_1_108' title='bbox 902 1204 1057 1250; x_wconf 74' lang='lat' dir='ltr'>erash).</span> <span class='ocrx_word' id='word_1_109' title='bbox 1075 1232 1081 1238; x_wconf 85' lang='lat'><em>.</em></span> <span class='ocrx_word' id='word_1_110' title='bbox 1099 1205 1210 1240; x_wconf 56' lang='lat' dir='ltr'>,illis</span> <span class='ocrx_word' id='word_1_111' title='bbox 1229 1233 1233 1238; x_wconf 94' lang='lat'>.</span> <span class='ocrx_word' id='word_1_112' title='bbox 1249 1205 1377 1240; x_wconf 72' lang='lat' dir='ltr'>blandi</span> <span class='ocrx_word' id='word_1_113' title='bbox 1390 1205 1549 1250; x_wconf 76' lang='lat' dir='ltr'>loquenti</span> <span class='ocrx_word' id='word_1_114' title='bbox 1562 1206 1726 1242; x_wconf 78' lang='lat' dir='ltr'>aniobem</span> 
     </span>
     <span class='ocr_line' id='line_1_15' title="bbox 161 1257 1724 1304; baseline 0.001 -11"><span class='ocrx_word' id='word_1_115' title='bbox 161 1259 308 1304; x_wconf 86' lang='lat' dir='ltr'>(aniob</span> <span class='ocrx_word' id='word_1_116' title='bbox 318 1269 337 1294; x_wconf 92' lang='grc'>6</span> <span class='ocrx_word' id='word_1_117' title='bbox 348 1258 529 1304; x_wconf 83' lang='lat' dir='ltr'>Voss.-B)»</span> <span class='ocrx_word' id='word_1_118' title='bbox 541 1258 673 1304; x_wconf 81' lang='lat' dir='ltr'>(multa</span> <span class='ocrx_word' id='word_1_119' title='bbox 686 1259 895 1303; x_wconf 86' lang='lat' dir='ltr'>intercepta</span> <span class='ocrx_word' id='word_1_120' title='bbox 908 1269 999 1301; x_wconf 89' lang='grc'><strong>6886,</strong></span> <span class='ocrx_word' id='word_1_121' title='bbox 1011 1259 1049 1292; x_wconf 87' lang='grc'>61</span> <span class='ocrx_word' id='word_1_122' title='bbox 1062 1257 1214 1302; x_wconf 90' lang='lat' dir='ltr'>quidem</span> <span class='ocrx_word' id='word_1_123' title='bbox 1226 1259 1313 1302; x_wconf 88' lang='lat' dir='ltr'>post</span> <span class='ocrx_word' id='word_1_124' title='bbox 1330 1268 1373 1292; x_wconf 90' lang='lat' dir='ltr'>se</span> <span class='ocrx_word' id='word_1_125' title='bbox 1383 1258 1406 1292; x_wconf 93' lang='lat' dir='ltr'>d</span> <span class='ocrx_word' id='word_1_126' title='bbox 1415 1286 1422 1300; x_wconf 84' lang='lat'>,</span> <span class='ocrx_word' id='word_1_127' title='bbox 1438 1269 1512 1293; x_wconf 90' lang='lat' dir='ltr'>non</span> <span class='ocrx_word' id='word_1_128' title='bbox 1526 1260 1613 1294; x_wconf 85' lang='lat' dir='ltr'>ante</span> <span class='ocrx_word' id='word_1_129' title='bbox 1631 1271 1646 1293; x_wconf 93' lang='grc'><strong>8</strong></span> <span class='ocrx_word' id='word_1_130' title='bbox 1655 1270 1675 1294; x_wconf 92' lang='grc'>6</span> <span class='ocrx_word' id='word_1_131' title='bbox 1684 1260 1707 1293; x_wconf 85' lang='grc'>(1</span> <span class='ocrx_word' id='word_1_132' title='bbox 1717 1288 1724 1302; x_wconf 92' lang='grc'>,</span> 
     </span>
     <span class='ocr_line' id='line_1_16' title="bbox 159 1311 1725 1358; baseline 0 -11"><span class='ocrx_word' id='word_1_133' title='bbox 159 1311 399 1347; x_wconf 85' lang='lat' dir='ltr'>manifestum</span> <span class='ocrx_word' id='word_1_134' title='bbox 419 1313 475 1347; x_wconf 85' lang='lat' dir='ltr'>est</span> <span class='ocrx_word' id='word_1_135' title='bbox 495 1313 533 1347; x_wconf 86' lang='lat' dir='ltr'>et</span> <span class='ocrx_word' id='word_1_136' title='bbox 551 1312 627 1347; x_wconf 88' lang='grc'><strong>16111</strong></span> <span class='ocrx_word' id='word_1_137' title='bbox 646 1312 686 1347; x_wconf 90' lang='grc'>111</span> <span class='ocrx_word' id='word_1_138' title='bbox 706 1312 896 1347; x_wconf 85' lang='lat' dir='ltr'>codicibus</span> <span class='ocrx_word' id='word_1_139' title='bbox 910 1311 1063 1356; x_wconf 88' lang='lat' dir='ltr'>optimis</span> <span class='ocrx_word' id='word_1_140' title='bbox 1076 1311 1116 1345; x_wconf 90' lang='lat' dir='ltr'>in</span> <span class='ocrx_word' id='word_1_141' title='bbox 1128 1311 1298 1355; x_wconf 85' lang='lat' dir='ltr'>margine</span> <span class='ocrx_word' id='word_1_142' title='bbox 1312 1311 1556 1357; x_wconf 88' lang='lat' dir='ltr'>adnotatum).</span> <span class='ocrx_word' id='word_1_143' title='bbox 1571 1311 1646 1340; x_wconf 67' lang='lat' dir='ltr'>²⁶1⁶ss</span> <span class='ocrx_word' id='word_1_144' title='bbox 1659 1324 1725 1358; x_wconf 85' lang='lat' dir='ltr'>pa-</span> 
     </span>
     <span class='ocr_line' id='line_1_17' title="bbox 158 1364 1724 1410; baseline 0.001 -10"><span class='ocrx_word' id='word_1_145' title='bbox 158 1376 288 1400; x_wconf 88' lang='lat' dir='ltr'>rumne</span> <span class='ocrx_word' id='word_1_146' title='bbox 301 1365 517 1401; x_wconf 83' lang='lat' dir='ltr'>ratiocinari</span> <span class='ocrx_word' id='word_1_147' title='bbox 531 1365 677 1400; x_wconf 88' lang='lat' dir='ltr'>videtur</span> <span class='ocrx_word' id='word_1_148' title='bbox 691 1366 728 1400; x_wconf 90' lang='lat' dir='ltr'>et</span> <span class='ocrx_word' id='word_1_149' title='bbox 742 1365 814 1400; x_wconf 86' lang='lat' dir='ltr'>sibi</span> <span class='ocrx_word' id='word_1_150' title='bbox 827 1365 911 1410; x_wconf 90' lang='lat' dir='ltr'>ipsa</span> <span class='ocrx_word' id='word_1_151' title='bbox 923 1364 1107 1399; x_wconf 83' lang='lat' dir='ltr'>nefariam</span> <span class='ocrx_word' id='word_1_152' title='bbox 1121 1365 1265 1409; x_wconf 87' lang='lat' dir='ltr'>pestem</span> <span class='ocrx_word' id='word_1_153' title='bbox 1278 1364 1512 1399; x_wconf 79' lang='lat' dir='ltr'>machinari?</span> <span class='ocrx_word' id='word_1_154' title='bbox 1532 1365 1626 1400; x_wconf 90' lang='lat' dir='ltr'>illud</span> <span class='ocrx_word' id='word_1_155' title='bbox 1641 1377 1724 1401; x_wconf 90' lang='lat' dir='ltr'>vero</span> 
     </span>
     <span class='ocr_line' id='line_1_18' title="bbox 159 1418 1723 1465; baseline 0.001 -12"><span class='ocrx_word' id='word_1_156' title='bbox 159 1430 271 1464; x_wconf 90' lang='lat' dir='ltr'>quam</span> <span class='ocrx_word' id='word_1_157' title='bbox 286 1419 424 1454; x_wconf 85' lang='lat' dir='ltr'>callida</span> <span class='ocrx_word' id='word_1_158' title='bbox 441 1418 586 1453; x_wconf 87' lang='lat' dir='ltr'>ratione</span> <span class='ocrx_word' id='word_1_159' title='bbox 604 1419 692 1463; x_wconf 87' lang='lat' dir='ltr'>«qui</span> <span class='ocrx_word' id='word_1_160' title='bbox 711 1420 783 1454; x_wconf 79' lang='lat' dir='ltr'>volt</span> <span class='ocrx_word' id='word_1_161' title='bbox 801 1419 899 1463; x_wconf 77' lang='lat' dir='ltr'>quod</span> <span class='ocrx_word' id='word_1_162' title='bbox 917 1419 994 1453; x_wconf 89' lang='lat' dir='ltr'>volt</span> <span class='ocrx_word' id='word_1_163' title='bbox 1014 1418 1131 1464; x_wconf 88' lang='lat' dir='ltr'>(vult</span> <span class='ocrx_word' id='word_1_164' title='bbox 1150 1418 1207 1452; x_wconf 87' lang='lat' dir='ltr'>bis</span> <span class='ocrx_word' id='word_1_165' title='bbox 1222 1418 1326 1452; x_wconf 90' lang='lat' dir='ltr'>Voss.</span> <span class='ocrx_word' id='word_1_166' title='bbox 1339 1418 1382 1463; x_wconf 89' lang='lat' dir='ltr'>B)</span> <span class='ocrx_word' id='word_1_167' title='bbox 1400 1447 1405 1452; x_wconf 90' lang='lat'>.</span> <span class='ocrx_word' id='word_1_168' title='bbox 1424 1446 1429 1452; x_wconf 91' lang='lat'>.</span> <span class='ocrx_word' id='word_1_169' title='bbox 1447 1447 1453 1452; x_wconf 92' lang='lat'><strong>.</strong></span> <span class='ocrx_word' id='word_1_170' title='bbox 1470 1418 1600 1454; x_wconf 84' lang='lat' dir='ltr'>dabit»</span> <span class='ocrx_word' id='word_1_171' title='bbox 1616 1421 1723 1465; x_wconf 77' lang='lat'>(269).</span> 
     </span>
     <span class='ocr_line' id='line_1_19' title="bbox 159 1471 1725 1517; baseline 0.001 -11"><span class='ocrx_word' id='word_1_172' title='bbox 159 1472 223 1517; x_wconf 87' lang='lat' dir='ltr'>qui</span> <span class='ocrx_word' id='word_1_173' title='bbox 243 1474 300 1507; x_wconf 88' lang='lat' dir='ltr'>est</span> <span class='ocrx_word' id='word_1_174' title='bbox 318 1483 443 1507; x_wconf 87' lang='lat' dir='ltr'>versus</span> <span class='ocrx_word' id='word_1_175' title='bbox 464 1472 630 1507; x_wconf 91' lang='lat' dir='ltr'>omnium</span> <span class='ocrx_word' id='word_1_176' title='bbox 649 1472 851 1507; x_wconf 88' lang='lat' dir='ltr'>seminator</span> <span class='ocrx_word' id='word_1_177' title='bbox 869 1472 1061 1507; x_wconf 87' lang='lat' dir='ltr'>malorum.</span> <span class='ocrx_word' id='word_1_178' title='bbox 1078 1471 1166 1508; x_wconf 89' lang='lat' dir='ltr'>«ille</span> <span class='ocrx_word' id='word_1_179' title='bbox 1183 1473 1279 1517; x_wconf 83' lang='lat'>(270)</span> <span class='ocrx_word' id='word_1_180' title='bbox 1296 1500 1301 1505; x_wconf 88' lang='lat'>.</span> <span class='ocrx_word' id='word_1_181' title='bbox 1321 1501 1326 1506; x_wconf 88' lang='lat'>.</span> <span class='ocrx_word' id='word_1_182' title='bbox 1343 1471 1437 1506; x_wconf 90' lang='lat' dir='ltr'>mihi</span> <span class='ocrx_word' id='word_1_183' title='bbox 1452 1500 1458 1506; x_wconf 92' lang='lat'><em>.</em></span> <span class='ocrx_word' id='word_1_184' title='bbox 1476 1500 1482 1506; x_wconf 95' lang='lat'>.</span> <span class='ocrx_word' id='word_1_185' title='bbox 1500 1500 1506 1506; x_wconf 88' lang='lat'>.</span> <span class='ocrx_word' id='word_1_186' title='bbox 1522 1472 1725 1517; x_wconf 87' lang='lat' dir='ltr'>perniciem</span> 
     </span>
     <span class='ocr_line' id='line_1_20' title="bbox 160 1524 1724 1570; baseline 0.001 -11"><span class='ocrx_word' id='word_1_187' title='bbox 160 1527 262 1570; x_wconf 81' lang='lat'>(2713</span> <span class='ocrx_word' id='word_1_188' title='bbox 286 1526 372 1560; x_wconf 86' lang='lat' dir='ltr'>ante</span> <span class='ocrx_word' id='word_1_189' title='bbox 396 1536 485 1560; x_wconf 88' lang='lat' dir='ltr'>corr.</span> <span class='ocrx_word' id='word_1_190' title='bbox 510 1525 746 1570; x_wconf 89' lang='lat' dir='ltr'>permiiem</span> <span class='ocrx_word' id='word_1_191' title='bbox 767 1525 872 1560; x_wconf 88' lang='lat' dir='ltr'>Voss.</span> <span class='ocrx_word' id='word_1_192' title='bbox 890 1525 924 1560; x_wconf 90' lang='lat' dir='ltr'>A</span> <span class='ocrx_word' id='word_1_193' title='bbox 943 1525 1053 1560; x_wconf 91' lang='lat' dir='ltr'>Vind.</span> <span class='ocrx_word' id='word_1_194' title='bbox 1078 1526 1116 1561; x_wconf 87' lang='grc'>61</span> <span class='ocrx_word' id='word_1_195' title='bbox 1140 1525 1195 1560; x_wconf 87' lang='grc'>116</span> <span class='ocrx_word' id='word_1_196' title='bbox 1217 1524 1275 1560; x_wconf 87' lang='lat' dir='ltr'>vel</span> <span class='ocrx_word' id='word_1_197' title='bbox 1303 1525 1543 1569; x_wconf 89' lang='lat' dir='ltr'>permitem</span> <span class='ocrx_word' id='word_1_198' title='bbox 1563 1525 1666 1561; x_wconf 83' lang='lat' dir='ltr'>Voss.</span> <span class='ocrx_word' id='word_1_199' title='bbox 1682 1526 1724 1569; x_wconf 91' lang='grc' dir='ltr'>Β,</span> 
     </span>
     <span class='ocr_line' id='line_1_21' title="bbox 159 1578 1722 1624; baseline 0 -10"><span class='ocrx_word' id='word_1_200' title='bbox 159 1590 254 1624; x_wconf 89' lang='lat' dir='ltr'>quae</span> <span class='ocrx_word' id='word_1_201' title='bbox 268 1579 440 1614; x_wconf 89' lang='lat' dir='ltr'>videntur</span> <span class='ocrx_word' id='word_1_202' title='bbox 454 1579 502 1614; x_wconf 88' lang='lat' dir='ltr'>ad</span> <span class='ocrx_word' id='word_1_203' title='bbox 518 1578 676 1614; x_wconf 88' lang='lat' dir='ltr'>formam</span> <span class='ocrx_word' id='word_1_204' title='bbox 696 1579 958 1624; x_wconf 87' lang='lat' dir='ltr'>permiciem</span> <span class='ocrx_word' id='word_1_205' title='bbox 977 1579 1035 1614; x_wconf 92' lang='lat' dir='ltr'>vel</span> <span class='ocrx_word' id='word_1_206' title='bbox 1054 1578 1314 1624; x_wconf 88' lang='lat' dir='ltr'>permitiem</span> <span class='ocrx_word' id='word_1_207' title='bbox 1333 1578 1486 1624; x_wconf 86' lang='lat' dir='ltr'>redire).</span> <span class='ocrx_word' id='word_1_208' title='bbox 1502 1590 1679 1614; x_wconf 76' lang='lat' dir='ltr'>,meror-es</span> <span class='ocrx_word' id='word_1_209' title='bbox 1696 1609 1700 1614; x_wconf 90' lang='lat'><em>.</em></span> <span class='ocrx_word' id='word_1_210' title='bbox 1716 1609 1722 1614; x_wconf 87' lang='lat'>.</span> 
     </span>
     <span class='ocr_line' id='line_1_22' title="bbox 157 1632 1724 1679; baseline 0 -11"><span class='ocrx_word' id='word_1_211' title='bbox 157 1633 294 1668; x_wconf 75' lang='lat' dir='ltr'>exitum</span> <span class='ocrx_word' id='word_1_212' title='bbox 304 1632 515 1678; x_wconf 85' lang='lat' dir='ltr'>(exitium</span> <span class='ocrx_word' id='word_1_213' title='bbox 529 1643 618 1668; x_wconf 87' lang='lat' dir='ltr'>corr.</span> <span class='ocrx_word' id='word_1_214' title='bbox 628 1632 737 1667; x_wconf 89' lang='lat' dir='ltr'>Vind.</span> <span class='ocrx_word' id='word_1_215' title='bbox 747 1632 851 1667; x_wconf 87' lang='lat' dir='ltr'>Voss.</span> <span class='ocrx_word' id='word_1_216' title='bbox 861 1633 903 1679; x_wconf 91' lang='lat' dir='ltr'>B)</span> <span class='ocrx_word' id='word_1_217' title='bbox 920 1661 926 1666; x_wconf 92' lang='lat'>.</span> <span class='ocrx_word' id='word_1_218' title='bbox 944 1661 950 1666; x_wconf 95' lang='lat'>.</span> <span class='ocrx_word' id='word_1_219' title='bbox 965 1632 1091 1668; x_wconf 88' lang='lat' dir='ltr'>mihi».</span> <span class='ocrx_word' id='word_1_220' title='bbox 1102 1632 1198 1667; x_wconf 89' lang='lat' dir='ltr'>hanc</span> <span class='ocrx_word' id='word_1_221' title='bbox 1211 1632 1387 1667; x_wconf 88' lang='lat' dir='ltr'>videlicet</span> <span class='ocrx_word' id='word_1_222' title='bbox 1405 1632 1599 1676; x_wconf 81' lang='lat' dir='ltr'>rationem,</span> <span class='ocrx_word' id='word_1_223' title='bbox 1612 1645 1724 1678; x_wconf 87' lang='lat' dir='ltr'>quam</span> 
     </span>
     <span class='ocr_line' id='line_1_23' title="bbox 157 1685 1724 1728; baseline 0.001 -8"><span class='ocrx_word' id='word_1_224' title='bbox 157 1697 219 1720; x_wconf 90' lang='lat' dir='ltr'>vos</span> <span class='ocrx_word' id='word_1_225' title='bbox 240 1686 365 1720; x_wconf 87' lang='lat' dir='ltr'>divino</span> <span class='ocrx_word' id='word_1_226' title='bbox 385 1685 564 1720; x_wconf 89' lang='lat' dir='ltr'>beneficio</span> <span class='ocrx_word' id='word_1_227' title='bbox 584 1685 727 1720; x_wconf 87' lang='lat' dir='ltr'>homini</span> <span class='ocrx_word' id='word_1_228' title='bbox 750 1686 869 1721; x_wconf 86' lang='lat' dir='ltr'>solum</span> <span class='ocrx_word' id='word_1_229' title='bbox 894 1686 1075 1721; x_wconf 88' lang='lat' dir='ltr'>tributam</span> <span class='ocrx_word' id='word_1_230' title='bbox 1101 1685 1238 1728; x_wconf 84' lang='lat' dir='ltr'>dicitis,</span> <span class='ocrx_word' id='word_1_231' title='bbox 1262 1685 1405 1720; x_wconf 87' lang='lat' dir='ltr'>bestiae</span> <span class='ocrx_word' id='word_1_232' title='bbox 1428 1697 1502 1721; x_wconf 91' lang='lat' dir='ltr'>non</span> <span class='ocrx_word' id='word_1_233' title='bbox 1524 1686 1674 1721; x_wconf 80' lang='lat' dir='ltr'>habent.</span> <span class='ocrx_word' id='word_1_234' title='bbox 1692 1687 1724 1707; x_wconf 74' lang='lat'>⁶⁷</span> 
     </span>
     <span class='ocr_line' id='line_1_24' title="bbox 156 1738 1724 1785; baseline 0.001 -11"><span class='ocrx_word' id='word_1_235' title='bbox 156 1739 306 1774; x_wconf 89' lang='lat' dir='ltr'>videsne</span> <span class='ocrx_word' id='word_1_236' title='bbox 332 1739 458 1785; x_wconf 86' lang='lat' dir='ltr'>igitur,</span> <span class='ocrx_word' id='word_1_237' title='bbox 479 1740 619 1784; x_wconf 86' lang='lat' dir='ltr'>quanto</span> <span class='ocrx_word' id='word_1_238' title='bbox 644 1749 796 1774; x_wconf 89' lang='lat' dir='ltr'>munere</span> <span class='ocrx_word' id='word_1_239' title='bbox 816 1739 969 1774; x_wconf 90' lang='lat' dir='ltr'>deorum</span> <span class='ocrx_word' id='word_1_240' title='bbox 989 1739 1103 1774; x_wconf 86' lang='lat' dir='ltr'>simus</span> <span class='ocrx_word' id='word_1_241' title='bbox 1124 1738 1287 1773; x_wconf 85' lang='lat' dir='ltr'>adfecti?</span> <span class='ocrx_word' id='word_1_242' title='bbox 1307 1740 1420 1784; x_wconf 90' lang='lat' dir='ltr'>atque</span> <span class='ocrx_word' id='word_1_243' title='bbox 1441 1740 1571 1774; x_wconf 90' lang='lat' dir='ltr'>eadem</span> <span class='ocrx_word' id='word_1_244' title='bbox 1591 1739 1724 1775; x_wconf 87' lang='lat' dir='ltr'>Medea</span> 
     </span>
     <span class='ocr_line' id='line_1_25' title="bbox 155 1792 1723 1838; baseline 0 -10"><span class='ocrx_word' id='word_1_245' title='bbox 155 1794 301 1837; x_wconf 89' lang='lat' dir='ltr'>patrem</span> <span class='ocrx_word' id='word_1_246' title='bbox 325 1793 562 1837; x_wconf 72' lang='lat' dir='ltr'>patriamque</span> <span class='ocrx_word' id='word_1_247' title='bbox 586 1792 735 1838; x_wconf 87' lang='lat' dir='ltr'>fugiens</span> <span class='ocrx_word' id='word_1_248' title='bbox 755 1794 979 1838; x_wconf 74' lang='lat' dir='ltr'>«postquam</span> <span class='ocrx_word' id='word_1_249' title='bbox 1003 1794 1112 1837; x_wconf 87' lang='lat' dir='ltr'>pater</span> <span class='ocrx_word' id='word_1_250' title='bbox 1138 1792 1417 1837; x_wconf 72' lang='lat' dir='ltr'>adpropinquat</span> <span class='ocrx_word' id='word_1_251' title='bbox 1435 1792 1584 1837; x_wconf 90' lang='lat' dir='ltr'>iamque</span> <span class='ocrx_word' id='word_1_252' title='bbox 1604 1804 1723 1838; x_wconf 88' lang='lat' dir='ltr'>paene</span> 
     </span>
     <span class='ocr_line' id='line_1_26' title="bbox 155 1845 1723 1891; baseline 0.001 -11"><span class='ocrx_word' id='word_1_253' title='bbox 155 1847 198 1880; x_wconf 86' lang='lat' dir='ltr'>ut</span> <span class='ocrx_word' id='word_1_254' title='bbox 218 1845 541 1891; x_wconf 73' lang='lat' dir='ltr'>conprehendatur</span> <span class='ocrx_word' id='word_1_255' title='bbox 558 1847 678 1891; x_wconf 87' lang='lat' dir='ltr'>parat,</span> <span class='ocrx_word' id='word_1_256' title='bbox 699 1856 856 1891; x_wconf 87' lang='lat' dir='ltr'>puerum</span> <span class='ocrx_word' id='word_1_257' title='bbox 873 1846 1016 1881; x_wconf 90' lang='lat' dir='ltr'>interea</span> <span class='ocrx_word' id='word_1_258' title='bbox 1030 1846 1228 1881; x_wconf 89' lang='lat' dir='ltr'>obtruncat</span> <span class='ocrx_word' id='word_1_259' title='bbox 1240 1846 1480 1891; x_wconf 88' lang='lat' dir='ltr'>membraque</span> <span class='ocrx_word' id='word_1_260' title='bbox 1495 1846 1723 1882; x_wconf 82' lang='lat' dir='ltr'>articulatim</span> 
     </span>
     <span class='ocr_line' id='line_1_27' title="bbox 157 1899 1723 1946; baseline 0 -12"><span class='ocrx_word' id='word_1_261' title='bbox 157 1899 292 1934; x_wconf 90' lang='lat' dir='ltr'>dividit</span> <span class='ocrx_word' id='word_1_262' title='bbox 310 1910 450 1945; x_wconf 89' lang='lat' dir='ltr'>perque</span> <span class='ocrx_word' id='word_1_263' title='bbox 471 1910 579 1945; x_wconf 85' lang='lat' dir='ltr'>agros</span> <span class='ocrx_word' id='word_1_264' title='bbox 592 1900 733 1945; x_wconf 89' lang='lat' dir='ltr'>passim</span> <span class='ocrx_word' id='word_1_265' title='bbox 747 1899 931 1946; x_wconf 82' lang='lat' dir='ltr'>dispergit</span> <span class='ocrx_word' id='word_1_266' title='bbox 945 1911 1093 1945; x_wconf 82' lang='lat' dir='ltr'>corpus:</span> <span class='ocrx_word' id='word_1_267' title='bbox 1115 1899 1155 1934; x_wconf 91' lang='lat' dir='ltr'>id</span> <span class='ocrx_word' id='word_1_268' title='bbox 1169 1910 1213 1934; x_wconf 92' lang='lat' dir='ltr'>ea</span> <span class='ocrx_word' id='word_1_269' title='bbox 1226 1899 1350 1945; x_wconf 85' lang='lat' dir='ltr'>gratia</span> <span class='ocrx_word' id='word_1_270' title='bbox 1363 1900 1406 1934; x_wconf 91' lang='lat' dir='ltr'>ut</span> <span class='ocrx_word' id='word_1_271' title='bbox 1420 1900 1507 1934; x_wconf 89' lang='lat' dir='ltr'>dum</span> <span class='ocrx_word' id='word_1_272' title='bbox 1521 1900 1601 1934; x_wconf 89' lang='lat' dir='ltr'>nati</span> <span class='ocrx_word' id='word_1_273' title='bbox 1615 1901 1723 1935; x_wconf 87' lang='lat' dir='ltr'>dissi-</span> 
     </span>
     <span class='ocr_line' id='line_1_28' title="bbox 155 1952 1724 1998; baseline 0.001 -11"><span class='ocrx_word' id='word_1_274' title='bbox 155 1954 264 1997; x_wconf 85' lang='lat' dir='ltr'>patos</span> <span class='ocrx_word' id='word_1_275' title='bbox 285 1954 387 1988; x_wconf 87' lang='lat' dir='ltr'>artus</span> <span class='ocrx_word' id='word_1_276' title='bbox 408 1954 578 1998; x_wconf 87' lang='lat' dir='ltr'>captaret</span> <span class='ocrx_word' id='word_1_277' title='bbox 596 1963 741 1998; x_wconf 86' lang='lat' dir='ltr'>parens,</span> <span class='ocrx_word' id='word_1_278' title='bbox 762 1953 846 1998; x_wconf 87' lang='lat' dir='ltr'>ipsa</span> <span class='ocrx_word' id='word_1_279' title='bbox 862 1953 1005 1988; x_wconf 86' lang='lat' dir='ltr'>interea</span> <span class='ocrx_word' id='word_1_280' title='bbox 1019 1952 1210 1998; x_wconf 82' lang='lat' dir='ltr'>effugeret,</span> <span class='ocrx_word' id='word_1_281' title='bbox 1223 1952 1331 1987; x_wconf 87' lang='lat' dir='ltr'>illum</span> <span class='ocrx_word' id='word_1_282' title='bbox 1343 1954 1387 1987; x_wconf 90' lang='lat' dir='ltr'>ut</span> <span class='ocrx_word' id='word_1_283' title='bbox 1398 1964 1544 1987; x_wconf 90' lang='lat' dir='ltr'>maeror</span> <span class='ocrx_word' id='word_1_284' title='bbox 1556 1953 1724 1988; x_wconf 89' lang='lat' dir='ltr'>tardaret</span> 
     </span>
     <span class='ocr_line' id='line_1_29' title="bbox 156 2005 1723 2051; baseline 0.001 -11"><span class='ocrx_word' id='word_1_285' title='bbox 156 2006 271 2050; x_wconf 90' lang='lat' dir='ltr'>sequi,</span> <span class='ocrx_word' id='word_1_286' title='bbox 287 2006 359 2041; x_wconf 85' lang='lat' dir='ltr'>sibi</span> <span class='ocrx_word' id='word_1_287' title='bbox 373 2006 531 2040; x_wconf 87' lang='lat' dir='ltr'>salutem</span> <span class='ocrx_word' id='word_1_288' title='bbox 544 2007 587 2040; x_wconf 90' lang='lat' dir='ltr'>ut</span> <span class='ocrx_word' id='word_1_289' title='bbox 598 2005 778 2040; x_wconf 85' lang='lat' dir='ltr'>familiari</span> <span class='ocrx_word' id='word_1_290' title='bbox 789 2007 939 2051; x_wconf 88' lang='lat' dir='ltr'>pareret</span> <span class='ocrx_word' id='word_1_291' title='bbox 951 2006 1176 2051; x_wconf 87' lang='lat' dir='ltr'>parricidio»</span> <span class='ocrx_word' id='word_1_292' title='bbox 1189 2007 1297 2051; x_wconf 86' lang='lat' dir='ltr'>(trag.</span> <span class='ocrx_word' id='word_1_293' title='bbox 1309 2005 1379 2040; x_wconf 87' lang='lat' dir='ltr'>inc.</span> <span class='ocrx_word' id='word_1_294' title='bbox 1395 2018 1483 2040; x_wconf 83' lang='lat' dir='ltr'>xcm</span> <span class='ocrx_word' id='word_1_295' title='bbox 1496 2006 1564 2051; x_wconf 84' lang='lat' dir='ltr'>R).</span> <span class='ocrx_word' id='word_1_296' title='bbox 1580 2006 1667 2041; x_wconf 87' lang='lat' dir='ltr'>huic</span> <span class='ocrx_word' id='word_1_297' title='bbox 1680 2009 1723 2041; x_wconf 88' lang='lat' dir='ltr'>ut</span> 
     </span>
     <span class='ocr_line' id='line_1_30' title="bbox 156 2058 1721 2104; baseline 0.001 -11"><span class='ocrx_word' id='word_1_298' title='bbox 156 2059 275 2094; x_wconf 87' lang='lat' dir='ltr'>scelus</span> <span class='ocrx_word' id='word_1_299' title='bbox 296 2059 348 2093; x_wconf 88' lang='grc'>816</span> <span class='ocrx_word' id='word_1_300' title='bbox 367 2069 414 2093; x_wconf 87' lang='grc'>116</span> <span class='ocrx_word' id='word_1_301' title='bbox 433 2059 530 2093; x_wconf 83' lang='grc'><strong>16110</strong></span> <span class='ocrx_word' id='word_1_302' title='bbox 551 2059 702 2103; x_wconf 88' lang='lat' dir='ltr'>quidem</span> <span class='ocrx_word' id='word_1_303' title='bbox 722 2059 869 2093; x_wconf 89' lang='lat' dir='ltr'>defuit.’</span> <span class='ocrx_word' id='word_1_304' title='bbox 968 2059 1104 2093; x_wconf 85' lang='lat' dir='ltr'>Versus</span> <span class='ocrx_word' id='word_1_305' title='bbox 1120 2062 1306 2093; x_wconf 79' lang='lat'>266—272</span> <span class='ocrx_word' id='word_1_306' title='bbox 1321 2069 1365 2093; x_wconf 86' lang='lat' dir='ltr'>ex</span> <span class='ocrx_word' id='word_1_307' title='bbox 1378 2058 1511 2094; x_wconf 91' lang='lat' dir='ltr'>Medea</span> <span class='ocrx_word' id='word_1_308' title='bbox 1530 2061 1721 2104; x_wconf 88' lang='lat' dir='ltr'>promptos</span> 
     </span>
     <span class='ocr_line' id='line_1_31' title="bbox 157 2111 1721 2157; baseline 0.001 -11"><span class='ocrx_word' id='word_1_309' title='bbox 157 2111 283 2147; x_wconf 88' lang='lat' dir='ltr'>Cicero</span> <span class='ocrx_word' id='word_1_310' title='bbox 302 2112 383 2156; x_wconf 87' lang='lat' dir='ltr'>ipse</span> <span class='ocrx_word' id='word_1_311' title='bbox 403 2112 599 2146; x_wconf 88' lang='lat' dir='ltr'>indicavit:</span> <span class='ocrx_word' id='word_1_312' title='bbox 622 2111 855 2156; x_wconf 85' lang='lat' dir='ltr'>similemque</span> <span class='ocrx_word' id='word_1_313' title='bbox 875 2111 1144 2146; x_wconf 88' lang='lat' dir='ltr'>sententiarum</span> <span class='ocrx_word' id='word_1_314' title='bbox 1163 2113 1329 2146; x_wconf 88' lang='lat' dir='ltr'>tenorem</span> <span class='ocrx_word' id='word_1_315' title='bbox 1348 2112 1503 2146; x_wconf 89' lang='lat' dir='ltr'>Medeae</span> <span class='ocrx_word' id='word_1_316' title='bbox 1523 2112 1721 2157; x_wconf 88' lang='lat' dir='ltr'>Euripides</span> 
     </span>
     <span class='ocr_line' id='line_1_32' title="bbox 155 2163 1717 2212; baseline 0.002 -14"><span class='ocrx_word' id='word_1_317' title='bbox 155 2164 289 2199; x_wconf 78' lang='lat' dir='ltr'>tribuit</span> <span class='ocrx_word' id='word_1_318' title='bbox 303 2175 324 2199; x_wconf 83' lang='lat' dir='ltr'>a</span> <span class='ocrx_word' id='word_1_319' title='bbox 339 2177 367 2198; x_wconf 92' lang='lat' dir='ltr'>v.</span> <span class='ocrx_word' id='word_1_320' title='bbox 382 2168 450 2199; x_wconf 84' lang='lat'>364</span> <span class='ocrx_word' id='word_1_321' title='bbox 461 2170 583 2205; x_wconf 82' lang='grc' dir='ltr'><strong><em>κακῶς</em></strong></span> <span class='ocrx_word' id='word_1_322' title='bbox 596 2163 807 2208; x_wconf 80' lang='grc' dir='ltr'><em>πέπρακται</em></span> <span class='ocrx_word' id='word_1_323' title='bbox 820 2170 1007 2211; x_wconf 81' lang='grc' dir='ltr'><em>πανταχῇ·</em></span> <span class='ocrx_word' id='word_1_324' title='bbox 1022 2163 1078 2206; x_wconf 81' lang='grc' dir='ltr'>τίς</span> <span class='ocrx_word' id='word_1_325' title='bbox 1091 2165 1239 2209; x_wconf 81' lang='grc' dir='ltr'><em>ἀντερεῖ</em></span> <span class='ocrx_word' id='word_1_326' title='bbox 1244 2181 1254 2209; x_wconf 89' lang='lat'>;</span> <span class='ocrx_word' id='word_1_327' title='bbox 1269 2163 1346 2200; x_wconf 80' lang='grc' dir='ltr'><em>ἀλλ’</em></span> <span class='ocrx_word' id='word_1_328' title='bbox 1365 2165 1446 2200; x_wconf 78' lang='grc' dir='ltr'><em>οὔτι</em></span> <span class='ocrx_word' id='word_1_329' title='bbox 1458 2165 1573 2212; x_wconf 82' lang='grc' dir='ltr'><strong><em>ταύτῃ</em></strong></span> <span class='ocrx_word' id='word_1_330' title='bbox 1587 2172 1717 2209; x_wconf 81' lang='grc' dir='ltr'><strong>ταῦτα,</strong></span> 
     </span>
     <span class='ocr_line' id='line_1_33' title="bbox 155 2215 1719 2264; baseline 0.002 -12"><span class='ocrx_word' id='word_1_331' title='bbox 155 2217 203 2263; x_wconf 90' lang='grc' dir='ltr'>μὴ</span> <span class='ocrx_word' id='word_1_332' title='bbox 223 2216 367 2253; x_wconf 80' lang='grc' dir='ltr'><em>δοκεῖτέ</em></span> <span class='ocrx_word' id='word_1_333' title='bbox 385 2230 452 2253; x_wconf 86' lang='grc' dir='ltr'>πω.</span> <span class='ocrx_word' id='word_1_334' title='bbox 475 2215 526 2252; x_wconf 76' lang='grc' dir='ltr'>ἔτ’</span> <span class='ocrx_word' id='word_1_335' title='bbox 545 2215 612 2252; x_wconf 86' lang='grc' dir='ltr'><em>εἰ’σ’</em></span> <span class='ocrx_word' id='word_1_336' title='bbox 630 2217 771 2262; x_wconf 79' lang='grc' dir='ltr'><em>ἀγῶνες</em></span> <span class='ocrx_word' id='word_1_337' title='bbox 789 2223 867 2259; x_wconf 81' lang='grc' dir='ltr'><em>τοῖς</em></span> <span class='ocrx_word' id='word_1_338' title='bbox 885 2218 1015 2254; x_wconf 84' lang='grc' dir='ltr'><strong><em>νεωστὶ</em></strong></span> <span class='ocrx_word' id='word_1_339' title='bbox 1034 2215 1212 2263; x_wconf 84' lang='grc' dir='ltr'><em>νυμφίοις</em></span> <span class='ocrx_word' id='word_1_340' title='bbox 1231 2218 1295 2253; x_wconf 78' lang='grc' dir='ltr'>καὶ</span> <span class='ocrx_word' id='word_1_341' title='bbox 1314 2224 1410 2253; x_wconf 87' lang='grc' dir='ltr'><em>τοῖσι</em></span> <span class='ocrx_word' id='word_1_342' title='bbox 1429 2219 1654 2264; x_wconf 76' lang='grc' dir='ltr'><em>κηδεύσασιν</em></span> <span class='ocrx_word' id='word_1_343' title='bbox 1676 2221 1719 2255; x_wconf 81' lang='grc' dir='ltr'>οὐ</span> 
     </span>
     <span class='ocr_line' id='line_1_34' title="bbox 155 2268 1719 2316; baseline 0.002 -11"><span class='ocrx_word' id='word_1_344' title='bbox 155 2270 302 2316; x_wconf 83' lang='grc' dir='ltr'><em>σμικροὶ</em></span> <span class='ocrx_word' id='word_1_345' title='bbox 321 2268 441 2306; x_wconf 81' lang='grc' dir='ltr'><em>πόνοι.</em></span> <span class='ocrx_word' id='word_1_346' title='bbox 463 2272 587 2312; x_wconf 77' lang='grc' dir='ltr'><em>δοκεῖς</em></span> <span class='ocrx_word' id='word_1_347' title='bbox 605 2270 675 2316; x_wconf 79' lang='grc' dir='ltr'>γὰρ</span> <span class='ocrx_word' id='word_1_348' title='bbox 697 2270 744 2306; x_wconf 79' lang='grc' dir='ltr'>ἄν</span> <span class='ocrx_word' id='word_1_349' title='bbox 764 2283 806 2315; x_wconf 84' lang='grc' dir='ltr'>με</span> <span class='ocrx_word' id='word_1_350' title='bbox 825 2270 934 2306; x_wconf 82' lang='grc' dir='ltr'><strong><em>τόνδε</em></strong></span> <span class='ocrx_word' id='word_1_351' title='bbox 953 2269 1151 2307; x_wconf 79' lang='grc' dir='ltr'><em>θωπεῦσαί</em></span> <span class='ocrx_word' id='word_1_352' title='bbox 1170 2283 1271 2315; x_wconf 84' lang='grc' dir='ltr'><strong>ποτε,</strong></span> <span class='ocrx_word' id='word_1_353' title='bbox 1286 2271 1318 2307; x_wconf 80' lang='grc' dir='ltr'>εἰ</span> <span class='ocrx_word' id='word_1_354' title='bbox 1331 2271 1380 2316; x_wconf 88' lang='grc' dir='ltr'>μή</span> <span class='ocrx_word' id='word_1_355' title='bbox 1392 2285 1427 2307; x_wconf 88' lang='grc' dir='ltr'>τι</span> <span class='ocrx_word' id='word_1_356' title='bbox 1447 2270 1719 2316; x_wconf 81' lang='grc' dir='ltr'><em>κερδαίνουσαν</em></span> 
     </span>
     <span class='ocr_line' id='line_1_35' title="bbox 154 2322 1719 2372; baseline 0.001 -13"><span class='ocrx_word' id='word_1_357' title='bbox 154 2322 177 2368; x_wconf 79' lang='grc' dir='ltr'>ἢ</span> <span class='ocrx_word' id='word_1_358' title='bbox 196 2322 443 2371; x_wconf 80' lang='grc' dir='ltr'><strong><em>τεχνωμένην;</em></strong></span> <span class='ocrx_word' id='word_1_359' title='bbox 471 2322 554 2359; x_wconf 75' lang='grc' dir='ltr'><em>οὐδ’</em></span> <span class='ocrx_word' id='word_1_360' title='bbox 579 2322 625 2359; x_wconf 71' lang='grc' dir='ltr'>ἂν</span> <span class='ocrx_word' id='word_1_361' title='bbox 645 2329 850 2368; x_wconf 81' lang='grc' dir='ltr'><em>προσεῖπον</em></span> <span class='ocrx_word' id='word_1_362' title='bbox 870 2322 953 2360; x_wconf 77' lang='grc' dir='ltr'><em>οὐδ’</em></span> <span class='ocrx_word' id='word_1_363' title='bbox 974 2322 1020 2359; x_wconf 74' lang='grc' dir='ltr'>ἂν</span> <span class='ocrx_word' id='word_1_364' title='bbox 1040 2324 1196 2370; x_wconf 77' lang='grc' dir='ltr'><em>ἡψάμην</em></span> <span class='ocrx_word' id='word_1_365' title='bbox 1215 2330 1350 2372; x_wconf 82' lang='grc' dir='ltr'><em>χεροῖν.</em></span> <span class='ocrx_word' id='word_1_366' title='bbox 1373 2324 1392 2360; x_wconf 87' lang='grc' dir='ltr'>ὁ</span> <span class='ocrx_word' id='word_1_367' title='bbox 1415 2323 1452 2360; x_wconf 82' lang='grc' dir='ltr'>δ’</span> <span class='ocrx_word' id='word_1_368' title='bbox 1471 2325 1524 2367; x_wconf 81' lang='grc' dir='ltr'>εἰς</span> <span class='ocrx_word' id='word_1_369' title='bbox 1542 2332 1719 2361; x_wconf 83' lang='grc' dir='ltr'><em>τοσοῦτον</em></span> 
     </span>
     <span class='ocr_line' id='line_1_36' title="bbox 155 2375 1716 2425; baseline 0.001 -13"><span class='ocrx_word' id='word_1_370' title='bbox 155 2375 296 2421; x_wconf 83' lang='grc' dir='ltr'><strong><em>μωρίας</em></strong></span> <span class='ocrx_word' id='word_1_371' title='bbox 315 2375 483 2422; x_wconf 80' lang='grc' dir='ltr'><strong>ἀφίκετο,</strong></span> <span class='ocrx_word' id='word_1_372' title='bbox 504 2375 589 2413; x_wconf 76' lang='grc' dir='ltr'><strong><em>ὥστ’</em></strong></span> <span class='ocrx_word' id='word_1_373' title='bbox 607 2377 689 2419; x_wconf 81' lang='grc' dir='ltr'><strong><em>ἐξὸν</em></strong></span> <span class='ocrx_word' id='word_1_374' title='bbox 709 2377 809 2424; x_wconf 81' lang='grc' dir='ltr'><em>αὐτῷ</em></span> <span class='ocrx_word' id='word_1_375' title='bbox 829 2375 915 2423; x_wconf 79' lang='grc' dir='ltr'>τᾶμ’</span> <span class='ocrx_word' id='word_1_376' title='bbox 934 2377 1027 2413; x_wconf 80' lang='grc' dir='ltr'><em>ἑλεῖν</em></span> <span class='ocrx_word' id='word_1_377' title='bbox 1046 2378 1279 2424; x_wconf 79' lang='grc' dir='ltr'><em>βουλεύματα</em></span> <span class='ocrx_word' id='word_1_378' title='bbox 1299 2384 1365 2424; x_wconf 77' lang='grc' dir='ltr'>γῆς</span> <span class='ocrx_word' id='word_1_379' title='bbox 1386 2377 1589 2425; x_wconf 80' lang='grc' dir='ltr'><strong>ἐκβαλόντι,</strong></span> <span class='ocrx_word' id='word_1_380' title='bbox 1609 2378 1716 2424; x_wconf 82' lang='grc' dir='ltr'><strong><em>τήνδ’</em></strong></span> 
     </span>
    </p>
   </div>
   <div class='ocr_carea' id='block_1_7' title="bbox 154 2474 436 2482">
    <p class='ocr_par' dir='ltr' id='par_1_7' title="bbox 154 2474 436 2482">
     <span class='ocr_line' id='line_1_37' title="bbox 154 2474 436 2482; baseline 0 0"><span class='ocrx_word' id='word_1_381' title='bbox 154 2474 436 2482; x_wconf 95' lang='lat' dir='ltr'> </span> 
     </span>
    </p>
   </div>
   <div class='ocr_carea' id='block_1_8' title="bbox 147 2547 1718 2955">
    <p class='ocr_par' dir='ltr' id='par_1_8' title="bbox 147 2547 1718 2955">
     <span class='ocr_line' id='line_1_38' title="bbox 274 2547 1718 2597; baseline 0.001 -10"><span class='ocrx_word' id='word_1_382' title='bbox 274 2550 357 2587; x_wconf 86' lang='grc'>267</span> <span class='ocrx_word' id='word_1_383' title='bbox 379 2549 440 2586; x_wconf 90' lang='grc'><strong>1111</strong></span> <span class='ocrx_word' id='word_1_384' title='bbox 458 2548 699 2592; x_wconf 75' lang='lat' dir='ltr'>Ribbeckius,</span> <span class='ocrx_word' id='word_1_385' title='bbox 719 2550 763 2586; x_wconf 70' lang='lat' dir='ltr'>ut</span> <span class='ocrx_word' id='word_1_386' title='bbox 781 2551 835 2587; x_wconf 72' lang='lat' dir='ltr'>est</span> <span class='ocrx_word' id='word_1_387' title='bbox 851 2550 894 2587; x_wconf 74' lang='lat' dir='ltr'>in</span> <span class='ocrx_word' id='word_1_388' title='bbox 916 2547 1077 2588; x_wconf 72' lang='lat' dir='ltr'>Graecis</span> <span class='ocrx_word' id='word_1_389' title='bbox 1098 2547 1180 2597; x_wconf 83' lang='grc'>368</span> <span class='ocrx_word' id='word_1_390' title='bbox 1203 2547 1332 2588; x_wconf 75' lang='grc' dir='ltr'><em>τόνδεε</em></span> <span class='ocrx_word' id='word_1_391' title='bbox 1352 2550 1433 2589; x_wconf 82' lang='lat' dir='ltr'>illis</span> <span class='ocrx_word' id='word_1_392' title='bbox 1557 2552 1641 2589; x_wconf 87' lang='grc'>268</span> <span class='ocrx_word' id='word_1_393' title='bbox 1665 2552 1718 2589; x_wconf 87' lang='lat' dir='ltr'>Ni</span> 
     </span>
     <span class='ocr_line' id='line_1_39' title="bbox 154 2601 1717 2661; baseline 0.001 -15"><span class='ocrx_word' id='word_1_394' title='bbox 154 2608 203 2646; x_wconf 92' lang='lat' dir='ltr'>ob</span> <span class='ocrx_word' id='word_1_395' title='bbox 222 2620 304 2646; x_wconf 83' lang='lat' dir='ltr'>rem</span> <span class='ocrx_word' id='word_1_396' title='bbox 323 2609 462 2656; x_wconf 71' lang='lat' dir='ltr'>scripsi</span> <span class='ocrx_word' id='word_1_397' title='bbox 482 2602 575 2660; x_wconf 76' lang='lat' dir='ltr'>(pro</span> <span class='ocrx_word' id='word_1_398' title='bbox 595 2601 769 2660; x_wconf 85' lang='lat' dir='ltr'>niobem)</span> <span class='ocrx_word' id='word_1_399' title='bbox 791 2610 1069 2648; x_wconf 74' lang='lat' dir='ltr'>accommodate</span> <span class='ocrx_word' id='word_1_400' title='bbox 1094 2610 1147 2648; x_wconf 83' lang='lat' dir='ltr'>ad</span> <span class='ocrx_word' id='word_1_401' title='bbox 1168 2608 1322 2648; x_wconf 78' lang='lat' dir='ltr'>Graeca</span> <span class='ocrx_word' id='word_1_402' title='bbox 1343 2607 1426 2658; x_wconf 81' lang='grc'>369</span> <span class='ocrx_word' id='word_1_403' title='bbox 1447 2609 1482 2648; x_wconf 85' lang='grc' dir='ltr'>εἰ</span> <span class='ocrx_word' id='word_1_404' title='bbox 1501 2608 1554 2660; x_wconf 83' lang='grc' dir='ltr'>μή</span> <span class='ocrx_word' id='word_1_405' title='bbox 1574 2624 1609 2648; x_wconf 82' lang='grc' dir='ltr'>τι</span> <span class='ocrx_word' id='word_1_406' title='bbox 1630 2624 1717 2661; x_wconf 80' lang='grc' dir='ltr'><strong><em>κερ-</em></strong></span> 
     </span>
     <span class='ocr_line' id='line_1_40' title="bbox 155 2666 1717 2717; baseline 0.002 -13"><span class='ocrx_word' id='word_1_407' title='bbox 155 2666 385 2717; x_wconf 82' lang='grc' dir='ltr'><strong>δαίνουσαν,</strong></span> <span class='ocrx_word' id='word_1_408' title='bbox 404 2679 482 2705; x_wconf 75' lang='lat' dir='ltr'>non</span> <span class='ocrx_word' id='word_1_409' title='bbox 501 2668 631 2704; x_wconf 75' lang='lat' dir='ltr'>minus</span> <span class='ocrx_word' id='word_1_410' title='bbox 656 2667 708 2704; x_wconf 81' lang='lat' dir='ltr'>ad</span> <span class='ocrx_word' id='word_1_411' title='bbox 732 2678 846 2705; x_wconf 75' lang='lat' dir='ltr'>usum</span> <span class='ocrx_word' id='word_1_412' title='bbox 865 2667 1065 2713; x_wconf 74' lang='lat' dir='ltr'>Latmum,</span> <span class='ocrx_word' id='word_1_413' title='bbox 1092 2680 1165 2716; x_wconf 80' lang='lat' dir='ltr'>quo</span> <span class='ocrx_word' id='word_1_414' title='bbox 1190 2680 1266 2707; x_wconf 76' lang='lat' dir='ltr'>usu</span> <span class='ocrx_word' id='word_1_415' title='bbox 1284 2669 1343 2706; x_wconf 73' lang='lat' dir='ltr'>vel</span> <span class='ocrx_word' id='word_1_416' title='bbox 1364 2669 1565 2707; x_wconf 74' lang='lat' dir='ltr'>Terentius</span> <span class='ocrx_word' id='word_1_417' title='bbox 1583 2670 1717 2707; x_wconf 73' lang='lat' dir='ltr'>scribit</span> 
     </span>
     <span class='ocr_line' id='line_1_41' title="bbox 152 2722 1716 2778; baseline 0.002 -15"><span class='ocrx_word' id='word_1_418' title='bbox 152 2726 307 2764; x_wconf 76' lang='lat' dir='ltr'>Plzorm.</span> <span class='ocrx_word' id='word_1_419' title='bbox 325 2724 407 2774; x_wconf 81' lang='lat'>526</span> <span class='ocrx_word' id='word_1_420' title='bbox 429 2726 519 2764; x_wconf 88' lang='lat' dir='ltr'>Non</span> <span class='ocrx_word' id='word_1_421' title='bbox 538 2725 660 2775; x_wconf 91' lang='lat' dir='ltr'>pudet</span> <span class='ocrx_word' id='word_1_422' title='bbox 679 2725 897 2765; x_wconf 79' lang='lat' dir='ltr'>vanitatis?</span> <span class='ocrx_word' id='word_1_423' title='bbox 920 2722 933 2775; x_wconf 89' lang='grc' dir='ltr'>ΙΙ</span> <span class='ocrx_word' id='word_1_424' title='bbox 956 2727 1141 2778; x_wconf 86' lang='grc' dir='ltr'><strong>Μ111111116,</strong></span> <span class='ocrx_word' id='word_1_425' title='bbox 1162 2728 1255 2766; x_wconf 93' lang='lat' dir='ltr'>dum</span> <span class='ocrx_word' id='word_1_426' title='bbox 1275 2728 1323 2766; x_wconf 92' lang='lat' dir='ltr'>ob</span> <span class='ocrx_word' id='word_1_427' title='bbox 1343 2741 1435 2766; x_wconf 89' lang='lat' dir='ltr'>rem.</span> <span class='ocrx_word' id='word_1_428' title='bbox 1450 2727 1561 2766; x_wconf 82' lang='lat' dir='ltr'>Haec</span> <span class='ocrx_word' id='word_1_429' title='bbox 1573 2740 1716 2776; x_wconf 72' lang='lat' dir='ltr'>propo-</span> 
     </span>
     <span class='ocr_line' id='line_1_42' title="bbox 153 2786 1714 2835; baseline 0.001 -13"><span class='ocrx_word' id='word_1_430' title='bbox 153 2787 216 2823; x_wconf 77' lang='lat' dir='ltr'>sui</span> <span class='ocrx_word' id='word_1_431' title='bbox 235 2787 423 2833; x_wconf 77' lang='lat' dir='ltr'>totamque</span> <span class='ocrx_word' id='word_1_432' title='bbox 441 2786 578 2823; x_wconf 76' lang='lat' dir='ltr'>horum</span> <span class='ocrx_word' id='word_1_433' title='bbox 596 2797 779 2823; x_wconf 74' lang='lat' dir='ltr'>versuum</span> <span class='ocrx_word' id='word_1_434' title='bbox 797 2787 985 2824; x_wconf 66' lang='lat' dir='ltr'>rationem</span> <span class='ocrx_word' id='word_1_435' title='bbox 1009 2787 1139 2825; x_wconf 78' lang='lat' dir='ltr'>dedita</span> <span class='ocrx_word' id='word_1_436' title='bbox 1163 2798 1282 2835; x_wconf 72' lang='lat' dir='ltr'>opera</span> <span class='ocrx_word' id='word_1_437' title='bbox 1309 2787 1472 2835; x_wconf 72' lang='lat' dir='ltr'>explicui</span> <span class='ocrx_word' id='word_1_438' title='bbox 1491 2788 1534 2824; x_wconf 74' lang='lat' dir='ltr'>in</span> <span class='ocrx_word' id='word_1_439' title='bbox 1545 2798 1714 2834; x_wconf 72' lang='lat' dir='ltr'>prooem.</span> 
     </span>
     <span class='ocr_line' id='line_1_43' title="bbox 161 2840 1713 2894; baseline 0.004 -16"><span class='ocrx_word' id='word_1_440' title='bbox 161 2854 173 2878; x_wconf 92' lang='lat'>1</span> <span class='ocrx_word' id='word_1_441' title='bbox 186 2841 291 2890; x_wconf 83' lang='lat'><strong><em>877;</em></strong></span> <span class='ocrx_word' id='word_1_442' title='bbox 310 2845 482 2888; x_wconf 67' lang='lat' dir='ltr'>similem,</span> <span class='ocrx_word' id='word_1_443' title='bbox 503 2856 580 2882; x_wconf 69' lang='lat' dir='ltr'>non</span> <span class='ocrx_word' id='word_1_444' title='bbox 609 2855 824 2892; x_wconf 70' lang='lat' dir='ltr'>comparem</span> <span class='ocrx_word' id='word_1_445' title='bbox 849 2847 1074 2884; x_wconf 71' lang='lat' dir='ltr'>sententiam</span> <span class='ocrx_word' id='word_1_446' title='bbox 1096 2858 1130 2884; x_wconf 85' lang='lat' dir='ltr'>a.</span> <span class='ocrx_word' id='word_1_447' title='bbox 1156 2843 1263 2894; x_wconf 79' lang='lat'>1879</span> <span class='ocrx_word' id='word_1_448' title='bbox 1284 2840 1413 2898; x_wconf 61' lang='lat' dir='ltr'>(fRev.</span> <span class='ocrx_word' id='word_1_449' title='bbox 1434 2846 1480 2883; x_wconf 82' lang='lat' dir='ltr'>de</span> <span class='ocrx_word' id='word_1_450' title='bbox 1498 2842 1650 2893; x_wconf 55' lang='lat' dir='ltr'>philol?</span> <span class='ocrx_word' id='word_1_451' title='bbox 1668 2859 1713 2884; x_wconf 93' lang='lat'>111</span> 
     </span>
     <span class='ocr_line' id='line_1_44' title="bbox 147 2898 1714 2955; baseline 0.003 -15"><span class='ocrx_word' id='word_1_452' title='bbox 147 2915 188 2951; x_wconf 65' lang='lat'>2).</span> <span class='ocrx_word' id='word_1_453' title='bbox 199 2898 273 2955; x_wconf 87' lang='lat'>80)</span> <span class='ocrx_word' id='word_1_454' title='bbox 289 2903 415 2942; x_wconf 67' lang='lat' dir='ltr'>attulit</span> <span class='ocrx_word' id='word_1_455' title='bbox 427 2903 474 2940; x_wconf 90' lang='lat' dir='ltr'>L.</span> <span class='ocrx_word' id='word_1_456' title='bbox 486 2903 661 2941; x_wconf 62' lang='lat' dir='ltr'>Hac-etus</span> <span class='ocrx_word' id='word_1_457' title='bbox 759 2904 841 2941; x_wconf 78' lang='lat'>269</span> <span class='ocrx_word' id='word_1_458' title='bbox 857 2915 938 2943; x_wconf 87' lang='grc'><strong>6886</strong></span> <span class='ocrx_word' id='word_1_459' title='bbox 953 2916 996 2943; x_wconf 70' lang='lat' dir='ltr'>ea:</span> <span class='ocrx_word' id='word_1_460' title='bbox 1009 2906 1259 2944; x_wconf 67' lang='lat' dir='ltr'>deterioribus</span> <span class='ocrx_word' id='word_1_461' title='bbox 1266 2906 1410 2953; x_wconf 72' lang='lat' dir='ltr'>paucis</span> <span class='ocrx_word' id='word_1_462' title='bbox 1423 2905 1513 2943; x_wconf 77' lang='lat' dir='ltr'>add.</span> <span class='ocrx_word' id='word_1_463' title='bbox 1521 2905 1714 2945; x_wconf 71' lang='lat' dir='ltr'>Davisius</span> 
     </span>
    </p>
   </div>
  </div>
 </body>
</html>
