2054 3282
321 214 406 257 226
1014 206 1166 242 VARIA

217 334 299 376 103
319 334 444 388 idque
475 331 587 386 quod
619 344 747 384 supra
776 327 982 369 mundum
1013 330 1113 381 erat,
1145 325 1259 381 quod
1291 323 1438 368 aether
1461 325 1704 381 vocabatur,
1729 325 1781 368 de
1805 326 1872 368 sui

319 404 385 445 avi
409 402 580 443 nomine
605 401 719 442 caelo
746 414 900 441 nomen
927 397 1093 452 indidit,
1118 397 1246 452 idque
1270 395 1465 452 Iuppiter
1490 397 1605 452 quod
1630 397 1776 439 aether
1799 412 1872 440 vo-

317 476 435 515 catur
464 472 635 526 placans
666 470 828 524 primus
860 470 1022 511 caelum
1054 468 1304 523 nominavit,
1329 483 1507 523 eamque
1531 468 1718 510 hostiam
1744 483 1871 524 quam

316 543 375 584 ibi
402 541 654 584 sacrificavit
678 544 813 582 totam
840 539 1037 581 adolevit.

1058 661 1125 696 VH

212 724 292 766 107
430 723 516 766 Ubi
536 723 729 779 Iuppiter
747 722 950 778 Neptuno
978 723 1203 778 imperium
1230 721 1302 764 dat
1327 723 1469 778 maris,
1492 725 1541 765 ut
1566 722 1717 765 insulis
1738 723 1871 765 omni-

314 797 392 837 bus
418 799 460 837 et
486 810 593 850 quae
618 795 848 837 secundum
876 809 990 836 mare
1015 795 1110 836 loca
1134 797 1275 836 essent
1301 794 1498 836 omnibus
1524 797 1734 850 regnaret.

1050 934 1135 970 VIII

211 995 293 1038 109
431 995 495 1037 Ea
519 999 770 1051 tempestate
790 995 983 1051 Iuppiter
1009 996 1053 1037 in
1078 999 1224 1038 monte
1243 994 1427 1052 Olympo
1453 996 1682 1038 maximam
1707 998 1872 1050 partem

312 1068 424 1109 vitae
450 1067 616 1109 colebat
641 1070 683 1109 et
709 1082 757 1109 eo
785 1067 836 1108 ad
863 1082 958 1108 eum
985 1067 1029 1108 in
1055 1067 1121 1109 ius
1148 1067 1386 1120 veniebant,
1419 1068 1455 1108 si
1482 1081 1590 1121 quae
1613 1082 1680 1108 res
1706 1067 1750 1109 in
1776 1081 1874 1109 con-

312 1139 517 1180 troversia
542 1142 670 1180 erant.
698 1139 799 1180 item
827 1138 862 1179 si
892 1138 987 1194 quis
1013 1138 1116 1193 quid
1142 1138 1243 1180 novi
1270 1138 1500 1193 invenerat,
1522 1138 1635 1193 quod
1661 1137 1713 1179 ad
1741 1139 1874 1180 vitam

311 1210 538 1251 humanam
565 1210 670 1252 utile
696 1212 817 1264 esset,
843 1224 893 1251 eo
920 1210 1147 1251 veniebant
1174 1212 1301 1264 atque
1326 1208 1419 1251 Iovi
1447 1209 1737 1251 ostendebant.

310 1374 407 1408 telae
427 1385 515 1409 suae
538 1373 757 1420 subiugarit.
778 1373 811 1394 ⁶⁵
824 1385 930 1409 saera
948 1385 1033 1409 vero
1053 1373 1210 1409 historia
1230 1373 1345 1408 etiam
1366 1375 1452 1409 ante
1473 1373 1707 1410 «consedisse
1725 1402 1732 1407 .
1747 1402 1773 1408 ..
1792 1384 1876 1419 por-

311 1428 496 1463 tendisse»
506 1429 541 1472 (v
555 1429 613 1473 98)
628 1429 788 1462 testatur
802 1428 861 1462 cui
882 1439 969 1473 ergo
990 1427 1198 1462 sacrificare
1218 1427 1387 1472 Iuppiter
1404 1427 1529 1472 potuit
1548 1427 1621 1462 nisi
1641 1426 1775 1464 «Caelo
1796 1437 1875 1470 avo,

311 1490 420 1523 quem
435 1508 441 1513 .
459 1508 465 1513 .
482 1508 488 1514 .
505 1480 715 1525 sepultum»
730 1481 812 1526 (11).'

429 1533 495 1567 VH
514 1535 610 1579 (107)
647 1533 866 1569 Lactantius
886 1533 957 1568 div.
972 1533 1058 1568 inst.
1074 1547 1087 1568 1
1108 1538 1164 1577 11,
1178 1537 1222 1568 32
1239 1534 1306 1569 ‘de
1326 1533 1492 1579 Neptuni
1512 1535 1609 1569 sorte
1634 1533 1875 1569 manifestum

311 1588 377 1629 est,
399 1586 502 1621 cuius
528 1597 684 1632 regnum
703 1587 780 1622 tale
798 1586 914 1621 fuisse
935 1587 1092 1622 dicimus
1113 1587 1223 1631 quale
1242 1587 1360 1622 Marci
1379 1587 1519 1623 Antoni
1538 1587 1612 1622 fuit
1631 1615 1638 1622 .
1655 1616 1661 1622 .
1679 1615 1685 1621 .
1707 1587 1760 1622 sic
1775 1587 1876 1632 Nep-

310 1642 400 1674 tuno
420 1640 608 1674 maritima
628 1640 753 1675 omnia
773 1652 856 1675 cum
869 1640 1001 1675 insulis
1016 1640 1253 1675 obvenerunt.
1270 1640 1301 1660 ³³
1313 1640 1498 1686 quomodo
1512 1641 1551 1675 id
1565 1640 1716 1686 probari
1729 1642 1889 1686 potest?

311 1693 484 1727 nimirum
509 1695 652 1728 veteres
677 1694 857 1729 historiae
882 1694 1026 1728 docent.
1055 1693 1231 1738 antiquus
1251 1696 1380 1729 auctor
1399 1694 1638 1738 Euhemerus,
1658 1693 1722 1739 qui
1741 1693 1814 1729 fuit
1833 1704 1878 1728 ex

312 1746 462 1781 civitate
488 1747 666 1791 Messene,
690 1758 748 1782 res
774 1749 899 1794 gestas
925 1747 1020 1782 Iovis
1047 1748 1085 1781 et
1110 1748 1316 1782 ceterorum
1345 1747 1411 1792 qui
1439 1747 1493 1782 dii
1518 1748 1699 1792 putantur
1725 1745 1878 1792 collegit

311 1799 578 1845 historiamque
597 1801 788 1836 contexuit
807 1811 852 1835 ex
870 1800 991 1836 titulis
1012 1801 1051 1835 et
1068 1800 1375 1845 inscriptionibus
1396 1800 1510 1835 sacris
1528 1800 1676 1845 quaein
1694 1800 1877 1845 antiquis-

312 1853 414 1887 simis
439 1853 588 1898 templis
614 1854 851 1889 habebantur
866 1853 1111 1901 ‚maximeque
1130 1854 1170 1888 in
1189 1853 1276 1888 fano
1296 1854 1391 1888 Iovis
1411 1853 1608 1899 Triphylii,
1634 1853 1700 1888 ubi
1725 1864 1877 1888 auream

311 1905 519 1941 columnam
539 1907 700 1952 positam
721 1918 801 1942 esse
821 1907 868 1942 ab
888 1907 970 1952 ipso
989 1907 1074 1942 Iove
1093 1907 1226 1942 titulus
1246 1906 1451 1950 indicabat,
1471 1907 1510 1941 in
1530 1917 1605 1951 qua
1621 1907 1794 1942 columna
1808 1917 1876 1940 sua

311 1960 417 2003 gesta
435 1960 652 2005 perscripsit
670 1963 713 1995 ut
731 1962 1012 1996 monumentum
1032 1960 1192 2005 posteris
1212 1961 1310 1995 esset
1329 1971 1452 1995 rerum
1473 1971 1623 1995 suarum
1643 1960 1702 2005 (cf.
1723 1959 1873 1994 Diodor.

311 2025 347 2047 VI
368 2023 424 2058 ap.
446 2013 577 2048 Euseb.
598 2025 725 2059 praep.
747 2025 800 2049 ev.
821 2027 848 2048 11
874 2017 905 2056 2,
918 2015 987 2060 57).
1007 2014 1038 2034 ³⁴
1050 2014 1147 2049 hanc
1169 2013 1364 2049 historiam
1385 2015 1423 2049 et
1441 2013 1708 2059 interpretatus
1728 2014 1785 2048 est
1803 2013 1876 2047 En-

311 2066 394 2101 nius
415 2068 453 2101 et
471 2068 629 2110 secutus,
650 2068 755 2102 cuius
774 2067 868 2103 haec
887 2068 1001 2102 verba
1021 2069 1107 2102 sunt
1127 2067 1237 2104 «ubi.
1255 2096 1261 2101 .
1279 2096 1286 2101 .
1301 2067 1526 2113 regnaret»)

429 2119 512 2154 VIII
531 2122 627 2166 (109)
670 2120 888 2157 Lactantius
908 2121 980 2156 div.
998 2121 1083 2156 inst.
1105 2134 1118 2156 1
1139 2125 1194 2165 11,
1212 2124 1256 2155 35
1277 2122 1377 2166 (post
1394 2120 1438 2155 fr.
1453 2121 1518 2165 vn)
1535 2121 1681 2166 ‘potest
1706 2122 1744 2155 et
1768 2131 1874 2156 mons

432 2292 513 2330 103
539 2291 724 2330 Duarum
748 2295 1023 2332 sentewte'arum
1047 2294 1096 2331 ab
1121 2293 1240 2342 idque
1260 2293 1490 2332 ordientium
1510 2292 1554 2331 ob
1573 2292 1771 2331 molestam
1789 2294 1874 2330 tau-

312 2350 490 2398 toloqiam
507 2351 601 2389 mihi
612 2353 727 2398 prior
745 2352 836 2390 olim
854 2353 1067 2401 videbatur,
1078 2353 1359 2400 posterioribus
1378 2353 1502 2390 altera
1525 2362 1604 2390 esse
1621 2351 1874 2390 secludenda.-

311 2410 450 2457 quibus
469 2420 534 2458 eqo
551 2422 692 2448 rursus
710 2412 885 2450 accedere
903 2424 982 2450 non
994 2423 1168 2460 possum,
1187 2413 1222 2450 εἰ
1241 2412 1395 2459 quidem
1416 2413 1514 2450 reete
1532 2422 1601 2449 nee
1619 2412 1702 2449 sine
1720 2411 1761 2449 vi
1779 2421 1875 2458 qua·

311 2469 404 2507 dam
415 2469 595 2517 Iuppiter
605 2470 809 2517 placans
828 2466 881 2524 (h.
897 2482 925 2509 e.
932 2481 1114 2518 precans,
1129 2465 1405 2522 ἱλασκόμενος)
1418 2472 1499 2508 sive
1516 2471 1617 2508 inter
1627 2470 1873 2518 precandum

303 2529 460 2575 primas
484 2528 639 2567 aethera
663 2530 809 2567 caelum
834 2531 1051 2578 appellasse
1074 2531 1238 2577 ‹licitum-
1262 2531 1305 2568 in
1323 2531 1458 2577 priore
1485 2530 1672 2567 sententia
1691 2528 1792 2576 quod
1817 2529 1874 2567 vi-

311 2588 421 2626 detur
446 2599 526 2626 esse
549 2589 828 2627 incommodum
847 2591 1043 2634 orationis,
1066 2590 1099 2628 ei
1116 2591 1225 2628 var-ie
1243 2591 1513 2634 occurrerunt,·
1532 2589 1623 2626 aliis
1634 2588 1875 2635 praestiterit

311 2647 347 2684 ei
365 2657 579 2694 pronomen
604 2647 758 2692 addere,
777 2651 819 2686 ut
843 2650 898 2687 ita
917 2649 1021 2687 dicat
1038 2649 1157 2698 idque
1177 2648 1281 2698 quod
1303 2679 1310 2685 .
1333 2679 1339 2685 .
1360 2647 1590 2696 vocabatur,
1609 2648 1652 2684 ei
1672 2676 1681 2685 .
1702 2677 1709 2684 .
1730 2658 1871 2684 nomen

310 2706 467 2751 indidit,
492 2707 595 2745 velut
617 2706 782 2745 Plautus
806 2708 888 2746 eius
915 2719 1048 2746 servus
1075 2708 1143 2757 qui
1167 2708 1271 2745 hunc
1293 2707 1455 2755 ferebat,
1485 2708 1527 2745 ei
1557 2718 1599 2744 os
1625 2705 1789 2753 sublevi,
1813 2705 1874 2743 vel

311 2767 395 2803 sine
412 2777 527 2812 pron«.
547 2766 750 2804 demonstr.
770 2767 990 2804 eunuchum
1011 2780 1126 2816 quem
1152 2767 1297 2805 dedisti
1323 2778 1420 2816 quas
1446 2765 1582 2803 turbas
1603 2764 1712 2802 dedit
1733 2765 1873 2802 Teren-

313 2825 408 2862 tius:
425 2827 469 2862 ut
487 2825 523 2862 ei
541 2836 590 2863 ne
608 2825 843 2864 desideretur
861 2826 1012 2872 quidem
1031 2827 1203 2865 oratione
1216 2826 1347 2864 eadem
1457 2825 1539 2862 104
1562 2823 1669 2862 caelo
1683 2823 1770 2861 Put.
1787 2823 1871 2862 Val.

312 2883 465 2920 caelum
491 2885 602 2922 ceteri
723 2885 805 2923 107
826 2884 883 2922 ibi
902 2884 1002 2923 Bon.
1023 2897 1072 2923 m.
1086 2897 1150 2933 pr.
1172 2887 1206 2922 et
1230 2885 1322 2923 Par.
1336 2884 1367 2922 S
1483 2884 1529 2921 ut
1549 2883 1631 2921 edd.
1651 2883 1725 2920 hoc
1750 2884 1809 2920 est
1827 2883 1873 2919 ut

312 2941 404 2980 Par.
417 2941 448 2980 S
464 2942 548 2981 Pal.
569 2945 607 2981 et
626 2945 748 2988 ceteri,
767 2944 871 2982 mule
889 2945 948 2981 et.
966 2973 973 2980 .
993 2957 1156 2995 regnare
1176 2944 1380 2982 Han-telius

2043 276 2054 349 :ns-d.
2048 191 2054 244 .⁴*—
2046 140 2054 163 «a.

2034 2882 2040 2894 =
2024 2698 2051 2781 'ew‘
