2054 3282
711 178 971 214 ANNALIUM
995 179 1082 214 LIB.
1103 179 1137 214 X
1647 179 1700 221 61

147 300 231 342 341
266 298 383 355 Apta
414 299 535 355 solet,
561 300 597 342 si
628 300 740 342 forte
762 301 877 354 feras
908 315 960 341 ex
990 315 1091 342 nare
1122 300 1265 356 sagaci

270 370 425 427 Sensit,
456 386 558 414 voce
591 386 667 413 sua
697 371 823 413 nictit
854 370 1076 425 ululatque
1108 371 1169 412 ibi
1201 374 1320 413 acute

908 464 942 497 X

145 525 231 567 343
262 524 525 580 Aspectabat
555 525 758 567 virtutem
789 525 972 581 legionis
1004 526 1098 566 suai

261 596 504 651 Expectans
537 597 573 637 si
605 599 815 639 mussaret
848 595 1114 652 [dubitaret]
1146 610 1253 650 quae
1286 595 1468 650 denique
1499 610 1628 638 causa

144 666 230 709 345
262 667 488 724 Pugnandi
518 668 640 709 fieret
671 670 746 709 aut
778 667 872 709 duri
902 668 1004 721 finis
1034 666 1207 708 laboris.

143 827 228 869 346
901 771 952 806 XI
1083 827 1299 868 horitatur

261 898 545 953 Induperator

897 966 965 1001 ΧΠ

146 1028 231 1070 348
263 1028 403 1085 Regni
434 1031 648 1071 versatum
682 1043 891 1070 summam
923 1041 1069 1070 venere
1100 1027 1342 1070 columnam

144 1168 194 1199 as,
210 1156 260 1191 cii
272 1157 331 1192 vel
344 1157 473 1202 nictui,
488 1158 589 1202 quod
601 1158 750 1203 proprie
764 1157 927 1202 pertinet
947 1157 995 1191 ad
1015 1167 1135 1200 canes,
1158 1157 1307 1202 quando
1327 1157 1532 1192 bestiarum
1550 1156 1710 1202 vestigia

141 1211 405 1255 insequuntu13
418 1212 518 1246 unde
532 1213 569 1246 et
582 1212 761 1247 Caecilius
774 1211 820 1245 de
834 1211 997 1255 quodam
1008 1221 1098 1245 cane
1113 1211 1207 1245 bene
1217 1211 1342 1255 inquit
1356 1211 1485 1247 «nictit
1496 1210 1706 1255 holetque».³

261 1263 312 1299 Cf.
329 1264 501 1300 Goetzius
515 1265 638 1301 melet.
654 1264 791 1300 Festin.
808 1264 896 1310 (ind.
909 1263 1021 1298 schol.
1036 1263 1110 1298 Ien.
1126 1267 1215 1299 1885
1220 1264 1238 1311 s
1243 1266 1302 1309 86)
1317 1276 1352 1309 p.
1367 1277 1433 1299 vm
1447 1263 1531 1298 adn.
1548 1263 1583 1298 C.
1600 1263 1655 1298 Gl.
1668 1263 1706 1298 L.

145 1331 183 1353 VI
205 1321 222 1351 1
245 1330 280 1362 p.
304 1321 380 1352 738.

260 1371 293 1405 Χ
313 1373 408 1417 (343)
441 1371 587 1406 Servius
607 1371 727 1406 Vatic.
749 1371 789 1405 in
814 1381 937 1416 georg.
960 1384 996 1405 1v
1018 1373 1084 1404 188
1104 1383 1139 1416 p.
1162 1374 1241 1415 334,
1258 1375 1301 1405 22
1317 1370 1411 1405 Thil.
1436 1371 1626 1404 ‘mussant
1644 1370 1707 1404 hic

141 1426 384 1459 murmurant.
408 1435 504 1469 quae
524 1435 593 1458 vox
612 1424 765 1469 ponitur
784 1425 821 1458 et
840 1424 879 1458 in
898 1424 1048 1458 tacendi
1069 1423 1354 1468 significatione,
1375 1425 1418 1458 ut
1433 1424 1534 1468 apud
1546 1423 1708 1457 Ennium

142 1477 182 1511 in
195 1490 270 1511 xvn
284 1478 364 1524 [v1]‚
377 1477 565 1512 interdum
585 1478 622 1512 et
640 1487 707 1522 pro
729 1477 900 1512 dubitare
913 1478 956 1511 ut
970 1477 1075 1523 [Aen.
1091 1490 1143 1511 ΧΠ
1161 1478 1255 1523 657}
1276 1478 1445 1511 mussant
1465 1478 1591 1511 autem
1609 1488 1708 1511 mur-

141 1531 292 1565 murant
310 1530 451 1566 Ennius
477 1531 517 1565 in
536 1544 560 1565 x
578 1530 631 1565 sic
651 1530 706 1565 ait
725 1530 970 1575 «aspectabat
982 1542 1013 1564 v.
1028 1530 1187 1575 legionis
1205 1532 1279 1566 sive
1297 1535 1462 1576 spectans
1482 1530 1513 1564 si
1531 1534 1709 1566 mussaret

142 1583 394 1628 dubitur-etque
413 1584 573 1629 denique
593 1595 741 1619 eausam
754 1596 789 1628 p.
802 1583 826 1617 f.
844 1584 909 1617 aut
928 1583 1015 1618 duri
1035 1584 1222 1619 labores».'
1320 1584 1456 1618 Nestor
1468 1583 1707 1618 Novariensis

143 1637 198 1671 ed.
215 1636 304 1672 Ven.
328 1648 359 1671 a.
383 1641 474 1672 1496
493 1649 529 1682 p.
553 1640 596 1672 68
619 1638 763 1672 ‘musso
790 1648 873 1672 cum
893 1636 1084 1682 duplicato
1099 1649 1115 1671 s
1136 1637 1251 1672 etiam
1263 1648 1330 1682 pro
1350 1648 1537 1672 murmuro
1556 1637 1708 1682 ponitur

143 1690 355 1725 auctoribus
375 1691 485 1725 Festo
505 1692 553 1736 (p.
571 1694 637 1725 127
653 1690 733 1736 Th.)
749 1692 786 1725 et
805 1690 926 1725 Nonio
942 1692 989 1735 (p.
1006 1692 1098 1737 427).
1114 1690 1256 1725 Ennius
1272 1690 1516 1736 «aspectabat
1535 1703 1565 1725 v.
1580 1691 1604 1724 l.
1619 1702 1708 1726 suae

143 1748 353 1789 exspectans
372 1744 403 1778 si
423 1744 705 1780 mussitarent».’

260 1797 311 1831 XI
330 1798 425 1843 (346)
463 1797 662 1832 Diomedes
682 1810 695 1831 1
713 1809 749 1841 p.
766 1800 844 1840 382,
860 1801 906 1831 24
924 1797 967 1832 K.
986 1797 1176 1832 ‘hortatur
1201 1797 1302 1842 quod
1327 1797 1438 1843 vulgo
1465 1797 1622 1832 dicimus
1647 1808 1706 1832 ve-

142 1851 239 1885 teres
253 1850 425 1885 nonnulli
438 1851 581 1886 horitur
595 1850 768 1886 dixerunt
780 1852 823 1885 ut
835 1850 977 1885 Ennius
993 1852 1096 1885 sexto
1111 1851 1254 1886 decimo
1269 1850 1461 1885 annalium
1476 1851 1592 1898 [xxn]
1607 1851 1708 1885 idem

142 1903 181 1937 in
202 1903 346 1938 decimo
367 1904 532 1940 «horitur
550 1903 817 1949 induperator»
838 1904 946 1949 quasi
966 1904 1089 1949 specie
1110 1904 1358 1939 iterativa.'

259 1957 326 1991 ΧΠ
345 1958 441 2002 (348)
480 1957 647 1992 Donatus
667 1957 707 1991 in
720 1957 801 1992 Ter.
817 1957 961 1992 Phorm.
977 1971 1004 1992 11
1020 1962 1052 2002 1,
1067 1961 1110 1992 57
1129 1957 1320 1992 ‘columen
1339 1968 1424 1992 vero
1444 1957 1628 1992 familiae:
1648 1968 1706 1991 co-

141 2009 267 2045 lumen
287 2010 443 2045 culmen.
460 2021 508 2045 an
528 2010 698 2045 columen
719 2010 914 2045 columna?
936 2039 941 2045 .
959 2039 965 2045 .
983 2039 988 2044 .
1010 2010 1187 2046 Horatius
1209 2011 1337 2045 contra
1356 2021 1422 2055 pro
1443 2009 1627 2044 columine
1648 2021 1706 2044 eo-

141 2063 307 2098 lumnam
321 2065 444 2109 (carm.
460 2077 473 2098 1
494 2067 549 2108 35,
566 2065 622 2109 14)
638 2063 839 2100 «iniurioso
860 2074 906 2098 ne
921 2064 1017 2108 pede
1030 2074 1185 2109 proruas
1200 2064 1361 2098 stantem
1375 2063 1618 2106 columnam»,
1633 2063 1706 2097 En-

142 2116 225 2150 nius
245 2130 268 2150 x
288 2116 417 2162 «regni
436 2129 466 2150 v.
489 2128 515 2150 s.
536 2128 617 2152 vero
638 2116 897 2152 columnam».'

263 2265 344 2302 341
373 2264 477 2302 feras
505 2264 657 2302 addidit
677 2263 718 2302 O.
733 2264 951 2302 Muellerus
1087 2263 1134 2302 A.
1156 2276 1183 2302 s.
1205 2260 1309 2302 cani'
1329 2265 1431 2303 forte
1456 2265 1581 2303 feram
1607 2266 1640 2303 si
1660 2277 1705 2303 ex

141 2322 324 2372 Scaliyer,
341 2323 555 2368 Turnebus,
570 2324 637 2362 sed
649 2324 822 2371 pluralis
842 2323 945 2361 feras
959 2323 1067 2361 Festi
1083 2324 1208 2362 verbis
1228 2325 1536 2370 commendatum
1556 2325 1706 2372 aliquid

143 2383 279 2421 eoloris
298 2383 454 2421 eluxisse
472 2383 595 2421 simile
614 2383 766 2422 videtur
785 2394 829 2421 ex
841 2383 966 2421 Iliad.
988 2395 1015 2420 x
1035 2392 1049 2418 1
1061 2380 1113 2429 83
1136 2379 1189 2429 ὥς
1209 2380 1250 2421 δὲ
1270 2382 1387 2430 κύνες
1405 2381 1493 2435 περὶ
1513 2385 1615 2434 μῆλα
1635 2383 1705 2421 δυ-

144 2440 374 2494 σωρήσωσιν
399 2440 442 2480 ἐν
468 2440 569 2497 αὐλῇ
601 2440 728 2494 θηρὸς
754 2440 992 2488 ἀκούσαντες
1017 2440 1345 2494 κρατερόφρονος,
1371 2441 1455 2481 ὅστε
1479 2437 1575 2480 καθ’
1604 2442 1704 2493 ὕλην

143 2499 298 2552 ἔρχηται
317 2495 369 2539 δι’
389 2499 542 2553 ὄρεσφι·
557 2500 681 2547 πολὺς
702 2497 737 2539 δ’
756 2499 978 2553 ὀρυμαγδὸς
997 2495 1059 2539 ἐπ’
1076 2500 1181 2556 αὐτῷ
1201 2503 1269 2540 κτλ
1390 2503 1473 2540 342
1495 2499 1630 2540 nictit:
1656 2503 1702 2549 cf.

146 2569 227 2608 492
346 2562 459 2598 acute
471 2560 655 2609 Scaliger,
669 2560 888 2599 Turnebus:
909 2562 1026 2598 acuta
1045 2562 1085 2598 et
1207 2561 1290 2599 343
1311 2561 1468 2612 legioni'
1484 2563 1569 2600 suai
1582 2561 1704 2609 Bery-

143 2619 230 2657 lcius
248 2620 415 2670 legionis
436 2619 671 2670 Suspectans
691 2620 819 2658 Ianus
837 2619 978 2658 Dousa
1145 2621 1230 2658 344
1250 2622 1445 2659 mussaret
1466 2616 1702 2672 [dubitaret]

146 2691 244 2727 quae
264 2678 431 2728 denique
454 2691 573 2717 causa
596 2680 698 2717 idem
718 2682 753 2716 et
768 2680 848 2717 nisi
866 2680 967 2726 quod
984 2691 1111 2728 pausa
1128 2679 1324 2728 Berykius
1504 2680 1587 2717 345
1615 2678 1703 2716 duri

143 2749 269 2786 pausa
286 2737 433 2776 laboris
458 2739 598 2777 Dousa
623 2738 711 2775 duri
735 2738 815 2775 fini’
841 2737 987 2776 laboris
1012 2738 1207 2786 Berykius
1388 2739 1470 2776 346
1504 2738 1704 2775 horitatur

143 2796 319 2844 Huyius:
337 2797 491 2835 horitur
609 2798 695 2845 qu
715 2798 832 2835 verba
849 2798 893 2835 in
911 2798 1007 2835 duos
1026 2798 1206 2836 distribui
1221 2809 1367 2842 versus,
1383 2800 1417 2835 et
1433 2796 1703 2845 induperator,

146 2857 213 2893 etsi
233 2857 290 2894 bis
310 2858 410 2894 terve
429 2859 590 2894 extremo
611 2857 687 2894 loeo
700 2858 882 2903 positum,
896 2858 1073 2904 primum
1090 2868 1169 2895 non
1190 2858 1356 2895 eleterius
1375 2856 1566 2893 obtinebat
1586 2867 1703 2903 quam

149 2922 202 2960 70
220 2915 447 2953 indotuetur
465 2915 533 2963 ibi⁷
555 2925 637 2962 334
658 2916 864 2953 sollicitari
883 2917 922 2953 te
1103 2916 1186 2954 348
1211 2928 1351 2954 venere
1370 2915 1400 2952 I
1403 2915 1587 2962 lberyius:
1610 2927 1700 2953 vero

1763 2970 1767 2997 ἒ
