2004 3278
288 195 466 233 CCXVIII
782 191 826 225 H.
851 190 916 225 DE
941 187 1096 224 LIBRIS
1120 187 1353 242 ENNIANIss

289 308 466 346 rentinus
491 304 652 354 Apuleii
676 301 898 353 persuadet,
923 313 995 350 pro
1020 312 1098 349 quo
1124 299 1221 338 olim
1244 299 1464 349 Phayctica,
1488 300 1693 349 Plaaaesia,
1717 301 1849 350 Hedy-

280 367 453 415 patkica,
477 363 795 411 Hedypathetica,
815 361 896 398 alia
914 358 1111 408 ferebant3
1137 358 1205 397 sed
1223 358 1392 397 fortasse
1410 360 1556 398 rectius
1575 359 1721 399 dixeris
1738 359 1849 410 Apu-

289 425 409 462 leium
434 424 493 461 ita
518 421 720 470 scripsisse
744 419 820 457 fide
845 420 929 457 eius
955 417 1100 457 codicis
1125 417 1304 468 probari3
1329 431 1422 457 nam
1445 419 1548 458 hanc
1566 419 1741 457 Ennium
1765 431 1848 458 car-

286 483 383 521 mini
419 481 717 530 inscriptionem
755 478 892 517 fecisse
930 477 1038 516 haud
1074 478 1154 516 scio
1186 489 1237 515 an
1269 477 1503 516 addubitare
1536 479 1657 517 liceat
1686 480 1851 529 propter

286 542 447 591 Apuleii
470 539 607 586 verba,
634 539 702 587 qui
727 550 816 575 cum
840 539 899 575 ita
924 536 1072 575 scribat
1098 537 1140 585 Q.
1159 536 1319 575 Ennius
1348 537 1646 587 hedyphayctica
1676 538 1850 577 versibus

285 601 441 649 scripsit
471 599 746 650 argumentum
773 596 972 646 quoddam
998 596 1238 647 significare,
1270 609 1349 635 non
1374 596 1513 635 afferre
1537 597 1708 636 indicem
1740 597 1849 636 vide-

286 663 367 698 tur:
393 671 518 708 neque
544 658 648 696 enim
673 658 803 694 totum
822 668 991 704 carmen,
1018 656 1122 705 quod
1145 656 1341 706 ampliora
1359 656 1569 705 complecti
1587 657 1757 706 poterat,
1782 657 1850 695 sed

285 720 438 769 partem
463 718 619 755 tantum
646 715 817 763 adhibet,
844 728 930 753 eam
957 728 1057 764 quae
1082 715 1254 764 piscibus
1280 717 1341 754 est
1358 715 1502 764 dicata,
1528 718 1568 754 et
1589 729 1637 754 ne
1657 728 1744 754 eam
1763 717 1847 766 qui-

287 778 374 816 dem
399 778 604 828 integram.
631 775 772 824 Itaque
797 775 870 813 hoc
896 775 1090 813 incertum
1115 776 1186 824 est,
1211 787 1273 813 res
1299 775 1348 814 ab
1368 775 1497 814 Ennio
1517 776 1713 814 tractatae
1733 788 1849 825 quem

287 837 479 875 ambitum
498 835 710 873 habuerint
729 836 768 872 et
788 846 906 883 quam
925 835 1223 884 inscriptionem
1249 847 1417 873 carmen.
1438 835 1485 872 In
1497 836 1547 874 iis
1563 835 1737 874 versibus
1751 847 1849 884 quos

285 896 476 946 Apuleius
508 895 743 932 meminerat
774 896 866 932 sunt
898 893 1092 943 quaedam
1124 906 1225 943 quae
1250 894 1424 932 Ennium
1457 906 1497 933 se
1525 894 1576 932 ad
1601 894 1850 933 Archestrati

286 955 507 1004 exemplum
532 954 797 1003 composuisse
822 954 1081 1003 patefaciunt,
1113 954 1209 992 olim
1237 966 1261 991 a
1286 967 1348 992 me
1373 954 1446 992 hoc
1471 955 1557 992 loco
1584 954 1720 1002 allata,
1745 967 1849 992 nunc

286 1014 333 1053 ad
360 1026 493 1052 versus
519 1014 625 1062 ipsos
652 1013 861 1062 adscripta.
888 1012 946 1050 De
972 1012 1227 1052 Archestrato
1247 1011 1416 1062 Gelensi,
1442 1015 1552 1052 cuius
1572 1026 1729 1052 carmen
1748 1014 1850 1052 teste

285 1074 490 1111 Athenaeo
510 1072 631 1111 variis
651 1072 888 1120 nominibus,
915 1069 1153 1122 ἡδυπάθεια,
1177 1072 1452 1124 γαστρονομία,
1473 1072 1733 1124 δειπνολογία,
1753 1070 1849 1122 ὀψο-

285 1132 394 1171 ποιία
413 1131 622 1180 ferebatur,
642 1133 733 1181 post
752 1131 1050 1170 Woldemarum
1068 1132 1329 1170 Ribbeckium
1349 1127 1681 1185 (1856-1877)
1702 1131 1848 1171 Paulus

285 1192 483 1230 Brandtus
510 1191 593 1242 egit
615 1192 658 1229 in
677 1193 808 1239 poesis
828 1193 956 1239 epicae
978 1191 1150 1230 Graecae
1170 1192 1409 1230 ludibundae
1427 1192 1520 1230 fasc.
1540 1204 1555 1228 1
1575 1203 1599 1229 a
1617 1205 1653 1241 p.
1678 1192 1761 1229 114
1782 1191 1847 1230 ad-

286 1252 369 1290 dita
394 1251 643 1289 Archestrati
667 1263 852 1289 versuum
877 1251 1134 1300 superstitum
1159 1252 1427 1302 recognitione
1454 1263 1487 1289 a.
1511 1251 1635 1288 1888.

402 1311 569 1348 Restant
595 1310 674 1348 duo
700 1310 791 1348 libri
812 1310 995 1359 Enniani,
1022 1310 1069 1348 de
1097 1310 1237 1360 quibus
1262 1310 1490 1349 brevissime
1517 1322 1742 1360 expromere
1762 1322 1847 1348 sen-

284 1370 450 1408 tentiam
474 1370 616 1419 placet.
644 1369 957 1420 Epicharmus
985 1364 1097 1422 (nam
1121 1369 1155 1408 is
1181 1372 1240 1408 est
1267 1370 1366 1408 alter
1386 1382 1521 1408 eorum
1539 1363 1750 1422 librorum)
1770 1369 1850 1407 iam

285 1429 458 1468 dubitari
489 1429 756 1478 nequit·quin
787 1442 865 1467 uno
891 1432 1017 1467 metro
1042 1429 1241 1468 trochaico
1267 1429 1508 1479 perscriptus
1533 1429 1665 1477 fuerit,
1697 1441 1785 1467 011111
1811 1431 1851 1467 et

285 1501 417 1527 omnes
445 1488 513 1538 qui
539 1489 713 1527 citantur
738 1502 782 1527 ex
809 1488 1048 1539 Epicharmo
1074 1501 1209 1527 versus
1234 1489 1338 1527 hunc
1369 1501 1576 1526 numerum
1608 1488 1779 1539 prodant
1810 1490 1850 1526 et

284 1561 349 1587 eos
376 1560 472 1598 quos
498 1548 593 1586 olim
617 1547 682 1586 hic
708 1548 1035 1586 circumferebant
1059 1548 1305 1587 hexametros
1330 1548 1442 1587 nobis
1467 1547 1777 1598 persuaserimus
1803 1561 1849 1585 ex

285 1608 487 1646 annalium
519 1608 678 1645 exordio
705 1608 931 1657 desumptos
958 1620 1051 1646 esse.
1082 1608 1142 1645 De
1170 1620 1248 1657 qua
1274 1621 1330 1655 re,
1361 1610 1406 1645 ut
1436 1608 1543 1655 olim,
1575 1607 1632 1645 ita
1663 1620 1778 1655 nunc,
1810 1609 1851 1645 et

284 1668 342 1706 bis
375 1666 534 1717 quidem
565 1667 747 1716 disserui,
777 1681 813 1716 p.
835 1679 1042 1716 xxxvnsq.
1076 1680 1164 1705 cum
1192 1666 1400 1716 Varronis,
1432 1667 1482 1705 ad
1515 1679 1630 1716 quem
1661 1667 1849 1716 pleraque

286 1726 515 1777 Epicharmi
534 1727 712 1774 redeunt,
732 1726 779 1764 de
800 1726 1039 1776 Epicharmo
1058 1725 1287 1764 testimonia
1306 1725 1523 1776 disceptavi
1544 1728 1584 1764 et
1595 1739 1632 1775 p.
1648 1737 1848 1775 cxnvnsq.

285 1786 351 1824 ubi
378 1799 477 1835 quae
503 1786 545 1825 in
571 1786 776 1825 annalium
801 1785 996 1835 principio
1015 1785 1188 1824 Homero
1207 1785 1387 1823 tradente
1409 1786 1586 1835 exposita
1606 1784 1754 1823 fuerint
1771 1785 1849 1823 Lu-

286 1846 406 1884 cretio
433 1845 530 1884 duce
555 1847 783 1895 persecutus
816 1857 913 1883 sum.
947 1844 1024 1883 Sed
1048 1845 1109 1883 his
1135 1845 1296 1883 remotis
1323 1857 1368 1883 eo
1395 1844 1595 1883 difficilius
1622 1846 1682 1883 est
1713 1845 1760 1882 de
1790 1844 1848 1882 in-

285 1906 399 1956 genio
425 1904 609 1943 carminis
635 1904 760 1954 deque
787 1917 833 1942 ea
857 1904 1011 1943 ratione
1037 1917 1137 1954 quae
1164 1904 1336 1942 Ennium
1366 1904 1471 1942 inter
1502 1906 1541 1942 et
1566 1904 1849 1954 Epicharmum

284 1964 552 2003 intercesserit
575 1964 760 2003 iudicare.
788 1963 891 2002 Nam
918 1964 1023 2013 quod
1047 1963 1220 2001 Ennium
1245 1963 1327 2002 sive
1353 1963 1529 2013 dispersa
1550 1963 1593 2001 in
1619 1963 1849 2013 Epicharmi

286 2023 496 2062 comoediis
528 2024 762 2073 philosophe
793 2023 900 2062 dicta
931 2024 1163 2072 compilasse
1195 2024 1278 2061 sive
1310 2022 1360 2060 ab
1386 2023 1475 2060 aliis
1501 2023 1728 2060 institutam
1755 2023 1848 2072 Epi-

286 2084 559 2122 charmearum
590 2084 874 2122 sententiarum
905 2083 1178 2121 collectionem
1209 2082 1433 2120 adhibuisse
1465 2083 1547 2120 sive
1576 2082 1745 2131 denique
1771 2083 1848 2120 sin-

287 2143 464 2193 gularem
489 2143 718 2192 Epicharmi
742 2140 831 2193 περὶ
856 2141 1011 2192 φύσεως
1036 2142 1182 2180 librum
1202 2142 1439 2180 convertisse
1460 2141 1645 2180 arbitrati
1664 2142 1766 2189 sunt,
1786 2153 1848 2179 eo-

287 2215 374 2239 rum
399 2203 500 2240 nihil
526 2203 585 2240 est
610 2202 715 2252 quod
741 2202 875 2251 aliquo
895 2202 1154 2251 reliquiarum
1174 2213 1335 2240 assensu
1355 2200 1640 2250 comprobetur.
1667 2199 1752 2238 Hoc
1770 2202 1848 2238 ter-

286 2262 388 2298 tium
408 2262 512 2310 quod
530 2274 739 2311 posueram
758 2262 871 2299 unice
892 2273 1029 2299 verum
1055 2273 1136 2300 esse
1156 2260 1203 2299 U.
1224 2260 1271 2298 de
1290 2259 1854 2298 Wilamowitz-Moellendorff

289 2319 504 2359 affirmavit
533 2322 575 2358 in
607 2321 743 2370 Eurip.
770 2320 926 2359 Hercul.
954 2321 1010 2358 ed.
1032 2333 1046 2357 1
1064 2320 1140 2358 vol.
1161 2332 1176 2357 1
1195 2314 1350 2372 (1889)
1370 2333 1407 2368 p.
1431 2321 1484 2358 29
1494 2332 1563 2369 sq.,
1595 2320 1664 2368 qui
1695 2321 1848 2357 exstare

289 2378 403 2417 docet
422 2379 571 2418 Graeca
597 2392 697 2430 quae
717 2380 869 2418 Ennius
889 2379 1030 2418 Latine
1056 2379 1220 2418 verterit
1242 2380 1325 2417 sive
1344 2378 1573 2428 Epicharmi
1591 2378 1749 2416 nomine
1767 2379 1848 2416 tra-

289 2438 374 2476 dita
404 2439 486 2477 sive
518 2439 624 2488 apud
649 2439 881 2489 Euripidem
913 2440 982 2488 qui
1013 2439 1229 2477 sententias
1261 2438 1541 2487 Epicharmeas
1572 2438 1753 2475 imitatus
1785 2438 1847 2475 sit.

288 2497 468 2546 Eumque
488 2500 643 2536 secutus
663 2497 707 2536 G.
727 2498 931 2537 Kaibelius
951 2499 994 2535 in
1013 2497 1224 2536 commoed.
1246 2496 1382 2535 Graec.
1402 2497 1541 2547 fragm.
1562 2497 1638 2534 vol.
1659 2509 1674 2533 1
1694 2491 1847 2548 (1899)

288 2570 325 2606 p.
340 2557 422 2594 133
432 2569 514 2606 sqq.
528 2557 601 2595 illa
614 2557 845 2606 Epicharmi
857 2558 1081 2608 fragmenta
1094 2555 1244 2595 Graeca
1255 2555 1413 2594 insertn's
1428 2555 1620 2593 Ennianis
1638 2556 1847 2594 recensuit.

290 2615 367 2660 Qui
398 2615 473 2653 duo
505 2616 581 2653 viri
614 2615 720 2654 docti
750 2618 792 2654 in
824 2629 869 2655 00
902 2629 1057 2666 quoque
1082 2616 1334 2654 consentiunt
1359 2614 1463 2664 quod
1487 2614 1633 2652 librum
1659 2614 1847 2663 Epichar-

290 2687 421 2712 meum
453 2669 559 2726 (περὶ
587 2671 781 2727 φύσεως),
814 2688 931 2725 quem
962 2675 1172 2725 Euripides
1204 2675 1406 2725 cognitum
1438 2673 1622 2711 habuerit
1653 2686 1847 2722 quemque

291 2733 457 2771 eundem
481 2746 550 2772 suo
576 2736 751 2783 tempore
777 2735 928 2773 Ennius
960 2736 1114 2773 secutus
1147 2735 1210 2783 sit,
1241 2746 1320 2772 non
1350 2745 1487 2770 verum
1511 2732 1632 2770 fuisse
1658 2732 1847 2781 Epichar-

289 2805 420 2830 meum
445 2805 542 2842 opus
569 2793 798 2831 existimant
822 2794 890 2832 sed
913 2793 1017 2843 quod
1038 2793 1267 2843 Epicharmi
1286 2805 1428 2830 nomen
1447 2792 1682 2829 ementitum
1701 2790 1762 2829 sit.
1789 2791 1848 2828 De

290 2851 481 2901 Euripide
508 2851 665 2901 quidem
692 2854 732 2889 et
750 2852 1140 2902 Pseudepicharmeis
1167 2852 1216 2890 ab
1240 2852 1322 2890 illis
1347 2850 1553 2889 discedunt
1571 2862 1659 2887 cum
1678 2849 1727 2887 H.
1742 2850 1848 2888 Diel-

290 2911 370 2950 sius
403 2905 490 2964 (fol.
511 2910 648 2962 Sibyll.
668 2924 705 2961 p.
728 2906 802 2964 34)
834 2913 921 2950 tum
952 2912 996 2950 E.
1023 2911 1199 2950 Rohdius
1231 2906 1383 2964 (psych.
1403 2923 1440 2961 p.
1463 2903 1612 2963 55111).
1646 2908 1723 2948 Sed
1751 2908 1848 2948 haec
