2054 3282
699 152 959 187 ANNALIUM
983 152 1069 187 LIB.
1091 152 1181 188 INC.
1639 154 1720 195 117

864 270 1024 306 CXLVII

161 331 246 373 626
279 331 403 381 Quod
428 331 565 374 bonus
592 335 635 374 et
659 332 768 374 liber
793 331 979 387 populus

852 447 1029 482 CXLVIII

159 509 242 550 627
857 507 1041 550 Saturno
1068 511 1211 551 sancte
1237 512 1376 551 create

869 624 1012 659 CXLIX

160 686 244 727 628
276 684 406 740 Apud
431 685 669 741 emporium
696 685 740 727 in
767 699 916 741 campo
942 685 1134 728 hostium
1158 700 1237 741 pro
1263 700 1414 728 moene

276 790 467 826 Postrema
480 790 615 834 quibus
629 790 841 826 nominibus
862 790 978 825 dubia
998 791 1063 825 aut
1082 790 1226 825 incerta
1246 792 1312 826 aut
1330 791 1427 826 falsa
1447 791 1532 833 sint,
1554 803 1597 826 ex
1617 792 1720 826 testi-

158 843 292 878 moniis
316 843 513 888 adscriptis
536 843 699 889 intelligi
721 845 855 889 potest.
878 843 980 886 Quae
998 845 1194 889 praeterea
1212 855 1331 889 nuper
1354 844 1402 879 ad
1425 844 1586 879 Ennium
1606 846 1720 879 rettu-

158 897 281 933 lerunt
299 897 408 942 plura
427 899 470 932 ut
488 897 599 931 nimis
618 897 762 932 incerta
782 897 902 933 sciens
922 897 1167 942 praetermisi.

158 1052 253 1087 stud.
266 1051 425 1087 Vindob.
441 1065 468 1086 11
481 1064 516 1097 p.
533 1054 601 1087 305
618 1052 628 1069 ‘
638 1051 745 1087 albus
759 1053 817 1087 est
828 1051 960 1087 tabula
973 1051 1039 1086 ubi
1053 1050 1311 1087 scribebantur
1323 1052 1475 1087 nomina
1489 1052 1638 1087 illorum
1658 1052 1722 1096 qui

158 1106 206 1141 ad
228 1105 404 1141 militiam
429 1105 718 1150 recipiebantur,
739 1106 777 1141 et
797 1105 828 1140 si
849 1105 1069 1151 contigisset
1087 1106 1130 1139 ut
1149 1104 1285 1150 aliquis
1313 1116 1440 1140 eorum
1458 1106 1591 1140 fuisset
1609 1105 1722 1140 inter-

158 1160 314 1204 emptus,
339 1159 598 1204 apponebatur
623 1169 734 1204 super
758 1169 893 1193 nomen
911 1158 1013 1194 illius
1032 1158 1137 1193 theta
1157 1157 1293 1201 littera,
1316 1170 1411 1203 quae
1431 1160 1588 1194 mortem
1608 1159 1722 1204 signi-

157 1213 260 1257 ficat3
280 1212 395 1247 habet
414 1212 513 1247 enim
532 1212 625 1247 haec
640 1212 830 1256 quoddam
843 1212 1030 1258 iugulum3
1050 1212 1149 1246 unde
1163 1211 1304 1247 Ennius
1319 1212 1545 1247 versificator
1559 1212 1721 1257 optimus

157 1277 201 1302 «o
215 1265 374 1300 multum
389 1294 395 1300 .
412 1294 418 1300 .
436 1294 442 1300 .
457 1266 612 1301 theta».'
699 1265 862 1301 Isidorus
877 1266 967 1311 orig.
980 1279 993 1300 1
1008 1270 1038 1308 3,
1052 1269 1072 1300 8
1088 1265 1244 1311 (Hagen.
1258 1266 1385 1300 anecd.
1398 1265 1501 1300 Helv.
1513 1278 1549 1310 p.
1562 1278 1722 1300 cxxxxm

157 1321 225 1365 sq.)
242 1320 252 1336 ‘
262 1319 426 1364 quinque
441 1320 566 1354 autem
579 1330 659 1354 esse
674 1319 774 1364 apud
789 1318 949 1354 Graecos
963 1319 1139 1364 mysticas
1153 1319 1298 1353 litteras
1315 1348 1320 1353 .
1336 1348 1341 1353 .
1357 1348 1362 1353 .
1379 1321 1410 1354 Θ
1426 1319 1589 1354 secunda
1605 1319 1720 1361 theta,

157 1384 253 1418 quae
277 1374 434 1408 mortem
460 1373 674 1419 (significat)
691 1401 815 1407 ......
836 1373 936 1408 unde
962 1374 1000 1407 et
1024 1372 1139 1407 habet
1163 1383 1230 1417 per
1253 1372 1419 1407 medium
1445 1372 1571 1415 telum,
1599 1373 1639 1406 id
1666 1373 1722 1407 est

156 1426 285 1462 mortis
313 1426 470 1472 signum.
490 1427 535 1461 de
556 1437 630 1471 qua
656 1426 810 1471 quidam
830 1437 874 1462 «o
894 1426 1074 1460 multum.
1092 1454 1098 1459 .
1116 1454 1121 1460 .
1137 1426 1242 1460 theta
1263 1427 1311 1471 (Θ
1324 1425 1576 1471 WVolfenb.)».'
1600 1425 1719 1460 Schol.

156 1481 197 1515 in
216 1480 333 1515 Persii
353 1481 421 1514 sat.
436 1483 468 1522 4,
486 1483 528 1514 13
550 1480 602 1525 (et
625 1479 724 1524 potis
744 1490 782 1514 03
801 1479 950 1525 nigrum
970 1479 1060 1514 vitio
1080 1479 1284 1524 praefigere
1304 1479 1422 1524 theta)
1446 1479 1598 1514 ‘merito
1618 1481 1720 1524 θῆτα

157 1533 232 1569 ἀπὸ
252 1539 318 1568 τοῦ
337 1532 520 1576 θανάτου,
535 1533 575 1567 id
589 1534 645 1568 est
659 1543 681 1567 a
694 1534 823 1577 morte,
838 1534 875 1567 et
888 1533 988 1577 quod
1002 1533 1109 1577 quasi
1122 1532 1238 1568 habet
1250 1532 1366 1567 telum
1380 1544 1496 1575 suum,
1518 1532 1602 1567 ideo
1622 1533 1721 1576 quod

156 1587 262 1622 triste
282 1586 514 1632 intellegitur
532 1586 661 1622 mortis
682 1586 839 1631 signum.
854 1586 952 1621 unde
973 1586 1127 1630 quidam
1147 1586 1201 1626 ait
1221 1597 1265 1622 «o
1284 1585 1443 1620 multum
1459 1614 1464 1619 .
1483 1614 1489 1619 .
1507 1614 1512 1619 .
1528 1585 1683 1620 theta».'

276 1640 435 1676 CXLVII
449 1641 545 1686 (626)
578 1640 738 1675 Lexicon
752 1640 896 1675 Terent.
914 1650 935 1674 a
956 1639 992 1674 C.
1008 1639 1163 1674 Barthio
1184 1639 1265 1674 adv.
1281 1652 1421 1674 xxxvm
1437 1642 1480 1673 15
1494 1651 1529 1683 p.
1548 1642 1636 1673 1751
1655 1639 1665 1655 ‘
1677 1649 1720 1673 ex

156 1694 231 1729 MS.
247 1694 409 1739 optimo’
432 1693 520 1728 edit.
535 1693 674 1728 ‘bonus
692 1694 729 1728 et
742 1693 908 1728 liberalis
929 1693 968 1727 in
988 1703 1031 1727 eo
1052 1693 1188 1728 diversi
1208 1694 1303 1735 sunt,
1326 1693 1425 1736 quod
1445 1692 1563 1727 bonus
1585 1693 1640 1727 est
1657 1692 1721 1736 qui

155 1759 223 1794 per
241 1749 414 1782 naturam
434 1758 539 1781 suam
558 1758 632 1782 non
652 1748 771 1789 nocet,
786 1746 952 1781 liberalis
973 1746 1038 1791 qui
1056 1746 1218 1781 libenter
1229 1747 1392 1791 prodest.
1408 1745 1603 1780 Terentius
1621 1745 1721 1780 adel-

156 1801 241 1847 phis
262 1802 357 1847 (463)
379 1811 522 1845 «neque
547 1800 635 1835 boni
656 1799 819 1835 officium
838 1799 988 1834 functus
1009 1810 1046 1834 es
1066 1810 1187 1844 neque
1206 1799 1374 1834 liberalis
1394 1799 1497 1835 viri».
1519 1799 1660 1833 Ennius
1681 1798 1720 1833 in

156 1866 200 1891 eo
215 1854 338 1900 «quod
351 1854 469 1888 bonus
484 1854 521 1888 et
533 1853 629 1888 liber
640 1853 824 1899 populus»
838 1853 908 1888 hoc
922 1854 979 1888 est
990 1853 1183 1888 liberalis.'
1200 1853 1390 1899 (Ennius
1404 1852 1449 1886 in
1462 1852 1605 1897 primo
1626 1851 1719 1887 coni.

158 1908 359 1953 Barthius.)

276 1960 453 1996 CXLVIII
473 1962 568 2006 (627)
600 1959 772 1995 Afferunt
786 1959 965 1995 Columna
985 1962 1022 1995 et
1035 1959 1179 1994 Merula
1200 1970 1219 1994 e
1234 1959 1358 1994 Servio
1379 1959 1419 1993 in
1438 1959 1528 1993 Aen.
1544 1972 1577 2001 x,
1592 1958 1632 1993 in
1646 1969 1719 2002 quo

156 2015 251 2050 libro
271 2014 382 2049 hodie
402 2014 603 2048 versiculus
622 2024 698 2049 non
711 2014 823 2048 extat.
840 2012 891 2047 Cf.
907 2012 1118 2047 Macrobius
1134 2013 1208 2047 Sat.
1224 2026 1260 2047 vx
1282 2016 1311 2055 1,
1328 2016 1371 2046 32
1386 2012 1396 2028 ‘
1407 2013 1507 2057 quod
1521 2023 1637 2057 genus
1650 2012 1720 2047 hoc

156 2068 348 2104 hominum
369 2078 508 2112 quaeve
527 2067 626 2101 hunc
645 2068 724 2101 tam
744 2066 904 2100 barbara
922 2077 1062 2101 morem
1082 2066 1185 2111 (Aen.
1200 2079 1213 2100 1
1234 2067 1326 2111 539).
1343 2065 1474 2100 Furius
1494 2065 1533 2100 in
1546 2078 1582 2100 v1
1597 2066 1720 2110 «quod

158 2133 276 2168 genus
295 2121 366 2156 hoc
385 2120 577 2155 hominum
598 2119 756 2154 Saturno
777 2120 904 2154 sancte
925 2120 1098 2155 creat-e»)

277 2173 419 2209 CXLIX
439 2173 536 2219 (628)
573 2173 704 2208 Festus
721 2183 765 2208 ex
779 2183 905 2218 apogr.
921 2172 943 2206 1.
959 2186 1011 2207 xn
1023 2185 1058 2217 p.
1077 2175 1155 2215 124,
1171 2175 1215 2206 24
1229 2172 1295 2206 Τ11.
1314 2172 1465 2207 ‘moene
1480 2172 1721 2217 singulariter

158 2228 254 2263 dixit
272 2227 412 2262 Ennius
434 2226 558 2271 «apud
579 2226 783 2271 emporium
805 2255 810 2260 .
828 2254 834 2260 .
851 2255 857 2260 .
878 2226 1059 2261 moene».’
1081 2225 1298 2260 Naevium
1323 2237 1390 2270 pro
1413 2225 1533 2260 Ennio
1553 2226 1721 2270 reposuit

158 2282 198 2317 Ο.
219 2280 419 2315 Muellerus
446 2279 618 2315 Saturnio
646 2280 842 2325 descripto.
871 2279 981 2314 Ennii
1006 2279 1262 2314 hexametrum
1288 2279 1334 2314 de
1361 2279 1559 2314 annalibus
1586 2278 1720 2314 statuit

157 2334 416 2370 Baehrensius.
