2054 3282
770 155 1069 192 ALEXANDER
1618 154 1701 196 125

231 278 324 320 Rex
350 278 440 333 ipse
467 277 661 320 Priamus
687 277 854 320 somnio
881 277 1036 319 mentis
1062 279 1179 318 metu

231 349 456 391 Perculsus
483 350 595 391 curis
622 351 818 404 sumptus
845 348 1158 403 suspirantibus

144 420 199 462 39
231 420 567 463 Exsacrificabat
591 419 745 462 hostiis
771 419 1026 461 balantibus.

230 491 339 533 Tum
365 491 652 534 coniecturam
676 491 868 546 postulat
891 504 1039 545 pacem
1057 493 1206 546 petens

230 562 291 605 Ut
317 578 360 605 se
387 563 582 605 edoceret
608 562 832 604 obsecrans
858 560 1104 616 Apollinem

231 633 324 684 Quo
352 649 441 676 sese
466 636 635 676 vertant
659 636 803 676 tantae
829 635 964 675 sortes
992 632 1218 675 somnium.

141 706 198 747 43
230 705 297 747 Ibi
324 721 375 747 ex
401 705 542 747 oraclo
567 719 671 747 voce
698 704 842 746 divina
867 703 1000 746 edidit

230 776 391 832 Apollo
416 792 596 832 puerum
621 777 785 832 primus
810 775 981 817 Priamo
1008 775 1083 830 qui
1108 776 1220 817 foret

142 847 199 890 45
231 847 411 890 Postilla
436 850 562 890 natus
589 850 846 903 temperaret
870 846 1039 888 tollere:

231 919 345 961 Eum
371 934 461 961 esse
488 920 666 962 exitium
693 918 857 973 Troiae,
882 920 1046 973 pestem
1072 917 1294 974 Pergamo.

908 1059 941 1093 II

142 1133 197 1174 47
230 1131 321 1174 Iam
347 1133 507 1174 dudum
533 1132 586 1174 ab
612 1132 725 1174 ludis
751 1133 917 1174 animus
944 1135 1072 1187 atque
1098 1147 1218 1174 aures
1244 1135 1371 1174 avent

231 1203 370 1246 Avide
395 1206 687 1259 exspectantes
713 1204 914 1245 nuntium

899 1343 950 1377 ΠΙ
1740 1353 1948 1381 NARRArio

143 1418 199 1460 49
226 1418 354 1459 Multi
380 1418 454 1459 alii
480 1418 722 1472 adventant,
747 1419 974 1471 paupertas
1001 1431 1183 1471 quorum
1209 1416 1408 1458 obscurat
1434 1416 1608 1459 nomina
1714 1395 1972 1462 DDEELPtffiJIstg

1748 1478 1942 1504 vio'romA

1786 1526 1911 1545 111—vl1

145 1582 453 1624 commenticium,
469 1593 542 1626 quo
555 1581 724 1616 Priamus
739 1582 795 1616 est
809 1581 1061 1624 conturbatus,
1077 1581 1166 1626 quia
1181 1582 1322 1617 «mater
1335 1581 1491 1627 gravida
1506 1610 1511 1615 .
1527 1609 1532 1615 .
1547 1609 1553 1615 .
1569 1581 1704 1626 Perga-

143 1647 202 1670 mo
218 1636 339 1681 (46)».’
440 1634 551 1669 Ennii
564 1634 775 1670 Alexandro
793 1634 860 1669 hos
880 1645 1004 1669 versus
1025 1646 1108 1669 cum
1127 1634 1322 1680 Hartungo
1339 1634 1424 1669 Eur⁴
1439 1636 1523 1669 rest.
1540 1648 1566 1669 11
1585 1647 1619 1679 p.
1637 1638 1704 1668 234

144 1689 317 1724 attribuit
338 1688 567 1723 Ribbeckius
590 1699 658 1723 nec
681 1688 850 1723 dubitavi
873 1699 934 1723 eos
954 1690 996 1722 ut
1015 1688 1104 1722 olim
1123 1688 1193 1723 hoc
1212 1688 1309 1731 loco,
1331 1688 1370 1722 in
1390 1688 1575 1733 principio
1595 1688 1704 1722 huius

143 1742 371 1788 tragoediae,
390 1753 537 1788 ponere.
560 1741 612 1777 Cf.
628 1742 769 1787 Hygini
789 1741 863 1776 fab.
880 1746 934 1776 91.

262 1796 295 1830 H
313 1797 386 1842 (47)
418 1795 535 1831 Varro
556 1796 602 1830 de
621 1795 644 1830 l.
660 1796 698 1830 L.
713 1809 750 1830 VI
770 1798 814 1829 83
832 1795 900 1830 ‘ab
921 1795 1072 1830 auribus
1092 1795 1204 1831 verba
1223 1795 1396 1830 videntur
1416 1795 1517 1830 dicta
1537 1795 1648 1830 audio
1669 1796 1707 1830 et

145 1849 330 1893 auscult03
351 1849 463 1884 audio
484 1849 625 1895 (auris
647 1848 686 1884 O.
702 1848 915 1894 Muellerus)
931 1849 978 1883 ab
993 1859 1093 1893 aveo,
1109 1849 1208 1894 quod
1221 1849 1280 1883 his
1295 1860 1443 1884 avemus
1458 1849 1599 1884 discere
1613 1859 1706 1883 sem-

143 1914 219 1948 per,
241 1903 340 1947 quod
359 1902 501 1937 Ennius
521 1902 667 1937 videtur
687 1902 819 1948 ἔτυμον
839 1903 1032 1937 ostendere
1051 1902 1146 1938 velle
1164 1902 1203 1937 in
1217 1902 1428 1938 Alexandro
1443 1914 1526 1937 cum
1540 1902 1595 1937 ait
1608 1902 1706 1938 «iam

146 1985 151 1990 .
170 1985 175 1990 .
194 1985 199 1991 .
214 1956 437 1992 nuntium».'

262 2009 312 2043 ΙΠ
338 2011 410 2054 (49)
454 2009 664 2044 Macrobius
686 2008 760 2043 Sat.
776 2022 812 2044 v1
834 2012 864 2051 1,
881 2012 923 2043 61
941 2009 1070 2043 ‘multi
1090 2010 1284 2054 praeterea
1304 2020 1396 2054 quos
1422 2009 1524 2043 fama
1550 2009 1706 2043 obscura

145 2062 314 2097 recondit
333 2062 436 2107 (Aen.
451 2075 474 2097 v
488 2064 580 2107 302).
602 2061 743 2096 Ennius
763 2062 802 2096 in
822 2062 1033 2097 Alexandro
1054 2062 1186 2098 «multi
1202 2091 1207 2096 .
1225 2090 1231 2096 .
1250 2090 1255 2096 .
1271 2062 1472 2098 nomina».’

146 2234 276 2283 quiete
291 2235 392 2272 vidit
411 2246 450 2271 se
470 2234 596 2271 facem
617 2232 818 2271 ardentem
834 2245 981 2282 parere.
995 2233 1136 2281 Eurip.
1152 2234 1292 2272 Troad.
1306 2243 1357 2282 92
1371 2244 1384 2269 1
1405 2231 1575 2272 ἀπώλεσε
1595 2233 1707 2285 Τροί-

146 2309 195 2332 αν
215 2308 253 2332 τε
272 2289 365 2345 κᾶμ’
390 2291 410 2331 ὁ
430 2290 600 2344 πρέσβυς
622 2291 669 2331 οὐ
687 2290 840 2330 κτανὼν
865 2290 1012 2344 βρέφος
1040 2292 1185 2332 δαλοῦ
1211 2291 1352 2346 πικρὸν
1373 2288 1515 2344 μίμημ’
1530 2288 1705 2340 Ἀλέξαν-

147 2351 242 2404 δρόν
255 2366 347 2392 ποτε
451 2353 504 2390 39
526 2351 852 2390 Exsacrificabat:
866 2349 1084 2390 ἐκθύεσθαι
1096 2353 1198 2390 velut
1209 2349 1305 2404 ἄγος
1317 2352 1537 2391 Herodotus
1552 2347 1613 2406 (vr
1631 2362 1656 2400 9
1667 2347 1706 2405 1)

147 2413 300 2459 aliique,
325 2424 374 2450 ne
399 2413 484 2459 quis
506 2411 577 2449 Dis
604 2423 700 2449 sacr.
720 2412 836 2449 scribi
859 2411 969 2449 malit
1107 2413 1162 2450 43
1183 2411 1260 2450 Ubi
1283 2412 1388 2451 Voss.
1402 2412 1442 2450 B
1550 2412 1708 2450 divinae

146 2470 255 2509 dedit
267 2483 315 2509 m.
323 2483 388 2519 pr.
404 2469 558 2510 VosaA
580 2471 692 2509 Vind.
796 2470 851 2508 45
873 2469 1059 2508 Postilla:
1078 2472 1124 2518 cf.
1146 2483 1237 2509 ann.
1254 2481 1302 2519 41
1430 2471 1622 2521 quidquid
1641 2484 1707 2521 pe-

147 2531 312 2579 perisset
324 2530 580 2569 decreverunt
592 2530 730 2568 tollere
746 2529 947 2567 Terentius
960 2528 1086 2568 Andr.
1099 2539 1119 2566 2
1132 2540 1145 2566 1
1157 2540 1180 2578 9
1292 2531 1346 2569 46
1367 2530 1509 2579 Eurip.
1517 2529 1706 2569 And-rom.

151 2587 232 2637 298
247 2589 417 2641 μεγάλαν
430 2588 616 2641 Πριάμου
630 2587 777 2634 πόλεως
791 2587 923 2639 λώβαν
931 2602 945 2635 ,·
965 2589 1011 2636 cf.
1026 2590 1117 2628 ibid.
1135 2599 1187 2637 29
1198 2599 1211 2625 1
1340 2591 1394 2627 47
1418 2589 1466 2628 ab
1486 2590 1589 2628 ludis
1609 2603 1707 2627 nun-

146 2649 248 2686 tium
267 2649 536 2698 exspectantes
556 2649 675 2686 avent
693 2648 805 2693 dicit;
817 2659 944 2694 prave
957 2648 1112 2686 abludit
1117 2650 1361 2697 propositum
1375 2652 1408 2687 et
1419 2650 1629 2696 probatum
1643 2651 1706 2686 est.

151 2706 209 2755 Of.
223 2717 242 2743 2
251 2717 305 2754 30
316 2710 526 2758 postquam
541 2708 609 2746 abs
622 2709 662 2745 te
676 2707 721 2744 ut
734 2706 907 2744 venirem
919 2708 1055 2758 tetigit
1068 2720 1180 2746 aures
1194 2710 1356 2747 nuntius
1365 2722 1378 2754 ,·
1391 2709 1557 2747 Plautus
1564 2708 1705 2746 Bacch.

154 2765 230 2814 196
252 2767 357 2816 quod
377 2767 426 2805 ab
445 2768 537 2805 illoc
557 2767 758 2816 attigisset
778 2766 941 2804 nuntius
949 2780 963 2813 ,·
980 2768 1071 2805 ibid.
1090 2765 1171 2815 528
1284 2769 1512 2816 exspectant
1531 2768 1571 2804 et
1590 2768 1708 2805 avent

149 2826 283 2864 audire
300 2826 430 2865 Cicero
444 2828 490 2865 de
502 2828 569 2874 fin.
584 2838 625 2865 1v
646 2835 707 2874 19,
725 2834 800 2873 52,·
820 2826 1070 2864 sciscitantur
1089 2839 1234 2876 omnes,
1255 2828 1373 2865 avent
1393 2826 1527 2864 audire
1546 2827 1647 2864 idem
1664 2827 1708 2864 in

149 2883 373 2924 Anton.X1v
396 2895 432 2935 7,
447 2896 495 2933 19
