2054 3282
314 177 397 220 150
989 167 1189 204 SCENIGA

1044 285 1130 320 XVI

313 354 395 397 185
429 351 630 396 Constitit
655 349 778 392 credo
805 347 1070 402 Scamander,
1095 346 1264 389 arbores
1289 348 1417 389 vento
1442 347 1592 388 vacant

1032 451 1134 486 XVII

996 517 1168 544 PRIMUS

313 579 394 621 186
427 577 513 620 Per
531 590 606 618 vos
627 578 669 617 et
687 576 878 617 vostrum
898 572 1125 627 imperium
1146 573 1195 635 et·
1207 570 1347 626 fidem,
1366 558 1686 626 Myrmidonum
1705 570 1870 626 vigiles,

1373 642 1726 685 conmiserescite.

1030 723 1149 759 XVIII

994 790 1185 817 AcfflnEs

314 850 393 891 187
739 849 863 888 tueor
888 848 930 887 te
957 844 1114 887 senex?
1144 859 1221 900 pro
1247 843 1441 899 Iuppiter

1048 949 1132 984 XIX

314 1015 396 1057 188
428 1013 583 1056 Melius
610 1015 674 1054 est
699 1011 858 1054 virtute
882 1012 967 1054 ius:
992 1025 1093 1053 nam
1119 1025 1243 1066 saepe
1268 1010 1471 1053 virtutem
1497 1010 1600 1052 mali

426 1083 760 1127 Nanciscuntur:
787 1083 853 1125 ius
880 1086 1008 1138 atque
1034 1096 1181 1125 aecum
1207 1098 1250 1125 se
1276 1097 1301 1125 a
1324 1081 1449 1124 malis
1475 1082 1638 1138 spernit
1662 1082 1823 1137 procul.

1060 1187 1126 1222 XX

313 1251 397 1293 190
856 1249 935 1291 duc
963 1252 1004 1291 et
1031 1249 1353 1305 quadrupedum
1379 1249 1499 1306 iugo:
1525 1248 1704 1291 invitam
1731 1248 1873 1291 doma:

426 1389 510 1425 XVI
535 1392 632 1436 (185)
670 1390 814 1425 Nonius
839 1402 874 1436 p.
897 1393 977 1434 467,
992 1394 1035 1425 31
1054 1391 1189 1436 ‘vagas
1208 1401 1275 1436 pro
1295 1390 1443 1436 vagaris
1541 1389 1682 1424 Ennius
1702 1389 1873 1424 Hectoris

310 1444 520 1489 (haectoris)
541 1444 667 1489 lystris
689 1444 835 1489 (litris
855 1443 999 1490 Bamb.)
1020 1444 1234 1481 «constitit.
1252 1472 1258 1479 .
1274 1444 1416 1480 arboris
1436 1456 1466 1478 v.
1482 1443 1668 1490 vayant».’

427 1497 529 1532 XVII
554 1499 651 1543 (186)
689 1497 833 1532 Nonius
852 1510 887 1543 p.
903 1501 983 1541 472,
1000 1501 1043 1532 27
1061 1497 1434 1533 ‘conmiserescimus
1450 1496 1630 1542 Virgilius
1650 1496 1739 1531 Aen.
1760 1495 1825 1531 lib.
1847 1509 1874 1530 11

310 1552 406 1596 (145)
421 1562 441 1587 «
452 1579 457 1584 .
470 1579 475 1585 .
488 1579 494 1585 .
507 1553 544 1586 et
556 1551 827 1586 miserescimus
841 1551 973 1587 ultro».
986 1551 1127 1586 Ennius
1138 1551 1308 1586 Hectoris
1320 1551 1363 1596 (h
1373 1562 1421 1586 ae
1430 1550 1548 1586 ctori
1560 1550 1690 1585 Bamb.
1705 1561 1724 1585 e
1733 1549 1873 1585 ctoris

310 1604 410 1638 Leid.
425 1603 526 1639 Harl.
541 1616 588 1639 m.
603 1606 673 1650 pr.)
687 1604 813 1649 lystris
835 1604 1004 1650 (listris
1023 1604 1168 1651 Bamb.)
1183 1616 1261 1641 «ser
1274 1615 1335 1641 vos
1350 1607 1554 1651 (uservos
1573 1603 1718 1649 Bamb.)
1738 1604 1776 1638 et
1794 1614 1872 1638 vos-

309 1659 406 1691 trum
427 1659 581 1702 (sfforfi
601 1658 745 1703 Bamb.)
762 1686 768 1692 .
786 1686 791 1693 .
809 1686 815 1692 .
832 1658 1179 1695 conmiserescite».’

433 1710 552 1745 XVIII
566 1713 663 1757 (187)
690 1711 806 1746 Varro
823 1711 904 1746 del.
920 1711 958 1745 L.
972 1724 1025 1747 vn
1040 1715 1082 1746 12
1100 1711 1216 1747 ‘tueri
1231 1711 1302 1746 duo
1318 1711 1515 1757 significat,
1529 1722 1645 1745 unum
1659 1710 1705 1745 ab
1721 1711 1874 1755 aspectu

310 1766 352 1798 ut
372 1764 459 1808 dixi,
477 1765 576 1800 unde
597 1766 654 1800 est
674 1767 735 1800 eni
756 1765 911 1811 (Ennii
930 1765 988 1800 vel
1007 1764 1121 1800 Enni
1141 1765 1231 1800 olim
1251 1767 1356 1810 corr.)
1376 1764 1471 1799 illud
1492 1766 1641 1800 «tueor.
1660 1792 1665 1798 .
1683 1792 1689 1798 .
1710 1763 1874 1810 Iupiter»

312 1819 347 1851 et
363 1818 461 1863 [ann.
477 1819 589 1865 463].'
714 1818 882 1853 Donatus
895 1818 935 1853 in
949 1818 1028 1853 Ter.
1045 1818 1192 1864 adelph.
1208 1832 1220 1853 1
1235 1823 1267 1861 2,
1283 1822 1325 1853 31
1344 1819 1430 1864 ‘pro
1447 1818 1631 1863 Iuppiter:
1651 1817 1798 1863 tragica
1814 1828 1874 1852 ex-

313 1870 512 1906 clamati0.'
613 1871 752 1906 Achilli
771 1872 905 1906 tribuit
923 1871 1111 1907 Priamum
1132 1871 1331 1917 aspicienti
1349 1871 1589 1906 Ribbeckius.

429 1924 512 1958 XIX
532 1927 628 1971 (188)
660 1925 803 1960 Nonius
822 1937 858 1970 p.
875 1928 953 1968 399,
969 1929 989 1960 8
1007 1926 1200 1970 ‘spernere
1219 1937 1364 1960 rursum
1383 1936 1589 1970 segregare.
1604 1924 1746 1960 Ennius
1765 1925 1875 1960 haec-

312 1977 402 2012 toris
415 1977 541 2022 lystris
556 1978 632 2023 (lis
641 1979 726 2013 tris
740 1978 853 2014 Wolf.
868 1978 1005 2023 lytris
1025 1991 1078 2024 pr.
1094 1991 1140 2013 m.
1154 1979 1255 2014 Leid.
1272 1980 1309 2013 et
1321 1978 1418 2024 Par.)
1433 1978 1587 2014 «melius
1603 1989 1632 2013 e.
1648 1978 1784 2013 virtute
1797 1979 1876 2014 eius

314 2058 320 2064 .
338 2058 344 2064 .
363 2058 368 2064 .
389 2031 603 2066 nanciscum
629 2034 690 2066 tur
712 2032 781 2077 (ita
801 2045 848 2067 m.
870 2044 923 2077 pr.
945 2032 1046 2067 Leid.
1069 2034 1106 2067 et
1131 2032 1231 2067 Harl.
1253 2033 1504 2067 nascuntur
1523 2031 1651 2077 Wolf.)
1676 2031 1735 2066 ius
1761 2033 1874 2076 atque

314 2094 418 2118 ecum
439 2086 613 2128 (aecum
631 2085 713 2120 Par.
736 2097 831 2121 cum
851 2086 968 2132 Leid.)
985 2115 990 2120 .
1008 2115 1014 2120 .
1031 2114 1038 2120 .
1053 2086 1233 2131 procul»)

430 2136 496 2171 XX
516 2139 613 2183 (190)
650 2138 794 2174 Nonius
813 2151 849 2184 p.
866 2142 946 2183 407,
961 2143 1004 2174 21
1023 2139 1192 2175 ‘tenacia
1211 2140 1268 2174 est
1286 2138 1562 2184 perseverantia
1582 2140 1620 2174 et
1639 2138 1787 2174 duritia.
1803 2138 1875 2173 En-

436 2309 516 2346 185
540 2309 694 2348 arbores
714 2311 803 2349 olim
824 2323 938 2350 cortu:
958 2311 1108 2351 arboris
1216 2313 1360 2350 vacant
1381 2310 1588 2350 Columna:
1607 2313 1757 2362 vagant

318 2368 399 2405 186
426 2367 711 2407 Pentametrum
736 2372 968 2409 trochaicum
993 2372 1179 2419 descripsi
1205 2383 1291 2409 cum
1315 2370 1505 2418 Ber-qkim
1531 2370 1578 2418 cf.
1599 2371 1652 2409 ad
1677 2379 1755 2416 130

314 2426 390 2464 Per
409 2438 478 2465 vos
497 2427 732 2466 Palmerius:
752 2441 813 2467 ser
831 2443 901 2468 vos
1033 2442 1102 2468 vos
1123 2432 1163 2468 et
1180 2434 1359 2469 vostrum
1384 2430 1593 2479 imperium
1619 2431 1810 2480 commem,
1833 2432 1877 2468 ut

314 2497 383 2524 vos
406 2487 619 2536 vostraque
641 2488 752 2525 vulta
772 2500 863 2527 ann.
880 2487 977 2536 464,
996 2490 1164 2537 probavi
1179 2500 1345 2537 prooem.
1369 2485 1560 2539 1885s86
1575 2501 1617 2537 p.
1639 2498 1700 2535 14.
1720 2487 1788 2527 Ad
1805 2502 1876 2539 per

314 2557 384 2583 vos
411 2546 451 2583 et
475 2547 651 2584 vostrum
679 2546 889 2596 imperium
918 2549 1229 2587 conmiserescite
1253 2559 1332 2586 mm
1363 2561 1430 2586 oro
1457 2547 1515 2585 vel
1543 2547 1700 2586 obsecro
1729 2548 1874 2587 deside-

315 2606 400 2642 rari
419 2615 514 2643 usus
533 2606 647 2649 docet,
668 2606 714 2644 de
733 2618 805 2653 quo
821 2606 924 2645 Guil.
939 2607 1119 2646 Heraeus
1138 2608 1241 2646 vind.
1256 2607 1344 2645 Liv.
1362 2620 1376 2644 1
1394 2601 1548 2660 (1889)
1561 2619 1604 2654 p.
1626 2617 1639 2642 1
1652 2615 1698 2654 5‚·
1714 2607 1876 2655 denique

315 2663 607 2714 Myrmidonum
632 2664 771 2716 vigiles
797 2666 966 2714 appellat
986 2666 1183 2711 Priamus,
1210 2668 1319 2705 cuius
1342 2667 1436 2704 haec
1454 2667 1570 2704 verba
1587 2668 1688 2710 sunt,
1709 2677 1803 2714 quos
1820 2667 1874 2704 Il.

316 2735 414 2762 xxw
434 2721 513 2760 681
541 2723 669 2775 ἱεροὺς
688 2724 934 2776 πυλαωρούς,
954 2726 1002 2773 cf.
1018 2727 1108 2764 ibid.
1124 2736 1210 2773 444
1333 2726 1415 2763 188
1442 2727 1502 2763 ius
1525 2724 1772 2764 Gulielmius:
1792 2727 1874 2765 eius

438 2783 519 2821 189
542 2796 565 2821 a
583 2797 645 2821 me
665 2786 873 2835 segregant
893 2787 1158 2835 spernuntque
1178 2797 1218 2823 se
1238 2785 1404 2823 Plautus
1422 2787 1519 2832 capt.
1534 2792 1580 2832 51
1593 2792 1641 2831 7,·
1659 2784 1749 2822 illas
1769 2796 1875 2834 sper-

317 2841 377 2878 nit
403 2844 585 2893 segregat
614 2843 662 2880 ab
689 2855 729 2881 se
755 2844 855 2882 idem
879 2844 1025 2887 milal.
1047 2854 1092 2880 12
1102 2853 1152 2891 32
1299 2845 1383 2883 190
1407 2855 1485 2892 sqq.
1504 2843 1616 2881 Haec
1640 2844 1749 2881 >initio
1776 2846 1809 2882 et
1832 2846 1875 2883 >in

316 2901 394 2947 fine
412 2912 553 2941 manca
571 2904 671 2947 sumt,
692 2904 734 2941 ut
751 2913 866 2952 saepe
884 2888 992 2952 apud
1010 2903 1201 2942 Non-ium:
1213 2905 1419 2952 praeterea
1438 2903 1693 2950 depravatum
1710 2904 1875 2950 fortasse
