2054 3282
323 151 380 193 56
871 140 1129 177 ANNALIUM
1154 139 1242 175 ΠΒ.
1265 138 1316 173 rx

1070 258 1121 292 IX

322 334 408 376 314
439 331 545 374 «Sed
571 329 679 384 ‘quid
710 342 788 384 ego
814 327 918 368 haec
942 324 1160 368 memoro?
1192 323 1355 366 dictum
1379 323 1625 378 factumque
1650 323 1754 365 facit
1778 322 1876 364 frux

1079 434 1113 468 X

323 501 407 545 315
438 501 583 542 Pulvis
614 498 731 540 fulva
762 497 878 540 volat

1070 599 1121 634 XI

321 667 406 709 316
901 661 1058 716 praeda
1089 659 1300 702 exercitus
1332 659 1466 702 undat

1067 770 1134 804 ΧΠ

319 838 402 879 317
858 832 1184 887 libertatemque
1215 834 1264 873 ut
1294 831 1538 886 perpetuita

437 906 532 948 Sint
563 919 670 960 quae
701 904 885 945 maxime

319 1071 416 1117 ginis
441 1070 578 1112 horror,
604 1078 688 1103 ossa
713 1067 818 1102 dedit
842 1068 963 1102 terrae
988 1067 1145 1112 proinde
1171 1078 1215 1102 ac
1239 1066 1381 1102 famul
1405 1066 1592 1102 infimus
1618 1067 1741 1101 esset.'
1763 1067 1882 1102 Versu

319 1124 549 1166 Lucretiano,
569 1133 643 1157 non
662 1121 831 1156 Enniano
850 1121 970 1156 utitur
987 1120 1127 1156 Marius
1141 1120 1354 1156 Victorinus
1369 1119 1409 1155 G.
1424 1120 1462 1155 L.
1477 1119 1520 1154 K.
1541 1133 1579 1156 v1
1590 1132 1626 1165 p.
1643 1123 1698 1164 56,
1713 1124 1733 1155 9
1755 1121 1803 1156 ad
1815 1120 1880 1156 lib.

318 1178 389 1213 inc.
410 1177 452 1211 fr.
478 1190 511 1211 CI
531 1176 646 1210 adscr.

435 1236 485 1270 IX
506 1236 600 1280 (314)
631 1234 843 1269 Priscianus
857 1246 894 1269 vx
906 1246 941 1279 p.
958 1237 1002 1268 27
1005 1237 1037 1277 8,
1055 1237 1098 1268 16
1112 1233 1156 1268 Η.
1174 1234 1185 1251 ‘
1194 1233 1279 1268 frux
1292 1233 1407 1268 etiam
1419 1233 1538 1279 frugis
1551 1233 1645 1268 facit
1657 1234 1880 1279 genetivum,

319 1290 407 1334 quia
432 1289 506 1324 ἀπὸ
537 1293 602 1323 τοῦ
630 1287 759 1333 φρύγω
786 1287 926 1322 Graeco
957 1287 1068 1322 verbo
1100 1287 1275 1322 nascitur.
1302 1287 1444 1321 Ennius
1468 1287 1508 1321 in
1533 1299 1594 1322 xv1
1617 1287 1744 1322 annali
1771 1288 1881 1334 [xx1J;

317 1343 416 1377 idem
435 1342 474 1376 in
493 1354 573 1376 vnn
591 1352 657 1386 pro
678 1341 779 1386 frugi
797 1341 907 1376 homo
927 1340 1012 1375 frux
1029 1340 1138 1386 ponit
1157 1341 1256 1385 quod
1276 1342 1334 1375 est
1353 1340 1577 1375 adiectivum
1597 1341 1685 1377 «sed
1700 1369 1706 1375 .
1724 1369 1730 1375 .
1747 1369 1753 1375 .
1774 1340 1881 1377 frux»

317 1396 356 1431 id
382 1397 438 1430 est
462 1394 562 1440 frugi
587 1395 724 1430 homo.'
759 1394 829 1429 Ars
856 1405 963 1429 anon.
984 1394 1091 1429 Bern.
1113 1394 1255 1440 Hagen.
1284 1395 1411 1429 anecd.
1438 1394 1542 1429 Helv.
1568 1406 1603 1439 p.
1627 1398 1705 1438 119,
1721 1398 1764 1429 29
1795 1395 1881 1439 ‘pro

317 1449 416 1495 frugi
435 1448 575 1483 Ennius
595 1447 679 1482 frux
698 1448 808 1483 homo
828 1448 980 1493 posuit.’

434 1508 467 1542 X
487 1509 582 1552 (315)
620 1507 764 1542 Nonius
777 1519 812 1552 p.
829 1510 909 1551 217,
925 1511 968 1541 12
991 1506 1133 1552 ‘pulvis
1150 1507 1296 1552 generis
1309 1506 1507 1541 masculini
1519 1507 1563 1541 ut
1575 1517 1696 1551 saepe.
1711 1506 1882 1542 feminini

317 1561 457 1596 Ennius
476 1560 540 1595 lib.
555 1573 621 1595 vm
641 1561 833 1595 annalium
847 1562 895 1606 (x)
917 1561 1090 1605 «iamque
1108 1559 1185 1595 fere
1203 1560 1325 1605 pulvis
1346 1560 1395 1594 ad
1415 1559 1559 1594 caelum
1577 1561 1684 1595 vasta
1701 1560 1880 1596 videtur».

317 1615 416 1649 idem
435 1614 497 1649 lib.
513 1627 593 1649 vnn
612 1615 780 1659 «iamque
798 1615 873 1658 fere
887 1615 1013 1659 pulvis
1030 1613 1133 1648 fulva
1145 1613 1296 1649 volat».'
1318 1613 1497 1658 iamque
1516 1612 1609 1648 fere
1628 1613 1669 1648 in
1680 1613 1751 1648 hoc
1765 1613 1881 1648 altero

318 1679 423 1704 versu
436 1679 502 1713 per
515 1678 674 1702 errorem
687 1667 889 1713 repetitum
903 1678 982 1702 esse
996 1678 1041 1702 ex
1053 1667 1176 1712 priore
1190 1667 1279 1702 olim
1293 1678 1315 1701 a
1327 1677 1387 1701 me
1400 1668 1438 1702 et
1450 1666 1573 1712 Hugio
1589 1667 1771 1701 statutum
1783 1678 1882 1702 nuno

319 1732 465 1767 quoque
486 1720 570 1755 aliis
589 1720 771 1766 praefero.
1868 1724 1873 1730 “

435 1780 484 1814 XI
504 1781 599 1825 (316)
639 1780 754 1815 Servii
780 1781 938 1825 excerpt.
959 1780 1206 1825 Lindenbrog.
1229 1779 1274 1825 (G
1287 1779 1426 1825 Lionis)
1446 1779 1486 1814 in
1514 1789 1638 1825 georg.
1655 1792 1683 1813 n
1703 1782 1771 1813 437
1794 1779 1881 1813 ‘un-

318 1834 468 1869 dantem
488 1834 751 1869 abundantem.
773 1833 915 1868 Ennius
934 1833 998 1868 lib.
1019 1846 1057 1868 1x
1076 1833 1240 1878 «praeda
1260 1843 1289 1868 e.
1305 1833 1474 1869 undat».'

434 1893 501 1926 ΧΠ
521 1894 616 1938 (317)
654 1892 797 1928 Nonius
817 1905 851 1938 p.
870 1896 948 1936 150,
963 1896 1006 1927 31
1030 1893 1273 1938 ‘perpetuitas
1290 1893 1339 1928 sit
1355 1893 1538 1937 perpetua
1558 1893 1718 1926 aeterna.
1740 1891 1881 1926 Ennius

319 1946 445 1980 annali
458 1946 521 1980 lib.
537 1959 617 1981 v1111
631 1946 941 1991 «libertatemque
954 1947 997 1980 ut
1004 1947 1231 1991 perpetuitas
1242 1946 1317 1981 sint
1330 1947 1373 1991 (p
1382 1956 1457 1991 erp
1466 1945 1560 1980 etui
1569 1957 1585 1979 s
1605 1945 1698 1979 sint
1716 1944 1817 1979 Leid.
1832 1957 1879 1979 m.

318 2001 386 2045 pr.)
408 2010 480 2044 que
499 1999 659 2034 maxime
680 1999 793 2045 (Harl.
811 2000 1031 2034 maximae
1051 1999 1228 2044 oete1·i)».'
1249 2011 1274 2044 p
1286 2010 1368 2044 erp
1380 1998 1543 2034 etuita
1562 1998 1787 2032 adiectivum
1806 1998 1881 2033 diei

320 2054 374 2097 (ut
392 2052 577 2096 fortuitus,
598 2053 798 2098 gratuitus)
811 2052 996 2088 Usenerus
1011 2053 1144 2088 statuit
1157 2054 1195 2087 et
1206 2063 1351 2087 mecum
1365 2051 1666 2087 communicavit:
1687 2061 1780 2095 vere,
1802 2051 1881 2096 opi-

319 2117 395 2148 nor,
417 2107 454 2140 et
471 2106 613 2140 Nonius
635 2107 700 2141 aut
725 2106 803 2141 eius
828 2106 973 2141 librarii
999 2117 1044 2141 ex
1066 2106 1249 2141 adiectivo
1270 2117 1404 2141 nomen
1423 2105 1619 2151 vulgatum
1643 2104 1880 2150 perpetui-

319 2159 388 2193 tas
409 2158 617 2195 effecerunt.

440 2337 523 2373 314
553 2336 702 2374 dictum
729 2337 956 2386 factumque
983 2337 1099 2375 facit:
1124 2337 1170 2384 ef.
1194 2337 1394 2374 Terentius
1413 2333 1538 2373 Andr.
1557 2333 1634 2382 '381
1662 2335 1810 2374 dictum
1836 2348 1880 2373 ac

321 2394 470 2432 factum
487 2396 680 2433 invenerit
700 2407 880 2443 causam;
899 2397 1067 2435 hautont.
1085 2394 1170 2443 760
1189 2396 1338 2434 dictum
1358 2407 1402 2432 ac
1421 2395 1571 2432 factum
1588 2394 1741 2433 reddidi
1749 2408 1763 2442 ‚·
1787 2396 1879 2433 ibid.

324 2462 409 2501 904
441 2453 588 2492 dictum
618 2455 767 2493 factum
797 2456 872 2493 huo
903 2455 1003 2493 abiit
1032 2454 1205 2506 Clitipho
1213 2468 1228 2501 ,·
1259 2466 1357 2503 quae
1386 2454 1489 2492 wnde
1522 2457 1618 2492 nata
1648 2455 1727 2492 sint
1756 2455 1883 2502 aperit

322 2511 541 2551 Herodotus
561 2514 659 2560 quod
677 2516 809 2553 scribit
826 2527 872 2552 111
898 2523 989 2563 135,
1011 2524 1024 2550 1
1052 2520 1171 2553 ταῦτα
1196 2508 1278 2552 εἶπε
1303 2511 1369 2552 καὶ
1394 2511 1475 2564 ἅμα
1499 2510 1591 2559 ἔπος
1617 2526 1655 2551 τε
1680 2510 1747 2551 καὶ
1766 2511 1880 2564 ἔργον

322 2568 447 2609 ἐποίεε
473 2573 506 2609 et
529 2583 626 2619 quae
649 2573 738 2611 huie
762 2575 908 2612 similia
933 2577 1032 2612 swnt.
1059 2574 1121 2611 De
1145 2574 1332 2611 sententia
1354 2571 1483 2611 Cicero
1505 2572 1615 2610 Tusa
1636 2572 1734 2619 disp.
1754 2584 1797 2610 rv
1817 2570 1879 2616 16,

326 2628 379 2677 36
409 2630 489 2668 iam
516 2631 713 2679 proverbii
743 2633 874 2671 locum
902 2633 1065 2682 obtinet,
1095 2633 1293 2670 hominem
1320 2632 1426 2682 frugi
1458 2632 1589 2669 omnia
1622 2632 1726 2668 reete
1753 2630 1880 2669 facere

443 2689 527 2727 317
552 2692 776 2740 perpetuita
793 2691 904 2731 Assit
928 2704 1073 2741 quaeso
1094 2686 1171 2745 (vel
1196 2684 1449 2743 quaesumus)
1469 2691 1638 2728 maxime
1664 2690 1880 2736 Usenerus‚·

324 2759 389 2796 eqo
409 2750 557 2797 accepto
577 2749 625 2787 ab
644 2750 708 2787 villo
727 2752 951 2800 perpetuita
969 2752 1092 2790 malui
1109 2752 1334 2801 perpetuita
1349 2750 1437 2788 Sint
1457 2762 1555 2798 quae
1574 2762 1623 2786 m.
1640 2751 1674 2786 et
1690 2749 1881 2787 hariolari

323 2808 358 2845 si
377 2807 475 2852 libet,
494 2808 587 2846 haee
604 2808 685 2856 fere
701 2810 822 2856 fuerit
839 2812 1025 2848 sententia
1043 2811 1106 2848 fac
1123 2822 1261 2861 paoem
1279 2810 1580 2858 libertatemque
1599 2809 1644 2845 ut
1656 2809 1881 2857 perpetuita

326 2865 415 2904 Sint
435 2880 534 2916 quae
554 2869 722 2906 maxime
742 2870 859 2906 avent
878 2868 1053 2907 homines
