2004 3278
256 192 382 228 CCXII
743 190 787 225 H.
812 189 878 225 DE
903 189 1059 224 LIBRIS
1083 188 1316 224 ENNLANIS

253 306 362 343 bitur
385 303 557 342 Gellium
587 315 665 341 non
690 304 837 340 temere
861 301 1068 340 Ennianae
1092 300 1253 340 fabulae
1277 302 1527 341 venustatem
1552 302 1813 352 praedicasse,

256 377 373 413 quam
398 376 447 401 ne
471 362 619 400 Aviani
645 361 806 411 quidem
831 361 1091 399 conformatio
1118 355 1214 414 (21)
1239 364 1419 399 assecuta
1443 363 1512 400 est.

371 422 484 460 Hanc
510 420 629 459 Gellii
654 421 923 459 narrationem
947 433 1062 458 nemo
1089 422 1180 458 ante
1208 433 1281 470 me,
1312 433 1439 470 neque
1465 419 1658 459 Columna
1688 434 1813 472 neque

254 483 323 531 qui
349 480 581 519 Columnam
612 481 854 518 instauravit
878 479 1091 529 HesseliuS,
1118 480 1239 517 Ennii
1269 479 1501 530 fragmentis
1532 482 1693 530 recepit,
1723 483 1814 530 post

252 554 314 579 me
339 552 490 578 omnes:
522 540 569 577 de
602 552 681 589 qua
707 552 809 589 quae
840 540 936 577 olim
968 538 1108 588 scripsi
1140 533 1401 592 (quamquam
1432 540 1622 578 nonnulla
1652 541 1694 577 in
1726 540 1813 578 adn.

253 595 390 653 attuli)
411 600 525 649 plene
544 598 758 648 repetenda
777 598 881 636 duxi.
904 595 1028 637 ‘Inter
1045 599 1152 647 ipsas
1172 598 1294 636 Ennii
1311 598 1500 648 reliquias
1520 599 1604 637 iure
1623 612 1710 637 meo
1731 601 1814 649 opi-

251 672 325 698 nor
350 672 373 697 a
393 658 521 697 Gellio
540 671 571 696 11
592 659 645 696 29
666 657 856 696 traditam
875 657 1024 707 Aesopi
1042 658 1219 696 fabulam
1238 659 1368 707 recepi
1394 652 1487 711 (inc.
1508 660 1581 696 sat.
1600 654 1668 711 11):
1695 671 1814 707 quam

251 719 319 757 ille
346 719 394 756 ab
420 718 494 756 hoc
519 719 638 767 poeta
664 717 870 767 quadratis
892 717 1066 755 versibus
1087 718 1346 766 compositam
1365 716 1500 755 tradit.
1526 717 1725 755 Nimirum
1745 720 1815 756 aut

252 778 360 816 fallit
384 790 446 815 me
472 789 607 815 sensus
634 779 705 815 aut
729 776 787 814 ibi
807 775 957 814 Gellius
980 777 1070 825 plus
1091 789 1211 825 quam
1231 779 1510 826 argumentum
1529 777 1735 815 Ennianae
1755 789 1815 815 sa-

251 839 366 875 turae
391 838 574 875 servavit.
602 835 701 874 Cum
726 837 831 874 enim
856 836 1076 874 narrationi
1100 837 1207 884 ipsos
1228 836 1370 885 quibus
1389 838 1510 885 poeta
1528 835 1706 874 fabulam
1725 849 1816 874 con-

252 897 414 934 cluserit
438 908 573 934 versus
599 895 801 944 subiiciat,
833 907 911 933 non
940 897 1023 933 tam
1056 908 1102 932 ex
1132 894 1288 944 Aesopo
1321 907 1393 934 sua
1424 897 1664 934 convertisse
1697 908 1816 944 quam

253 956 374 994 Ennii
401 967 558 993 carmen
583 956 738 993 secutus
762 954 1006 993 contexuisse
1025 966 1245 993 sermonem
1264 955 1430 993 videtur.
1458 955 1512 992 Ut
1531 968 1551 992 e
1570 956 1690 1004 poeta
1709 955 1817 993 color

254 1015 414 1064 quidam
442 1014 694 1063 antiquitatis
721 1014 905 1063 supersit,
938 1027 1055 1063 quem
1080 1014 1143 1052 vel
1176 1014 1250 1051 hae
1282 1026 1396 1052 voces
1428 1026 1473 1052 ac
1503 1014 1721 1052 locutiones
1754 1027 1815 1052 ar-

252 1087 370 1125 guere
394 1074 623 1112 videantur:
641 1073 748 1121 pulli
772 1073 1076 1118 tremibundi,
1101 1074 1351 1121 trepiduli,
1377 1074 1437 1111 die
1462 1075 1636 1117 crastini,
1660 1075 1815 1112 messim

251 1135 351 1172 hanc
374 1134 484 1171 nobis
509 1133 704 1177 adiuverit,
727 1133 820 1170 haee
844 1133 912 1171 ubi
936 1133 1001 1170 ille
1026 1133 1125 1171 discit
1148 1135 1183 1170 et
1200 1132 1384 1177 discessit,
1409 1133 1665 1180 obsequibilis,
1683 1134 1816 1180 primo

252 1194 340 1237 luci,
360 1193 499 1231 nidum
516 1193 709 1240 miyravit.
732 1191 808 1229 Sed
826 1191 923 1230 haec
943 1193 1058 1229 erunt
1076 1192 1244 1230 fortasse
1264 1193 1333 1240 qui
1351 1192 1483 1241 ipsum
1497 1190 1680 1240 Gellium,
1700 1205 1816 1241 quem

252 1251 505 1300 antiquitatis
530 1251 751 1301 robiginem
775 1250 969 1299 imprimis
995 1250 1198 1289 deamasse
1223 1253 1389 1299 constat,
1419 1263 1439 1288 e
1465 1262 1535 1289 suo
1562 1251 1815 1300 antiquarum

251 1311 468 1349 dictionum
492 1323 597 1359 penu
623 1311 812 1359 sparsisse
838 1309 1059 1358 opinentur.
1091 1310 1206 1348 Esto:
1238 1312 1280 1348 at
1306 1310 1403 1359 quid
1428 1309 1564 1348 dicant
1588 1310 1661 1358 illi,
1694 1311 1728 1348 si
1755 1311 1814 1359 ip-

251 1382 382 1408 sorum
407 1381 591 1407 versuum
617 1368 760 1418 quibus
779 1369 881 1406 hanc
899 1368 1076 1407 fabulam
1096 1370 1248 1407 Ennius
1269 1370 1470 1407 contexuit
1487 1370 1676 1419 reliquias
1697 1381 1814 1419 quas-

251 1429 342 1467 dam
368 1441 412 1467 ac
438 1429 608 1478 vestigia
634 1426 868 1466 ostendero?
894 1428 998 1466 Nam
1023 1428 1112 1466 vide
1131 1442 1226 1466 num
1245 1441 1355 1467 meae
1374 1442 1436 1467 me
1456 1441 1570 1467 aures
1590 1429 1816 1477 fefellerint,

252 1501 339 1526 cum
364 1489 405 1526 in
430 1488 490 1526 his
517 1499 619 1537 quae
644 1489 738 1525 sunt
763 1486 798 1525 e't
821 1499 963 1526 marius
987 1489 1070 1526 iam
1087 1488 1314 1536 postutare;
1345 1491 1380 1527 et
1402 1487 1557 1526 me'ssim
1581 1490 1682 1527 hane
1704 1489 1815 1527 nobis

250 1547 455 1593 adiuvent·
479 1541 656 1599 stdtim‘ff‘)
677 1547 776 1585 dieto
796 1546 1017 1585 oboediant:
1041 1549 1071 1585 it
1090 1547 1171 1586 die's
1191 1549 1225 1586 et
1243 1549 1360 1587 amici
1377 1548 1479 1586 nulli
1498 1551 1608 1595 eunt;
1626 1548 1696 1595 fiet
1711 1559 1816 1586 nwnc

250 1607 366 1645 dubio'
384 1607 547 1654 procu&
570 1606 649 1644 no'n
674 1609 832 1644 metetur
855 1605 977 1654 ne'que
1000 1609 1233 1645 necessumst
1255 1607 1366 1645 Iw'die
1390 1609 1449 1645 uti
1466 1618 1533 1645 vos
1552 1603 1815 1655 auferam**),

251 1679 338 1704 cum
364 1666 406 1704 in
430 1666 491 1704 his
520 1667 645 1717 igitur
674 1665 830 1703 numeri
862 1665 1051 1714 quiddam
1082 1666 1273 1705 trochaici
1303 1666 1403 1704 mihi
1433 1667 1541 1704 visus
1574 1678 1660 1704 sum
1691 1666 1815 1716 perci-

250 1739 357 1775 pere,
387 1727 508 1774 atque
532 1725 628 1763 haec
653 1737 702 1762 ne
727 1724 907 1763 litterula
939 1725 1098 1774 quidem
1123 1726 1336 1764 immutata
1355 1738 1396 1764 se
1414 1725 1685 1775 prodiderunt,
1710 1725 1814 1766 unde

251 1785 285 1822 si
309 1784 506 1834 proficisci
529 1784 636 1832 licet,
661 1785 830 1833 proclivi
850 1784 1124 1822 emendatione
1145 1784 1325 1823 adhibita
1345 1786 1447 1823 aliae
1468 1785 1641 1823 eiusdem
1661 1786 1815 1823 numeri

249 1844 471 1893 particulae
498 1845 716 1894 emergunt,
745 1844 809 1881 vel
833 1844 899 1881 vos
923 1844 1034 1881 modo
1059 1844 1128 1882 hoe
1152 1843 1358 1891 advertite;
1388 1846 1424 1882 si
1449 1844 1543 1892 quid
1574 1845 1721 1882 dicetur
1752 1843 1814 1882 ἀέ-

249 1915 349 1950 nuo;
379 1903 423 1941 ut
452 1905 534 1941 iam
562 1904 694 1941 statim
717 1903 901 1951 properet
930 1904 1046 1950 inque
1077 1903 1201 1941 alium
1231 1914 1311 1941 sese
1342 1903 1510 1952 asportet
1541 1904 1684 1948 locum,
1722 1903 1813 1941 alia.

251 1962 428 2007 Quorum
452 1964 497 2000 ut
522 1962 621 1999 nihil
646 1975 688 1999 re
714 1974 807 2000 vera
832 1962 906 2000 hac
931 1963 1059 2011 specie
1085 1963 1127 1999 in
1147 1963 1268 2001 Ennii
1290 1964 1425 2001 satura
1445 1963 1576 2011 fuerit,
1601 1964 1735 2001 tamen
1754 1964 1815 2000 tot

252 2022 428 2071 dispersa
447 2023 489 2059 in
509 2034 588 2059 una
602 2021 829 2060 narratione
842 2022 960 2060 metri
973 2022 1143 2072 vestigia
1155 2035 1235 2060 non
1250 2023 1382 2071 aptius
1395 2022 1521 2071 repeti
1536 2034 1652 2070 quam
1669 2035 1715 2060 ex
1728 2022 1816 2071 ipsa

252 2081 372 2119 Ennii
395 2082 507 2130 poesi
533 2078 744 2119 concedes?
772 2081 834 2118 Ab
859 2080 933 2119 hac
958 2093 1046 2119 mea
1071 2081 1264 2120 modestia
1284 2081 1452 2131 profecti
1471 2082 1620 2130 primus
1641 2094 1675 2119 a.
1699 2081 1811 2118 1855

250 2140 295 2178 B.
315 2142 382 2179 ten
402 2141 589 2178 Brinkius
614 2140 750 2178 libello
776 2141 940 2178 comiter
964 2140 1015 2178 ad
1040 2153 1102 2179 me
1120 2141 1240 2179 misso
1260 2142 1324 2179 cui
1342 2141 1546 2190 inscripsit
1564 2141 1624 2178 M.
1648 2141 1816 2179 Terentii

259 2200 448 2238 Varronis
473 2201 578 2238 loeus
603 2200 649 2238 de
673 2200 767 2238 urbe
791 2200 930 2238 Roma.
955 2199 1155 2239 Accedunt
1180 2200 1221 2249 Q.
1242 2201 1369 2238 Ennii
1394 2201 1578 2248 apologus
1602 2198 1815 2248 Aesopicus

251 2262 285 2296 et
302 2260 489 2307 reliquiae
509 2260 719 2297 Euhemeri
737 2260 912 2298 versibus
931 2260 1147 2307 quadratis.
1174 2260 1340 2298 Traiecti
1359 2260 1412 2297 ad
1430 2259 1553 2298 Rhen.
1572 2261 1702 2297 totum
1722 2271 1813 2308 apo-

251 2319 397 2369 logum,
427 2319 595 2368 receptis
620 2319 778 2356 tantum
802 2331 881 2356 non
907 2318 1087 2357 omnibus
1114 2331 1138 2356 a
1162 2331 1224 2356 me
1253 2319 1468 2368 propositis
1500 2320 1540 2356 et
1571 2317 1815 2368 significatis,

252 2379 333 2415 suis
363 2378 566 2426 quadratis
592 2378 786 2426 restituit3
819 2378 908 2416 dein
934 2378 1040 2415 idem
1065 2390 1099 2415 a.
1123 2378 1234 2416 1856
1262 2389 1359 2415 mus.
1386 2377 1508 2415 Rhen.
1530 2390 1555 2414 x
1574 2391 1611 2426 p.
1635 2378 1813 2426 290sqq.

252 2436 491 2475 Ribbeckius
510 2437 647 2475 formis
667 2449 745 2475 non
764 2437 906 2475 leviter
926 2450 949 2475 a
968 2439 1035 2475 ten
1049 2437 1214 2475 Brinkio
1235 2436 1399 2474 diversis
1414 2437 1636 2485 temptavit.
1657 2436 1704 2474 In
1719 2448 1814 2485 quo-

253 2507 339 2532 rum
368 2496 563 2545 versibus,
588 2498 636 2534 ut
660 2496 723 2544 fit,
754 2509 833 2534 non
858 2496 975 2545 pauci
1007 2498 1101 2535 sunt
1132 2496 1201 2545 qui
1231 2508 1280 2533 ne
1312 2495 1388 2533 sibi
1417 2497 1667 2544 imputentur
1696 2496 1815 2544 poeta

252 2554 367 2592 valde
394 2555 674 2605 deprecaturus
700 2557 764 2603 sit,
795 2568 866 2593 nec
891 2568 954 2593 me
979 2567 1168 2605 umquam
1192 2555 1390 2604 paenituit
1414 2555 1456 2592 in
1482 2555 1619 2603 paucis
1652 2567 1714 2591 me
1746 2553 1815 2591 sed

253 2615 369 2652 certis
395 2616 468 2652 aut
492 2614 686 2652 similibus
712 2616 796 2653 veri
822 2616 1074 2663 continuisse,
1101 2614 1243 2664 quibus
1271 2626 1372 2663 quae
1398 2626 1444 2651 ex
1463 2613 1623 2651 illorum
1643 2613 1812 2651 conami-

370 2727 401 2772 ²²)
427 2727 482 2762 De
505 2728 630 2762 statim
655 2726 701 2762 cf.
726 2726 831 2762 Aiac.
852 2740 875 2762 1.

352 2774 404 2820 *ἢ
428 2774 471 2809 R.
492 2774 585 2808 Ellis
605 2773 684 2808 The
709 2773 830 2809 fables
856 2774 898 2809 of
912 2774 1076 2809 Avianus
1102 2775 1222 2820 (1887)
1248 2786 1283 2819 p.
1305 2777 1350 2808 88
1370 2774 1466 2809 Here
1490 2784 1541 2808 we
1563 2783 1653 2807 seem
1673 2775 1708 2807 to
1725 2772 1814 2807 have

252 2833 276 2856 a
301 2823 388 2857 relic
411 2822 457 2865 of
475 2823 530 2858 the
555 2822 714 2857 Enniam
738 2823 907 2867 oriyinaz.
1212 2870 1218 2876 ι

466 2917 555 2952 Non
579 2920 738 2959 metetwr,
763 2926 875 2961 neque
898 2873 1404 2953 necessumstcrliaciedi'zwutiyggs
1428 2915 1605 2958 auferam.
