2054 3282
348 168 433 210 154
1021 161 1219 198 SCENICA

1096 279 1147 314 IX

860 348 1011 375 HECUBA
1032 346 1288 373 AGAMEMNONI
1306 345 1380 380 (τσο)

343 405 429 448 206
460 404 570 446 Vide
593 403 707 445 hunc
731 417 849 445 meae
874 402 918 444 in
944 416 1066 456 quem
1091 401 1304 443 lacrumae
1329 400 1534 457 guttatim
1555 400 1712 443 cadunt

1103 511 1137 545 X
1414 543 1418 546 .

810 579 963 605 HECUBA
982 578 1241 604 AGAMEMNONI
1257 577 1421 611 (826—4350)

341 634 425 676 207
461 633 576 684 Quae
603 633 683 676 tibi
710 633 754 675 in
781 632 987 675 concubio
1013 631 1247 674 verecunde
1273 634 1316 674 et
1340 631 1506 674 modice
1531 645 1694 674 morem
1721 632 1833 689 gerit

1097 743 1148 778 XI

856 810 1010 837 HECUBA
1029 810 1286 837 AGAMEMNONI
1303 809 1378 844 (837)

339 866 425 908 208
1207 865 1323 920 palm
1350 867 1393 907 et
1418 863 1605 907 crinibus
1641 840 1650 847 ¹

1088 969 1156 1004 XII

338 1032 424 1075 209
455 1031 648 1087 Iuppiter
673 1030 753 1073 tibi
780 1045 944 1073 summe
969 1030 1141 1073 tandem
1166 1032 1277 1073 male
1301 1046 1346 1073 re
1371 1034 1492 1087 gesta
1516 1030 1722 1087 gratulor.

341 1161 448 1195 mus.’
546 1160 600 1194 Ex
614 1159 803 1205 Euripidis
817 1159 972 1195 Hecuba
990 1170 1135 1195 versum
1148 1160 1261 1195 Ennii
1283 1170 1507 1206 expressum,
1527 1159 1593 1195 ubi
1611 1159 1766 1195 Hecuba
1784 1172 1815 1194 v.
1832 1163 1899 1195 627

339 1225 443 1249 suam
458 1211 564 1259 ῥῆσιν
579 1213 769 1248 concludit
782 1219 904 1255 κεῖνος
918 1213 1140 1260 ὀλβιώτατος
1154 1211 1223 1261 ’ὅτῳ
1243 1212 1326 1249 κατ’
1343 1210 1441 1259 ἦμαρ
1455 1213 1629 1260 τυγχάνει
1642 1213 1759 1259 μηδὲν
1771 1212 1901 1256 κακόν,

338 1267 464 1312 itaque
484 1267 595 1302 Ennii
616 1267 828 1313 cognomini
847 1266 999 1302 fabulae
1016 1267 1230 1302 addendum
1242 1267 1409 1302 Muretus
1422 1277 1496 1302 var.
1511 1267 1595 1302 lect.
1610 1279 1632 1301 v
1647 1270 1689 1302 13
1704 1266 1899 1302 intellexit.

339 1321 475 1355 Similis
496 1321 664 1356 clausula
679 1321 813 1356 Bacch.
829 1324 898 1355 910
918 1321 959 1356 τὸ
980 1322 1021 1357 δὲ
1041 1319 1117 1356 κατ’
1141 1317 1239 1366 ἦμαρ
1261 1319 1330 1368 ὅτῳ
1350 1319 1474 1367 βίοτος
1493 1319 1681 1366 εὐδαίμων
1701 1319 1899 1365 μακαρίζω.

336 1373 489 1409 Publilii
503 1374 584 1419 Syri
605 1376 760 1410 sentent.
776 1378 846 1409 430
859 1374 968 1409 Ribb.
986 1374 1163 1409 ‘nimium
1182 1374 1271 1410 boni
1291 1375 1348 1410 est
1365 1374 1405 1409 in
1423 1375 1542 1409 morte
1561 1374 1621 1409 cui
1640 1374 1694 1408 nil
1714 1374 1763 1409 sit
1781 1374 1898 1409 mali.'

453 1428 503 1462 IX
516 1430 613 1474 (206)
638 1428 781 1463 Nonius
794 1441 829 1473 p.
848 1432 924 1471 115,
941 1431 984 1462 33
1002 1427 1222 1474 ‘guttatim.
1240 1456 1245 1462 .
1263 1457 1270 1462 .
1285 1427 1426 1462 Ennius
1439 1427 1609 1462 haecuba
1623 1427 1729 1464 «vide
1747 1428 1833 1463 hinc
1851 1440 1898 1462 m.

337 1483 487 1527 inquam
500 1482 688 1517 lacrumae
703 1482 774 1527 (vel
792 1482 836 1516 la
846 1481 1030 1526 crimae3
1050 1492 1174 1516 meae
1188 1481 1283 1517 Flor.
1298 1494 1345 1516 m.
1359 1493 1414 1527 pr.
1430 1481 1547 1526 Leid.)
1561 1493 1596 1526 g.
1612 1481 1801 1516 cadunt».'

336 1536 532 1581 Euripides
554 1539 620 1571 760
641 1535 733 1584 ὁρᾷς
751 1535 885 1579 νεκρὸν
903 1533 1009 1571 τόνδ’
1033 1532 1078 1570 οὗ
1097 1535 1309 1577 καταστάζει)
1330 1534 1468 1580 δάκρυ;

453 1589 485 1623 X
506 1590 602 1634 (207)
627 1589 771 1624 Nonius
784 1601 819 1634 p.
836 1591 916 1632 342,
932 1592 975 1623 23
993 1589 1003 1605 ‘
1012 1588 1200 1623 modicum
1213 1590 1355 1624 veteres
1368 1589 1601 1624 moderatum
1615 1590 1653 1623 et
1666 1589 1899 1624 commodum

337 1643 583 1688 (commodo
605 1642 663 1677 vel
687 1654 782 1677 cum
809 1642 937 1677 modo
962 1642 1088 1688 pauci)
1109 1642 1185 1677 dici
1203 1642 1332 1677 volunt
1347 1671 1353 1676 .
1371 1670 1376 1677 .
1394 1671 1400 1676 .
1418 1671 1424 1676 .
1439 1642 1581 1677 Ennius
1601 1642 1755 1677 Hecuba
1775 1642 1899 1687 (hae-

337 1696 448 1731 cuba
468 1696 525 1731 vel
543 1696 765 1741 heccuba)
786 1706 905 1740 «quae
927 1724 957 1730 ..
979 1696 1158 1731 concubio
1179 1696 1331 1741 (cubio
1350 1695 1534 1740 nonnulli)
1556 1724 1609 1730 ...
1631 1696 1778 1741 gerit».'

336 1749 493 1784 Uberius
507 1749 704 1795 Euripides
724 1753 792 1784 826
812 1749 906 1793 πρὸς
925 1754 1019 1784 σοῖσι
1038 1751 1211 1793 πλευροῖς
1229 1755 1318 1790 παῖς
1337 1749 1403 1794 ἐμὴ
1423 1747 1625 1794 κοιμίζεται
1644 1748 1667 1794 ἡ
1687 1747 1836 1796 φοιβάς,
1851 1747 1898 1793 ἣν

336 1804 486 1838 καλοῦσι
500 1802 729 1847 Κασάνδραν
746 1803 895 1848 Φρύγες.
910 1808 984 1838 ποῦ
1003 1802 1070 1844 τὰς
1086 1801 1198 1847 φίλας
1211 1800 1292 1848 δῆτ’
1311 1801 1499 1847 εὐφρόνας
1512 1801 1655 1845 δείξεις,
1670 1802 1775 1845 ἅναξ,
1789 1801 1811 1847 ἢ
1824 1808 1898 1838 τῶν

337 1855 377 1890 ἐν
397 1856 485 1902 εὐνῇ
506 1856 692 1900 φιλτάτων
711 1855 963 1901 ἀσπασμάτων
983 1855 1093 1902 χάριν
1112 1854 1185 1891 τίν’
1210 1855 1280 1898 ἕξει
1298 1861 1390 1898 παῖς
1409 1855 1488 1901 ἐμή,
1507 1854 1634 1901 κείνης
1652 1854 1690 1891 δ’
1714 1855 1801 1902 ἐγώς

452 1909 503 1943 ΧΙ
516 1911 612 1955 (208)
640 1909 766 1945 Cicero
779 1911 871 1945 orat.
883 1913 940 1953 45,
954 1913 1020 1944 153
1035 1910 1045 1926 ‘
1056 1909 1135 1945 sine
1148 1909 1338 1945 vocalibus
1352 1920 1464 1955 saepe
1477 1909 1670 1944 brevitatis
1685 1920 1797 1944 causa
1814 1921 1899 1945 con-

336 1962 535 1998 trahebant
553 1965 596 1998 ut
614 1963 669 1998 ita
689 1963 855 1998 dicerent
874 1963 1006 1999 «multi
1024 1963 1168 1999 modis»
1189 1965 1251 1999 «et
1269 1974 1333 1998 vas
1354 1963 1564 2009 argenteis»
1585 1963 1711 2008 «palm
1731 1965 1768 1998 et
1782 1965 1825 2008 (p
1834 1963 1898 1998 al-

335 2017 423 2051 met
441 2016 589 2052 Abrinc.
610 2017 762 2062 palma
781 2018 825 2051 et
843 2016 995 2062 integri)
1016 2016 1202 2052 crinibus»
1223 2017 1336 2053 «tecti
1355 2016 1536 2053 fractis».'
1634 2017 1690 2051 Ex
1707 2016 1899 2061 Euripidis

335 2069 488 2104 Hecuba
498 2073 566 2105 837
587 2071 651 2105 καὶ
669 2070 771 2117 χερσὶ
789 2071 854 2105 καὶ
872 2069 1022 2115 κόμαισι
1037 2069 1197 2105 Orelh‘us
1217 2070 1267 2105 ad
1280 2069 1467 2105 Ciceronis
1486 2069 1606 2115 palm
1627 2071 1670 2105 et
1693 2069 1897 2105 crinibus

337 2122 552 2168 adscripsit;
571 2134 691 2168 neque
712 2123 961 2158 dubitandum
980 2123 1137 2166 videtur,
1159 2123 1250 2168 quin
1268 2123 1420 2166 Ennius,
1442 2135 1553 2168 quem
1577 2123 1674 2158 hane
1700 2121 1805 2168 ῤ’ῆσιν
1825 2122 1898 2157 He-

337 2176 453 2210 cubae
479 2177 687 2212 accuratius
714 2177 937 2222 expressisse
963 2176 1078 2212 etiam
1102 2190 1126 2211 x
1152 2176 1329 2220 declarat,
1349 2177 1448 2211 hunc
1467 2187 1615 2221 quoque
1633 2176 1755 2211 locum
1781 2175 1820 2211 εἴ
1835 2189 1898 2220 μοι

336 2227 479 2273 γένοιτο
499 2229 670 2275 φθόγγος
689 2231 728 2266 ἐν
749 2229 917 2278 βραχίοσι
937 2231 1001 2265 καὶ
1020 2230 1121 2277 χερσὶ
1140 2230 1204 2265 καὶ
1223 2229 1372 2275 κόμαισι
1392 2231 1456 2265 καὶ
1476 2231 1604 2265 ποδῶν
1630 2229 1734 2276 βάσει
1754 2231 1817 2264 κτλ
1835 2229 1895 2275 (cf.

336 2281 468 2317 Electr.
482 2285 563 2328 334)
577 2283 616 2318 in
630 2296 736 2318 suum
749 2296 857 2318 usum
871 2284 1102 2319 converterit.
1118 2283 1238 2319 Aliter
1251 2285 1376 2319 censet
1386 2284 1459 2318 Leo
1474 2284 1615 2328 quaest.
1628 2282 1748 2318 Plaut.
1761 2295 1796 2328 p.
1810 2286 1895 2326 2993

336 2334 381 2369 cf.
395 2335 521 2370 Birtus
539 2348 630 2371 mus.
645 2337 761 2372 Rhen.
776 2351 812 2371 LI
831 2350 866 2382 p.
883 2341 961 2372 248.

454 2389 520 2423 XII
539 2391 636 2435 (209)
673 2390 816 2425 Nonius
835 2403 871 2436 p.
888 2394 967 2434 116,
983 2394 1027 2426 28
1045 2390 1248 2437 ‘gratulari
1273 2390 1414 2436 gratias
1441 2401 1562 2436 agere.
1582 2389 1724 2424 Ennius
1743 2389 1897 2424 Hecuba

337 2441 527 2487 «Iuppiter
546 2443 710 2489 (iupiter)
726 2472 732 2478 ,
750 2473 755 2478 .
773 2473 779 2478 .
795 2444 1012 2490 gratulor».'
1119 2444 1204 2480 Non
1223 2444 1362 2490 legitur
1380 2444 1420 2479 in
1440 2442 1582 2479 Graeca
1600 2443 1811 2488 tragoedia:
1832 2443 1897 2478 sed

336 2614 426 2652 olim
439 2613 678 2660 Ribbeck-ius,
686 2618 823 2663 postea
836 2617 878 2654 in
891 2616 973 2655 alia
986 2616 1206 2663 deflectens;
1225 2616 1267 2654 in
1281 2615 1383 2654 diem
1396 2616 1431 2653 h.
1447 2627 1476 2654 e.
1490 2610 1574 2653 κατ’
1591 2608 1695 2665 ἦμαρ
1713 2611 1789 2664 (ἀεὶ
1807 2609 1891 2651 κατ’

337 2666 440 2724 ἦμαρ
462 2673 604 2711 Troad.
621 2669 724 2727 392)
745 2677 895 2714 tantum
913 2687 991 2714 non
1008 2676 1156 2723 requiri
1174 2676 1325 2714 videtur
1344 2687 1431 2713 cum
1448 2675 1634 2712 sententia
1653 2676 1733 2711 tum
1754 2672 1896 2711 Graeci

336 2743 470 2771 versus
499 2733 664 2781 exemplo
675 2748 689 2779 ,·
724 2733 855 2772 Cicero
885 2737 1013 2773 autem
1041 2735 1177 2778 omisit,
1207 2735 1308 2782 quod
1335 2735 1388 2772 ad
1412 2745 1526 2772 suam
1549 2733 1775 2771 sententiam
1798 2732 1895 2770 nihil

337 2792 553 2839 conferebat
679 2793 760 2831 206
788 2793 891 2831 hunc
915 2807 966 2831 m.
986 2795 1027 2831 in
1053 2807 1170 2843 quem
1188 2793 1421 2832 Scriverius:
1439 2793 1530 2830 hinc
1549 2806 1598 2829 m.
1613 2793 1776 2840 inquam

338 2852 421 2888 207
450 2850 556 2896 Quae
577 2850 651 2889 tibi
669 2852 730 2889 in:
749 2853 796 2899 cf.
818 2850 899 2897 306
927 2852 1053 2898 Quam
1079 2852 1153 2890 tibi
1181 2865 1227 2890 ex
1368 2851 1498 2891 Cicero
1511 2862 1587 2900 pro
1609 2851 1736 2889 Tullio
1760 2860 1795 2899 2,
1809 2859 1830 2897 5
1853 2850 1894 2888 id

335 2911 465 2959 ipsum
490 2911 705 2950 verecunde
728 2911 958 2961 modiceque
983 2912 1127 2951 faciam
