<?xml version="1.0" encoding="UTF-8"?>
<!DOCTYPE html PUBLIC "-//W3C//DTD XHTML 1.0 Transitional//EN"
    "http://www.w3.org/TR/xhtml1/DTD/xhtml1-transitional.dtd">
<html xmlns="http://www.w3.org/1999/xhtml" xml:lang="en" lang="en">
 <head>
  <title>
</title>
<meta http-equiv="Content-Type" content="text/html;charset=utf-8" />
  <meta name='ocr-system' content='tesseract 3.04.00' />
  <meta name='ocr-capabilities' content='ocr_page ocr_carea ocr_par ocr_line ocrx_word'/>
</head>
<body>
  <div class='ocr_page' id='page_1' title='image "./ennianaepoesisre00enniuoft/ennianaepoesisre00enniuoft_0469.png"; bbox 0 0 2054 3282; ppageno 0'>
   <div class='ocr_carea' id='block_1_1' title="bbox 720 197 1716 241">
    <p class='ocr_par' dir='ltr' id='par_1_1' title="bbox 720 197 1716 241">
     <span class='ocr_line' id='line_1_1' title="bbox 720 197 1716 241; baseline -0.003 -5"><span class='ocrx_word' id='word_1_1' title='bbox 720 199 904 237; x_wconf 83' lang='lat' dir='ltr'>VERSUS</span> <span class='ocrx_word' id='word_1_2' title='bbox 929 198 1162 236; x_wconf 83' lang='lat' dir='ltr'><strong>MERULAE</strong></span> <span class='ocrx_word' id='word_1_3' title='bbox 1632 197 1716 241; x_wconf 80' lang='lat'>241</span> 
     </span>
    </p>
   </div>
   <div class='ocr_carea' id='block_1_2' title="bbox 275 320 1408 442">
    <p class='ocr_par' dir='ltr' id='par_1_2' title="bbox 275 320 1408 442">
     <span class='ocr_line' id='line_1_2' title="bbox 913 320 964 355; baseline 0 0"><span class='ocrx_word' id='word_1_4' title='bbox 913 320 964 355; x_wconf 90' lang='lat' dir='ltr'>VI</span> 
     </span>
     <span class='ocr_line' id='line_1_3' title="bbox 275 379 1408 442; baseline -0.006 -14"><span class='ocrx_word' id='word_1_5' title='bbox 275 384 485 442; x_wconf 80' lang='lat' dir='ltr'>Disperge</span> <span class='ocrx_word' id='word_1_6' title='bbox 516 385 674 440; x_wconf 87' lang='lat' dir='ltr'>hostes,</span> <span class='ocrx_word' id='word_1_7' title='bbox 706 384 903 438; x_wconf 76' lang='lat' dir='ltr'><strong>distrahe,</strong></span> <span class='ocrx_word' id='word_1_8' title='bbox 936 382 1072 436; x_wconf 85' lang='lat' dir='ltr'>diduc,</span> <span class='ocrx_word' id='word_1_9' title='bbox 1105 380 1256 436; x_wconf 85' lang='lat' dir='ltr'>divide,</span> <span class='ocrx_word' id='word_1_10' title='bbox 1287 379 1408 422; x_wconf 89' lang='lat' dir='ltr'>differ</span> 
     </span>
    </p>
   </div>
   <div class='ocr_carea' id='block_1_3' title="bbox 274 487 1458 888">
    <p class='ocr_par' dir='ltr' id='par_1_3' title="bbox 274 487 1458 888">
     <span class='ocr_line' id='line_1_4' title="bbox 902 487 969 522; baseline 0 0"><span class='ocrx_word' id='word_1_11' title='bbox 902 487 969 522; x_wconf 85' lang='lat' dir='ltr'>VH</span> 
     </span>
     <span class='ocr_line' id='line_1_5' title="bbox 274 546 1398 605; baseline -0.005 -12"><span class='ocrx_word' id='word_1_12' title='bbox 274 549 493 605; x_wconf 83' lang='lat' dir='ltr'>Undique:</span> <span class='ocrx_word' id='word_1_13' title='bbox 525 551 789 593; x_wconf 89' lang='lat' dir='ltr'>multimodis</span> <span class='ocrx_word' id='word_1_14' title='bbox 823 548 1088 591; x_wconf 89' lang='lat' dir='ltr'>consumitur</span> <span class='ocrx_word' id='word_1_15' title='bbox 1120 547 1244 588; x_wconf 86' lang='lat' dir='ltr'>anxia</span> <span class='ocrx_word' id='word_1_16' title='bbox 1276 546 1398 588; x_wconf 90' lang='lat' dir='ltr'>curis.</span> 
     </span>
     <span class='ocr_line' id='line_1_6' title="bbox 276 618 1314 676; baseline -0.006 -13"><span class='ocrx_word' id='word_1_17' title='bbox 276 619 484 663; x_wconf 81' lang='lat' dir='ltr'><strong>Omnibus</strong></span> <span class='ocrx_word' id='word_1_18' title='bbox 518 622 613 663; x_wconf 91' lang='lat' dir='ltr'>inde</span> <span class='ocrx_word' id='word_1_19' title='bbox 644 622 750 663; x_wconf 88' lang='lat' dir='ltr'>locis</span> <span class='ocrx_word' id='word_1_20' title='bbox 783 621 932 676; x_wconf 88' lang='lat' dir='ltr'>ingens</span> <span class='ocrx_word' id='word_1_21' title='bbox 965 620 1142 673; x_wconf 89' lang='lat' dir='ltr'>apparet</span> <span class='ocrx_word' id='word_1_22' title='bbox 1173 618 1314 672; x_wconf 82' lang='lat' dir='ltr'>imago</span> 
     </span>
     <span class='ocr_line' id='line_1_7' title="bbox 277 688 1458 748; baseline -0.005 -14"><span class='ocrx_word' id='word_1_23' title='bbox 277 692 512 748; x_wconf 79' lang='lat' dir='ltr'>Tristitias3</span> <span class='ocrx_word' id='word_1_24' title='bbox 545 693 776 747; x_wconf 89' lang='lat' dir='ltr'>oculosque</span> <span class='ocrx_word' id='word_1_25' title='bbox 808 705 1043 745; x_wconf 90' lang='lat' dir='ltr'>manusque</span> <span class='ocrx_word' id='word_1_26' title='bbox 1075 689 1127 730; x_wconf 88' lang='lat' dir='ltr'>ad</span> <span class='ocrx_word' id='word_1_27' title='bbox 1159 688 1296 729; x_wconf 89' lang='lat' dir='ltr'>sidera</span> <span class='ocrx_word' id='word_1_28' title='bbox 1325 689 1458 729; x_wconf 90' lang='lat' dir='ltr'>lassas</span> 
     </span>
     <span class='ocr_line' id='line_1_8' title="bbox 274 759 1416 813; baseline -0.005 -8"><span class='ocrx_word' id='word_1_29' title='bbox 274 763 542 805; x_wconf 86' lang='lat' dir='ltr'>Protendunt</span> <span class='ocrx_word' id='word_1_30' title='bbox 573 763 828 805; x_wconf 87' lang='lat' dir='ltr'>exsecrando</span> <span class='ocrx_word' id='word_1_31' title='bbox 862 761 970 804; x_wconf 87' lang='lat' dir='ltr'>duci’</span> <span class='ocrx_word' id='word_1_32' title='bbox 1002 760 1116 802; x_wconf 85' lang='lat' dir='ltr'>facta</span> <span class='ocrx_word' id='word_1_33' title='bbox 1146 759 1416 813; x_wconf 88' lang='lat' dir='ltr'>reprendunt.</span> 
     </span>
     <span class='ocr_line' id='line_1_9' title="bbox 274 832 1280 888; baseline -0.004 -12"><span class='ocrx_word' id='word_1_34' title='bbox 274 834 409 876; x_wconf 86' lang='lat' dir='ltr'>Poeni</span> <span class='ocrx_word' id='word_1_35' title='bbox 441 837 728 888; x_wconf 74' lang='lat' dir='ltr'>pervertentes</span> <span class='ocrx_word' id='word_1_36' title='bbox 762 833 905 875; x_wconf 87' lang='lat' dir='ltr'>omnia</span> <span class='ocrx_word' id='word_1_37' title='bbox 937 832 1280 874; x_wconf 78' lang='lat' dir='ltr'>circumcursant.</span> 
     </span>
    </p>
   </div>
   <div class='ocr_carea' id='block_1_4' title="bbox 274 936 1296 1042">
    <p class='ocr_par' dir='ltr' id='par_1_4' title="bbox 274 936 1296 1042">
     <span class='ocr_line' id='line_1_10' title="bbox 894 936 978 971; baseline 0 0"><span class='ocrx_word' id='word_1_38' title='bbox 894 936 978 971; x_wconf 85' lang='lat' dir='ltr'>VHI</span> 
     </span>
     <span class='ocr_line' id='line_1_11' title="bbox 274 996 1296 1042; baseline -0.003 -2"><span class='ocrx_word' id='word_1_39' title='bbox 274 998 440 1042; x_wconf 86' lang='lat' dir='ltr'>Fulviu&#39;</span> <span class='ocrx_word' id='word_1_40' title='bbox 472 999 672 1042; x_wconf 89' lang='lat' dir='ltr'>Nobilior</span> <span class='ocrx_word' id='word_1_41' title='bbox 703 999 854 1041; x_wconf 83' lang='lat' dir='ltr'>stravit</span> <span class='ocrx_word' id='word_1_42' title='bbox 886 997 1115 1040; x_wconf 83' lang='lat' dir='ltr'>certamine</span> <span class='ocrx_word' id='word_1_43' title='bbox 1149 996 1296 1039; x_wconf 87' lang='lat' dir='ltr'>crebro</span> 
     </span>
    </p>
   </div>
   <div class='ocr_carea' id='block_1_5' title="bbox 275 1069 1665 1339">
    <p class='ocr_par' dir='ltr' id='par_1_5' title="bbox 275 1069 1665 1339">
     <span class='ocr_line' id='line_1_12' title="bbox 275 1069 453 1113; baseline 0.006 -2"><span class='ocrx_word' id='word_1_44' title='bbox 275 1069 453 1113; x_wconf 82' lang='lat' dir='ltr'>Aetolos</span> 
     </span>
     <span class='ocr_line' id='line_1_13' title="bbox 915 1150 965 1184; baseline 0 0"><span class='ocrx_word' id='word_1_45' title='bbox 915 1150 965 1184; x_wconf 88' lang='lat' dir='ltr'>IX</span> 
     </span>
     <span class='ocr_line' id='line_1_14' title="bbox 277 1209 1321 1266; baseline -0.004 -12"><span class='ocrx_word' id='word_1_46' title='bbox 277 1212 377 1254; x_wconf 87' lang='lat' dir='ltr'>Vim</span> <span class='ocrx_word' id='word_1_47' title='bbox 406 1215 480 1254; x_wconf 89' lang='lat' dir='ltr'>tua</span> <span class='ocrx_word' id='word_1_48' title='bbox 511 1213 711 1254; x_wconf 84' lang='lat' dir='ltr'>noluntas</span> <span class='ocrx_word' id='word_1_49' title='bbox 742 1212 846 1254; x_wconf 89' lang='lat' dir='ltr'>facit</span> <span class='ocrx_word' id='word_1_50' title='bbox 878 1211 1108 1266; x_wconf 88' lang='lat' dir='ltr'>imperiosa</span> <span class='ocrx_word' id='word_1_51' title='bbox 1138 1209 1321 1251; x_wconf 85' lang='lat' dir='ltr'>vetando</span> 
     </span>
     <span class='ocr_line' id='line_1_15' title="bbox 280 1279 1665 1339; baseline -0.004 -14"><span class='ocrx_word' id='word_1_52' title='bbox 280 1282 414 1333; x_wconf 86' lang='lat' dir='ltr'>Quem</span> <span class='ocrx_word' id='word_1_53' title='bbox 448 1285 597 1326; x_wconf 89' lang='lat' dir='ltr'>consul</span> <span class='ocrx_word' id='word_1_54' title='bbox 628 1284 794 1339; x_wconf 78' lang='lat' dir='ltr'>meruit,</span> <span class='ocrx_word' id='word_1_55' title='bbox 828 1297 957 1338; x_wconf 91' lang='lat' dir='ltr'>quom</span> <span class='ocrx_word' id='word_1_56' title='bbox 989 1297 1054 1324; x_wconf 89' lang='lat' dir='ltr'>res</span> <span class='ocrx_word' id='word_1_57' title='bbox 1086 1281 1193 1323; x_wconf 91' lang='lat' dir='ltr'>bene</span> <span class='ocrx_word' id='word_1_58' title='bbox 1226 1283 1357 1336; x_wconf 78' lang='lat' dir='ltr'>gesta,</span> <span class='ocrx_word' id='word_1_59' title='bbox 1388 1279 1665 1334; x_wconf 87' lang='lat' dir='ltr'>triumphum.</span> 
     </span>
    </p>
   </div>
   <div class='ocr_carea' id='block_1_6' title="bbox 923 1387 1356 1502">
    <p class='ocr_par' dir='ltr' id='par_1_6' title="bbox 923 1387 1356 1502">
     <span class='ocr_line' id='line_1_16' title="bbox 923 1387 956 1421; baseline 0 0"><span class='ocrx_word' id='word_1_60' title='bbox 923 1387 956 1421; x_wconf 92' lang='lat' dir='ltr'>X</span> 
     </span>
     <span class='ocr_line' id='line_1_17' title="bbox 1157 1446 1356 1502; baseline -0.01 -13"><span class='ocrx_word' id='word_1_61' title='bbox 1157 1446 1356 1502; x_wconf 83' lang='lat' dir='ltr'>praedam</span> 
     </span>
    </p>
   </div>
   <div class='ocr_carea' id='block_1_7' title="bbox 272 1519 1342 1701">
    <p class='ocr_par' dir='ltr' id='par_1_7' title="bbox 272 1519 1342 1701">
     <span class='ocr_line' id='line_1_18' title="bbox 272 1519 484 1575; baseline 0.005 -14"><span class='ocrx_word' id='word_1_62' title='bbox 272 1519 484 1575; x_wconf 89' lang='lat' dir='ltr'>Dispertit</span> 
     </span>
     <span class='ocr_line' id='line_1_19' title="bbox 914 1599 965 1633; baseline 0 0"><span class='ocrx_word' id='word_1_63' title='bbox 914 1599 965 1633; x_wconf 91' lang='lat' dir='ltr'>XI</span> 
     </span>
     <span class='ocr_line' id='line_1_20' title="bbox 1257 1660 1342 1701; baseline 0 0"><span class='ocrx_word' id='word_1_64' title='bbox 1257 1660 1342 1701; x_wconf 90' lang='lat' dir='ltr'>telo</span> 
     </span>
    </p>
   </div>
   <div class='ocr_carea' id='block_1_8' title="bbox 244 1732 696 1788">
    <p class='ocr_par' dir='ltr' id='par_1_8' title="bbox 244 1732 696 1788">
     <span class='ocr_line' id='line_1_21' title="bbox 244 1732 696 1788; baseline 0 -15"><span class='ocrx_word' id='word_1_65' title='bbox 244 1763 248 1766; x_wconf 84' lang='lat'><em>-</em></span> <span class='ocrx_word' id='word_1_66' title='bbox 270 1732 507 1788; x_wconf 87' lang='lat' dir='ltr'>Transfigit</span> <span class='ocrx_word' id='word_1_67' title='bbox 540 1747 696 1787; x_wconf 88' lang='lat' dir='ltr'>corpus</span> 
     </span>
    </p>
   </div>
   <div class='ocr_carea' id='block_1_9' title="bbox 151 1873 1720 2986">
    <p class='ocr_par' dir='ltr' id='par_1_9' title="bbox 153 1873 1717 1976">
     <span class='ocr_line' id='line_1_22' title="bbox 269 1873 1717 1923; baseline -0.001 -11"><span class='ocrx_word' id='word_1_68' title='bbox 269 1877 319 1912; x_wconf 88' lang='lat' dir='ltr'>VI</span> <span class='ocrx_word' id='word_1_69' title='bbox 355 1878 448 1913; x_wconf 90' lang='lat' dir='ltr'>Ibid.</span> <span class='ocrx_word' id='word_1_70' title='bbox 469 1890 504 1923; x_wconf 89' lang='lat' dir='ltr'>p.</span> <span class='ocrx_word' id='word_1_71' title='bbox 521 1881 589 1913; x_wconf 86' lang='lat'>354</span> <span class='ocrx_word' id='word_1_72' title='bbox 605 1877 773 1923; x_wconf 87' lang='lat' dir='ltr'>‘glossar.</span> <span class='ocrx_word' id='word_1_73' title='bbox 789 1877 959 1913; x_wconf 82' lang='lat' dir='ltr'>Forneri:</span> <span class='ocrx_word' id='word_1_74' title='bbox 980 1877 1107 1912; x_wconf 86' lang='lat' dir='ltr'>divido</span> <span class='ocrx_word' id='word_1_75' title='bbox 1128 1873 1342 1921; x_wconf 74' lang='grc' dir='ltr'><em>ὃιασπείρω.</em></span> <span class='ocrx_word' id='word_1_76' title='bbox 1360 1875 1501 1911; x_wconf 88' lang='lat' dir='ltr'>Ennius</span> <span class='ocrx_word' id='word_1_77' title='bbox 1523 1875 1563 1910; x_wconf 90' lang='lat' dir='ltr'>in</span> <span class='ocrx_word' id='word_1_78' title='bbox 1586 1875 1717 1920; x_wconf 89' lang='lat' dir='ltr'>quinto</span> 
     </span>
     <span class='ocr_line' id='line_1_23' title="bbox 153 1930 594 1976; baseline 0 -9"><span class='ocrx_word' id='word_1_79' title='bbox 153 1930 349 1976; x_wconf 78' lang='lat' dir='ltr'>«disperge</span> <span class='ocrx_word' id='word_1_80' title='bbox 365 1960 371 1966; x_wconf 93' lang='lat'>.</span> <span class='ocrx_word' id='word_1_81' title='bbox 389 1960 395 1966; x_wconf 84' lang='lat'>.</span> <span class='ocrx_word' id='word_1_82' title='bbox 413 1960 418 1966; x_wconf 97' lang='lat'>.</span> <span class='ocrx_word' id='word_1_83' title='bbox 435 1931 594 1967; x_wconf 85' lang='lat' dir='ltr'>differ».&#39;</span> 
     </span>
    </p>

    <p class='ocr_par' dir='ltr' id='par_1_10' title="bbox 152 1982 1720 2243">
     <span class='ocr_line' id='line_1_24' title="bbox 276 1982 1718 2030; baseline -0.001 -11"><span class='ocrx_word' id='word_1_84' title='bbox 276 1984 343 2019; x_wconf 81' lang='lat' dir='ltr'>VH</span> <span class='ocrx_word' id='word_1_85' title='bbox 380 1984 472 2019; x_wconf 91' lang='lat' dir='ltr'>Ibid.</span> <span class='ocrx_word' id='word_1_86' title='bbox 487 1997 523 2030; x_wconf 91' lang='lat' dir='ltr'>p.</span> <span class='ocrx_word' id='word_1_87' title='bbox 538 1989 606 2020; x_wconf 81' lang='lat'>416</span> <span class='ocrx_word' id='word_1_88' title='bbox 624 1985 634 2002; x_wconf 83' lang='lat'><em>‘</em></span> <span class='ocrx_word' id='word_1_89' title='bbox 645 1984 866 2030; x_wconf 83' lang='lat' dir='ltr'>Calpurnius</span> <span class='ocrx_word' id='word_1_90' title='bbox 880 1984 945 2019; x_wconf 88' lang='lat' dir='ltr'>ille</span> <span class='ocrx_word' id='word_1_91' title='bbox 958 1984 1023 2019; x_wconf 90' lang='lat' dir='ltr'>lib.</span> <span class='ocrx_word' id='word_1_92' title='bbox 1038 1997 1051 2018; x_wconf 96' lang='lat'>1</span> <span class='ocrx_word' id='word_1_93' title='bbox 1067 1984 1132 2019; x_wconf 90' lang='lat' dir='ltr'>ubi</span> <span class='ocrx_word' id='word_1_94' title='bbox 1149 1984 1195 2018; x_wconf 91' lang='lat' dir='ltr'>de</span> <span class='ocrx_word' id='word_1_95' title='bbox 1213 1982 1522 2018; x_wconf 86' lang='lat' dir='ltr'>dissolutionibus</span> <span class='ocrx_word' id='word_1_96' title='bbox 1538 2011 1544 2017; x_wconf 87' lang='lat'>.</span> <span class='ocrx_word' id='word_1_97' title='bbox 1559 2011 1565 2017; x_wconf 90' lang='lat'>.</span> <span class='ocrx_word' id='word_1_98' title='bbox 1580 2011 1586 2017; x_wconf 90' lang='lat'>.</span> <span class='ocrx_word' id='word_1_99' title='bbox 1602 1994 1718 2028; x_wconf 90' lang='lat' dir='ltr'>quan-</span> 
     </span>
     <span class='ocr_line' id='line_1_25' title="bbox 155 2036 1719 2081; baseline -0.001 -10"><span class='ocrx_word' id='word_1_100' title='bbox 155 2038 195 2071; x_wconf 88' lang='lat' dir='ltr'>ta</span> <span class='ocrx_word' id='word_1_101' title='bbox 217 2038 342 2072; x_wconf 91' lang='lat' dir='ltr'>autem</span> <span class='ocrx_word' id='word_1_102' title='bbox 363 2038 493 2072; x_wconf 90' lang='lat' dir='ltr'>audita</span> <span class='ocrx_word' id='word_1_103' title='bbox 513 2049 661 2072; x_wconf 89' lang='lat' dir='ltr'>suorum</span> <span class='ocrx_word' id='word_1_104' title='bbox 681 2038 787 2072; x_wconf 88' lang='lat' dir='ltr'>clade</span> <span class='ocrx_word' id='word_1_105' title='bbox 806 2038 1006 2072; x_wconf 87' lang='lat' dir='ltr'>formidine</span> <span class='ocrx_word' id='word_1_106' title='bbox 1029 2037 1320 2072; x_wconf 84' lang='lat' dir='ltr'>contremuerint</span> <span class='ocrx_word' id='word_1_107' title='bbox 1340 2036 1433 2080; x_wconf 84' lang='lat' dir='ltr'>Afri,</span> <span class='ocrx_word' id='word_1_108' title='bbox 1454 2047 1566 2081; x_wconf 90' lang='lat' dir='ltr'>quam</span> <span class='ocrx_word' id='word_1_109' title='bbox 1589 2047 1719 2080; x_wconf 89' lang='lat' dir='ltr'>repen-</span> 
     </span>
     <span class='ocr_line' id='line_1_26' title="bbox 155 2089 1720 2135; baseline -0.001 -11"><span class='ocrx_word' id='word_1_110' title='bbox 155 2090 234 2124; x_wconf 89' lang='lat' dir='ltr'>tino</span> <span class='ocrx_word' id='word_1_111' title='bbox 254 2092 359 2125; x_wconf 90' lang='lat' dir='ltr'>motu</span> <span class='ocrx_word' id='word_1_112' title='bbox 378 2090 529 2125; x_wconf 88' lang='lat' dir='ltr'>illorum</span> <span class='ocrx_word' id='word_1_113' title='bbox 543 2091 659 2125; x_wconf 90' lang='lat' dir='ltr'>animi</span> <span class='ocrx_word' id='word_1_114' title='bbox 674 2091 905 2126; x_wconf 89' lang='lat' dir='ltr'>conciderint</span> <span class='ocrx_word' id='word_1_115' title='bbox 918 2091 1058 2126; x_wconf 88' lang='lat' dir='ltr'>Ennius</span> <span class='ocrx_word' id='word_1_116' title='bbox 1073 2090 1168 2125; x_wconf 90' lang='lat' dir='ltr'>libro</span> <span class='ocrx_word' id='word_1_117' title='bbox 1183 2090 1342 2135; x_wconf 87' lang='lat' dir='ltr'>septimo</span> <span class='ocrx_word' id='word_1_118' title='bbox 1357 2089 1595 2124; x_wconf 89' lang='lat' dir='ltr'>dissolutiore</span> <span class='ocrx_word' id='word_1_119' title='bbox 1608 2089 1649 2123; x_wconf 87' lang='lat' dir='ltr'>id</span> <span class='ocrx_word' id='word_1_120' title='bbox 1663 2090 1720 2123; x_wconf 86' lang='lat' dir='ltr'>est</span> 
     </span>
     <span class='ocr_line' id='line_1_27' title="bbox 152 2142 1719 2189; baseline 0 -13"><span class='ocrx_word' id='word_1_121' title='bbox 152 2142 305 2177; x_wconf 89' lang='lat' dir='ltr'>meliore</span> <span class='ocrx_word' id='word_1_122' title='bbox 332 2143 512 2178; x_wconf 86' lang='lat' dir='ltr'>describit</span> <span class='ocrx_word' id='word_1_123' title='bbox 540 2145 619 2179; x_wconf 89' lang='lat' dir='ltr'>arte</span> <span class='ocrx_word' id='word_1_124' title='bbox 645 2155 757 2188; x_wconf 89' lang='lat' dir='ltr'>quam</span> <span class='ocrx_word' id='word_1_125' title='bbox 776 2143 956 2188; x_wconf 79' lang='lat' dir='ltr'>Naevius3</span> <span class='ocrx_word' id='word_1_126' title='bbox 983 2143 1083 2189; x_wconf 88' lang='lat' dir='ltr'>quod</span> <span class='ocrx_word' id='word_1_127' title='bbox 1102 2143 1227 2189; x_wconf 88' lang='lat' dir='ltr'>potuit</span> <span class='ocrx_word' id='word_1_128' title='bbox 1252 2143 1316 2188; x_wconf 89' lang='lat' dir='ltr'>qui</span> <span class='ocrx_word' id='word_1_129' title='bbox 1341 2143 1412 2177; x_wconf 90' lang='lat' dir='ltr'>hoc</span> <span class='ocrx_word' id='word_1_130' title='bbox 1436 2143 1620 2187; x_wconf 85' lang='lat' dir='ltr'>posterior</span> <span class='ocrx_word' id='word_1_131' title='bbox 1645 2142 1719 2177; x_wconf 83' lang='lat' dir='ltr'>fuit</span> 
     </span>
     <span class='ocr_line' id='line_1_28' title="bbox 153 2196 994 2243; baseline 0 -11"><span class='ocrx_word' id='word_1_132' title='bbox 153 2196 275 2241; x_wconf 84' lang='lat' dir='ltr'>«[ann.</span> <span class='ocrx_word' id='word_1_133' title='bbox 295 2197 379 2243; x_wconf 88' lang='lat'>310]</span> <span class='ocrx_word' id='word_1_134' title='bbox 400 2197 569 2241; x_wconf 91' lang='lat' dir='ltr'>undique</span> <span class='ocrx_word' id='word_1_135' title='bbox 586 2225 591 2231; x_wconf 96' lang='lat'>.</span> <span class='ocrx_word' id='word_1_136' title='bbox 609 2226 615 2231; x_wconf 94' lang='lat'>.</span> <span class='ocrx_word' id='word_1_137' title='bbox 633 2226 639 2231; x_wconf 89' lang='lat'>.</span> <span class='ocrx_word' id='word_1_138' title='bbox 656 2197 994 2232; x_wconf 88' lang='lat' dir='ltr'>circumcursant».’</span> 
     </span>
    </p>

    <p class='ocr_par' dir='ltr' id='par_1_11' title="bbox 151 2247 1718 2401">
     <span class='ocr_line' id='line_1_29' title="bbox 270 2247 1718 2296; baseline -0.001 -12"><span class='ocrx_word' id='word_1_139' title='bbox 270 2249 353 2284; x_wconf 77' lang='lat' dir='ltr'>VHI</span> <span class='ocrx_word' id='word_1_140' title='bbox 390 2250 482 2284; x_wconf 87' lang='lat' dir='ltr'>Ibid.</span> <span class='ocrx_word' id='word_1_141' title='bbox 498 2262 533 2295; x_wconf 89' lang='lat' dir='ltr'>p.</span> <span class='ocrx_word' id='word_1_142' title='bbox 550 2253 616 2284; x_wconf 88' lang='lat'>551</span> <span class='ocrx_word' id='word_1_143' title='bbox 635 2250 801 2296; x_wconf 83' lang='lat' dir='ltr'>‘glossae</span> <span class='ocrx_word' id='word_1_144' title='bbox 815 2250 984 2285; x_wconf 85' lang='lat' dir='ltr'>Forneri:</span> <span class='ocrx_word' id='word_1_145' title='bbox 1006 2247 1211 2285; x_wconf 79' lang='grc' dir='ltr'><em>ἀποκτείνω</em></span> <span class='ocrx_word' id='word_1_146' title='bbox 1232 2250 1366 2284; x_wconf 88' lang='lat' dir='ltr'>sterno.</span> <span class='ocrx_word' id='word_1_147' title='bbox 1381 2248 1522 2283; x_wconf 87' lang='lat' dir='ltr'>Ennius</span> <span class='ocrx_word' id='word_1_148' title='bbox 1543 2248 1718 2285; x_wconf 85' lang='lat' dir='ltr'>«Fulvius</span> 
     </span>
     <span class='ocr_line' id='line_1_30' title="bbox 151 2302 1716 2349; baseline 0.001 -13"><span class='ocrx_word' id='word_1_149' title='bbox 151 2302 288 2337; x_wconf 88' lang='lat' dir='ltr'>nobilis</span> <span class='ocrx_word' id='word_1_150' title='bbox 309 2302 491 2338; x_wconf 88' lang='lat' dir='ltr'>obstravit</span> <span class='ocrx_word' id='word_1_151' title='bbox 511 2303 743 2349; x_wconf 88' lang='lat' dir='ltr'>(Nobilior</span> <span class='ocrx_word' id='word_1_152' title='bbox 769 2303 935 2339; x_wconf 88' lang='lat' dir='ltr'>stravit</span> <span class='ocrx_word' id='word_1_153' title='bbox 959 2303 1117 2349; x_wconf 90' lang='lat' dir='ltr'>Merula)</span> <span class='ocrx_word' id='word_1_154' title='bbox 1138 2314 1167 2338; x_wconf 89' lang='lat' dir='ltr'>c.</span> <span class='ocrx_word' id='word_1_155' title='bbox 1189 2303 1338 2338; x_wconf 88' lang='lat' dir='ltr'>cerebro</span> <span class='ocrx_word' id='word_1_156' title='bbox 1366 2304 1403 2337; x_wconf 89' lang='lat' dir='ltr'>et</span> <span class='ocrx_word' id='word_1_157' title='bbox 1427 2302 1512 2337; x_wconf 90' lang='lat' dir='ltr'>illos</span> <span class='ocrx_word' id='word_1_158' title='bbox 1540 2302 1716 2348; x_wconf 90' lang='lat' dir='ltr'>(crebro</span> 
     </span>
     <span class='ocr_line' id='line_1_31' title="bbox 152 2355 567 2401; baseline 0.005 -11"><span class='ocrx_word' id='word_1_159' title='bbox 152 2355 339 2391; x_wconf 87' lang='lat' dir='ltr'>Aetolos</span> <span class='ocrx_word' id='word_1_160' title='bbox 360 2356 567 2401; x_wconf 85' lang='lat' dir='ltr'>Merula)».&#39;</span> 
     </span>
    </p>

    <p class='ocr_par' dir='ltr' id='par_1_12' title="bbox 152 2408 1718 2719">
     <span class='ocr_line' id='line_1_32' title="bbox 270 2408 1718 2455; baseline 0.001 -13"><span class='ocrx_word' id='word_1_161' title='bbox 270 2409 320 2443; x_wconf 87' lang='lat' dir='ltr'>IX</span> <span class='ocrx_word' id='word_1_162' title='bbox 356 2409 449 2444; x_wconf 91' lang='lat' dir='ltr'>Ibid.</span> <span class='ocrx_word' id='word_1_163' title='bbox 471 2422 506 2454; x_wconf 84' lang='lat' dir='ltr'>p.</span> <span class='ocrx_word' id='word_1_164' title='bbox 529 2413 596 2444; x_wconf 85' lang='lat'>563</span> <span class='ocrx_word' id='word_1_165' title='bbox 620 2409 862 2455; x_wconf 82' lang='lat' dir='ltr'>‘Calpurnius</span> <span class='ocrx_word' id='word_1_166' title='bbox 890 2409 986 2444; x_wconf 90' lang='lat' dir='ltr'>libro</span> <span class='ocrx_word' id='word_1_167' title='bbox 1013 2422 1042 2445; x_wconf 87' lang='lat'>1:</span> <span class='ocrx_word' id='word_1_168' title='bbox 1072 2409 1395 2445; x_wconf 89' lang='lat' dir='ltr'>vehementissime</span> <span class='ocrx_word' id='word_1_169' title='bbox 1424 2409 1526 2454; x_wconf 89' lang='lat' dir='ltr'>apud</span> <span class='ocrx_word' id='word_1_170' title='bbox 1554 2408 1718 2444; x_wconf 89' lang='lat' dir='ltr'>Ennium</span> 
     </span>
     <span class='ocr_line' id='line_1_33' title="bbox 152 2461 1716 2508; baseline 0.001 -13"><span class='ocrx_word' id='word_1_171' title='bbox 152 2462 260 2496; x_wconf 88' lang='lat' dir='ltr'>tonat</span> <span class='ocrx_word' id='word_1_172' title='bbox 279 2461 429 2497; x_wconf 86' lang='lat' dir='ltr'>Clodius</span> <span class='ocrx_word' id='word_1_173' title='bbox 449 2463 581 2497; x_wconf 90' lang='lat' dir='ltr'>Pulcer</span> <span class='ocrx_word' id='word_1_174' title='bbox 603 2463 643 2497; x_wconf 88' lang='lat' dir='ltr'>in</span> <span class='ocrx_word' id='word_1_175' title='bbox 662 2463 710 2497; x_wconf 93' lang='lat' dir='ltr'>M.</span> <span class='ocrx_word' id='word_1_176' title='bbox 731 2463 934 2498; x_wconf 89' lang='lat' dir='ltr'>Aebutium</span> <span class='ocrx_word' id='word_1_177' title='bbox 948 2463 1186 2508; x_wconf 87' lang='lat' dir='ltr'>(Aburium</span> <span class='ocrx_word' id='word_1_178' title='bbox 1205 2462 1362 2507; x_wconf 83' lang='lat' dir='ltr'>Merula)</span> <span class='ocrx_word' id='word_1_179' title='bbox 1376 2462 1460 2497; x_wconf 89' lang='lat' dir='ltr'>trib.</span> <span class='ocrx_word' id='word_1_180' title='bbox 1481 2461 1614 2507; x_wconf 82' lang='lat' dir='ltr'>plebis,</span> <span class='ocrx_word' id='word_1_181' title='bbox 1633 2473 1716 2497; x_wconf 88' lang='lat' dir='ltr'>cum</span> 
     </span>
     <span class='ocr_line' id='line_1_34' title="bbox 153 2514 1718 2560; baseline 0 -11"><span class='ocrx_word' id='word_1_182' title='bbox 153 2514 368 2559; x_wconf 89' lang='lat' dir='ltr'>prohiberet</span> <span class='ocrx_word' id='word_1_183' title='bbox 381 2515 622 2560; x_wconf 87' lang='lat' dir='ltr'>triumphum,</span> <span class='ocrx_word' id='word_1_184' title='bbox 638 2527 748 2560; x_wconf 88' lang='lat' dir='ltr'>quem</span> <span class='ocrx_word' id='word_1_185' title='bbox 768 2516 814 2551; x_wconf 92' lang='lat' dir='ltr'>ob</span> <span class='ocrx_word' id='word_1_186' title='bbox 834 2526 892 2550; x_wconf 89' lang='lat' dir='ltr'>res</span> <span class='ocrx_word' id='word_1_187' title='bbox 912 2516 952 2550; x_wconf 91' lang='lat' dir='ltr'>in</span> <span class='ocrx_word' id='word_1_188' title='bbox 972 2515 1129 2551; x_wconf 82' lang='lat' dir='ltr'>Graecia</span> <span class='ocrx_word' id='word_1_189' title='bbox 1148 2515 1339 2560; x_wconf 88' lang='lat' dir='ltr'>praeclare</span> <span class='ocrx_word' id='word_1_190' title='bbox 1359 2516 1483 2560; x_wconf 87' lang='lat' dir='ltr'>gestas</span> <span class='ocrx_word' id='word_1_191' title='bbox 1504 2515 1718 2550; x_wconf 86' lang='lat' dir='ltr'>decreverat</span> 
     </span>
     <span class='ocr_line' id='line_1_35' title="bbox 152 2568 1716 2615; baseline 0 -13"><span class='ocrx_word' id='word_1_192' title='bbox 152 2579 288 2613; x_wconf 85' lang='lat' dir='ltr'>magno</span> <span class='ocrx_word' id='word_1_193' title='bbox 303 2579 483 2603; x_wconf 87' lang='lat' dir='ltr'>consensu</span> <span class='ocrx_word' id='word_1_194' title='bbox 499 2571 659 2612; x_wconf 86' lang='lat' dir='ltr'>senatus,</span> <span class='ocrx_word' id='word_1_195' title='bbox 681 2580 858 2604; x_wconf 86' lang='lat' dir='ltr'>accusans</span> <span class='ocrx_word' id='word_1_196' title='bbox 879 2569 993 2604; x_wconf 89' lang='lat' dir='ltr'>etiam</span> <span class='ocrx_word' id='word_1_197' title='bbox 1012 2568 1209 2604; x_wconf 87' lang='lat' dir='ltr'>Manilium</span> <span class='ocrx_word' id='word_1_198' title='bbox 1224 2568 1285 2615; x_wconf 92' lang='lat' dir='ltr'>(M.</span> <span class='ocrx_word' id='word_1_199' title='bbox 1300 2568 1545 2603; x_wconf 89' lang='lat' dir='ltr'>Aemilium</span> <span class='ocrx_word' id='word_1_200' title='bbox 1558 2568 1716 2613; x_wconf 88' lang='lat' dir='ltr'>Merula)</span> 
     </span>
     <span class='ocr_line' id='line_1_36' title="bbox 152 2620 1715 2667; baseline 0.001 -13"><span class='ocrx_word' id='word_1_201' title='bbox 152 2620 251 2655; x_wconf 90' lang='lat' dir='ltr'>inter</span> <span class='ocrx_word' id='word_1_202' title='bbox 269 2620 345 2656; x_wconf 90' lang='lat' dir='ltr'>alia</span> <span class='ocrx_word' id='word_1_203' title='bbox 365 2622 462 2657; x_wconf 90' lang='lat' dir='ltr'>«vim</span> <span class='ocrx_word' id='word_1_204' title='bbox 478 2650 484 2655; x_wconf 93' lang='lat'>.</span> <span class='ocrx_word' id='word_1_205' title='bbox 501 2650 507 2656; x_wconf 93' lang='lat'>.</span> <span class='ocrx_word' id='word_1_206' title='bbox 525 2650 531 2656; x_wconf 86' lang='lat'>.</span> <span class='ocrx_word' id='word_1_207' title='bbox 547 2622 811 2667; x_wconf 88' lang='lat' dir='ltr'>triumphum».</span> <span class='ocrx_word' id='word_1_208' title='bbox 834 2633 878 2656; x_wconf 84' lang='lat' dir='ltr'>ex</span> <span class='ocrx_word' id='word_1_209' title='bbox 897 2621 1033 2657; x_wconf 88' lang='lat' dir='ltr'>affectu</span> <span class='ocrx_word' id='word_1_210' title='bbox 1052 2622 1145 2657; x_wconf 89' lang='lat' dir='ltr'>haec</span> <span class='ocrx_word' id='word_1_211' title='bbox 1164 2622 1305 2656; x_wconf 86' lang='lat' dir='ltr'>Ennius</span> <span class='ocrx_word' id='word_1_212' title='bbox 1325 2621 1477 2667; x_wconf 88' lang='lat' dir='ltr'>scripsit</span> <span class='ocrx_word' id='word_1_213' title='bbox 1495 2622 1535 2656; x_wconf 89' lang='lat' dir='ltr'>in</span> <span class='ocrx_word' id='word_1_214' title='bbox 1554 2621 1715 2667; x_wconf 85' lang='lat' dir='ltr'>gratiam</span> 
     </span>
     <span class='ocr_line' id='line_1_37' title="bbox 154 2674 1714 2719; baseline -0.001 -11"><span class='ocrx_word' id='word_1_215' title='bbox 154 2674 210 2708; x_wconf 89' lang='lat' dir='ltr'>sui</span> <span class='ocrx_word' id='word_1_216' title='bbox 224 2674 341 2717; x_wconf 80' lang='lat' dir='ltr'>Fulvi,</span> <span class='ocrx_word' id='word_1_217' title='bbox 355 2686 430 2709; x_wconf 90' lang='lat' dir='ltr'>non</span> <span class='ocrx_word' id='word_1_218' title='bbox 446 2685 489 2709; x_wconf 84' lang='lat' dir='ltr'>ex</span> <span class='ocrx_word' id='word_1_219' title='bbox 502 2675 684 2710; x_wconf 87' lang='lat' dir='ltr'>veritate.’</span> <span class='ocrx_word' id='word_1_220' title='bbox 779 2675 832 2709; x_wconf 91' lang='lat' dir='ltr'>De</span> <span class='ocrx_word' id='word_1_221' title='bbox 852 2675 1094 2710; x_wconf 81' lang='lat' dir='ltr'>uoluntate</span> <span class='ocrx_word' id='word_1_222' title='bbox 1114 2675 1159 2710; x_wconf 85' lang='lat' dir='ltr'>cf.</span> <span class='ocrx_word' id='word_1_223' title='bbox 1174 2675 1348 2710; x_wconf 87' lang='lat' dir='ltr'>Placidus</span> <span class='ocrx_word' id='word_1_224' title='bbox 1363 2675 1399 2710; x_wconf 81' lang='lat' dir='ltr'>C.</span> <span class='ocrx_word' id='word_1_225' title='bbox 1413 2674 1468 2710; x_wconf 78' lang='lat' dir='ltr'>Gl.</span> <span class='ocrx_word' id='word_1_226' title='bbox 1482 2674 1521 2709; x_wconf 91' lang='lat' dir='ltr'>L.</span> <span class='ocrx_word' id='word_1_227' title='bbox 1533 2686 1600 2719; x_wconf 86' lang='lat' dir='ltr'>vp.</span> <span class='ocrx_word' id='word_1_228' title='bbox 1614 2678 1669 2717; x_wconf 82' lang='grc'>87,</span> <span class='ocrx_word' id='word_1_229' title='bbox 1683 2678 1714 2708; x_wconf 90' lang='grc'>6.</span> 
     </span>
    </p>

    <p class='ocr_par' dir='ltr' id='par_1_13' title="bbox 154 2727 1712 2826">
     <span class='ocr_line' id='line_1_38' title="bbox 271 2727 1712 2773; baseline -0.001 -12"><span class='ocrx_word' id='word_1_230' title='bbox 271 2727 304 2761; x_wconf 90' lang='grc' dir='ltr'>Χ</span> <span class='ocrx_word' id='word_1_231' title='bbox 339 2727 433 2762; x_wconf 85' lang='lat' dir='ltr'>Ibid.</span> <span class='ocrx_word' id='word_1_232' title='bbox 454 2740 489 2772; x_wconf 73' lang='lat' dir='ltr'>p,</span> <span class='ocrx_word' id='word_1_233' title='bbox 511 2731 578 2762; x_wconf 80' lang='lat'>226</span> <span class='ocrx_word' id='word_1_234' title='bbox 601 2727 844 2773; x_wconf 80' lang='lat' dir='ltr'>‘glossarium</span> <span class='ocrx_word' id='word_1_235' title='bbox 870 2727 951 2763; x_wconf 83' lang='lat' dir='ltr'>Gul.</span> <span class='ocrx_word' id='word_1_236' title='bbox 973 2728 1142 2763; x_wconf 88' lang='lat' dir='ltr'>Forneri:</span> <span class='ocrx_word' id='word_1_237' title='bbox 1168 2728 1349 2773; x_wconf 88' lang='lat' dir='ltr'>dispertio</span> <span class='ocrx_word' id='word_1_238' title='bbox 1376 2727 1548 2772; x_wconf 80' lang='grc' dir='ltr'><em>διανέμω.</em></span> <span class='ocrx_word' id='word_1_239' title='bbox 1570 2727 1712 2761; x_wconf 86' lang='lat' dir='ltr'>Ennius</span> 
     </span>
     <span class='ocr_line' id='line_1_39' title="bbox 154 2780 1339 2826; baseline 0 -10"><span class='ocrx_word' id='word_1_240' title='bbox 154 2780 355 2824; x_wconf 87' lang='lat' dir='ltr'>«praedam</span> <span class='ocrx_word' id='word_1_241' title='bbox 375 2781 599 2826; x_wconf 84' lang='lat' dir='ltr'>dispertit».’</span> <span class='ocrx_word' id='word_1_242' title='bbox 699 2781 899 2816; x_wconf 84' lang='lat' dir='ltr'>Coniunxit</span> <span class='ocrx_word' id='word_1_243' title='bbox 917 2781 1062 2816; x_wconf 89' lang='lat' dir='ltr'>Merula</span> <span class='ocrx_word' id='word_1_244' title='bbox 1082 2793 1165 2816; x_wconf 91' lang='lat' dir='ltr'>cum</span> <span class='ocrx_word' id='word_1_245' title='bbox 1184 2793 1268 2816; x_wconf 82' lang='lat' dir='ltr'>ann.</span> <span class='ocrx_word' id='word_1_246' title='bbox 1286 2785 1339 2816; x_wconf 82' lang='lat'>75.</span> 
     </span>
    </p>

    <p class='ocr_par' dir='ltr' id='par_1_14' title="bbox 153 2833 1713 2986">
     <span class='ocr_line' id='line_1_40' title="bbox 271 2833 1713 2879; baseline 0 -12"><span class='ocrx_word' id='word_1_247' title='bbox 271 2833 321 2867; x_wconf 92' lang='lat' dir='ltr'>XI</span> <span class='ocrx_word' id='word_1_248' title='bbox 356 2834 449 2869; x_wconf 87' lang='lat' dir='ltr'>Ibid.</span> <span class='ocrx_word' id='word_1_249' title='bbox 464 2846 499 2879; x_wconf 89' lang='lat' dir='ltr'>p.</span> <span class='ocrx_word' id='word_1_250' title='bbox 516 2838 582 2868; x_wconf 79' lang='lat'>308</span> <span class='ocrx_word' id='word_1_251' title='bbox 600 2835 610 2851; x_wconf 56' lang='lat'><em>⁶</em></span> <span class='ocrx_word' id='word_1_252' title='bbox 621 2834 722 2879; x_wconf 90' lang='lat' dir='ltr'>apud</span> <span class='ocrx_word' id='word_1_253' title='bbox 737 2833 977 2879; x_wconf 89' lang='lat' dir='ltr'>Calpurnium</span> <span class='ocrx_word' id='word_1_254' title='bbox 990 2834 1163 2870; x_wconf 89' lang='lat' dir='ltr'>Pisonem</span> <span class='ocrx_word' id='word_1_255' title='bbox 1182 2835 1246 2869; x_wconf 90' lang='lat' dir='ltr'>lib.</span> <span class='ocrx_word' id='word_1_256' title='bbox 1262 2848 1289 2869; x_wconf 94' lang='lat'>11</span> <span class='ocrx_word' id='word_1_257' title='bbox 1309 2845 1381 2878; x_wconf 90' lang='lat' dir='ltr'>quo</span> <span class='ocrx_word' id='word_1_258' title='bbox 1401 2833 1483 2868; x_wconf 90' lang='lat' dir='ltr'>loco</span> <span class='ocrx_word' id='word_1_259' title='bbox 1498 2833 1579 2878; x_wconf 84' lang='lat' dir='ltr'>agit</span> <span class='ocrx_word' id='word_1_260' title='bbox 1592 2833 1638 2868; x_wconf 89' lang='lat' dir='ltr'>de</span> <span class='ocrx_word' id='word_1_261' title='bbox 1652 2844 1713 2867; x_wconf 92' lang='lat' dir='ltr'>vo-</span> 
     </span>
     <span class='ocr_line' id='line_1_41' title="bbox 155 2885 1712 2933; baseline 0.001 -14"><span class='ocrx_word' id='word_1_262' title='bbox 155 2897 237 2920; x_wconf 90' lang='lat' dir='ltr'>cum</span> <span class='ocrx_word' id='word_1_263' title='bbox 258 2887 420 2922; x_wconf 86' lang='lat' dir='ltr'>sectione</span> <span class='ocrx_word' id='word_1_264' title='bbox 441 2916 540 2922; x_wconf 90' lang='grc'><strong>.....</strong></span> <span class='ocrx_word' id='word_1_265' title='bbox 562 2888 712 2933; x_wconf 87' lang='lat' dir='ltr'>scripsit</span> <span class='ocrx_word' id='word_1_266' title='bbox 730 2888 870 2922; x_wconf 88' lang='lat' dir='ltr'>Ennius</span> <span class='ocrx_word' id='word_1_267' title='bbox 896 2887 1050 2923; x_wconf 84' lang='lat' dir='ltr'>licentia</span> <span class='ocrx_word' id='word_1_268' title='bbox 1075 2888 1237 2933; x_wconf 88' lang='lat' dir='ltr'>quadam</span> <span class='ocrx_word' id='word_1_269' title='bbox 1263 2886 1458 2922; x_wconf 88' lang='lat' dir='ltr'>toleranda</span> <span class='ocrx_word' id='word_1_270' title='bbox 1478 2886 1542 2921; x_wconf 89' lang='lat' dir='ltr'>lib.</span> <span class='ocrx_word' id='word_1_271' title='bbox 1557 2899 1594 2921; x_wconf 89' lang='lat' dir='ltr'>VI</span> <span class='ocrx_word' id='word_1_272' title='bbox 1614 2885 1712 2922; x_wconf 90' lang='lat' dir='ltr'>«telo</span> 
     </span>
     <span class='ocr_line' id='line_1_42' title="bbox 153 2939 1485 2986; baseline 0 -13"><span class='ocrx_word' id='word_1_273' title='bbox 153 2939 339 2985; x_wconf 84' lang='lat' dir='ltr'>transfigit</span> <span class='ocrx_word' id='word_1_274' title='bbox 358 2951 502 2986; x_wconf 82' lang='lat' dir='ltr'>corpus,</span> <span class='ocrx_word' id='word_1_275' title='bbox 524 2952 610 2976; x_wconf 85' lang='lat' dir='ltr'>saxo</span> <span class='ocrx_word' id='word_1_276' title='bbox 632 2952 714 2976; x_wconf 89' lang='lat' dir='ltr'>cere</span> <span class='ocrx_word' id='word_1_277' title='bbox 734 2941 957 2976; x_wconf 87' lang='lat' dir='ltr'>comminuit</span> <span class='ocrx_word' id='word_1_278' title='bbox 974 2941 1132 2978; x_wconf 89' lang='lat' dir='ltr'>brum».’</span> <span class='ocrx_word' id='word_1_279' title='bbox 1227 2940 1279 2976; x_wconf 85' lang='lat' dir='ltr'>Cf.</span> <span class='ocrx_word' id='word_1_280' title='bbox 1301 2952 1383 2976; x_wconf 90' lang='lat' dir='ltr'>ann.</span> <span class='ocrx_word' id='word_1_281' title='bbox 1407 2943 1485 2974; x_wconf 83' lang='lat'>609.</span> 
     </span>
    </p>
   </div>
   <div class='ocr_carea' id='block_1_10' title="bbox 224 3003 1431 3040">
    <p class='ocr_par' dir='ltr' id='par_1_15' title="bbox 224 3003 1431 3040">
     <span class='ocr_line' id='line_1_43' title="bbox 224 3003 1431 3040; baseline -0.002 -4"><span class='ocrx_word' id='word_1_282' title='bbox 224 3011 380 3038; x_wconf 76' lang='lat' dir='ltr'>ENNIUS</span> <span class='ocrx_word' id='word_1_283' title='bbox 401 3013 445 3038; x_wconf 86' lang='lat' dir='ltr'>ed.</span> <span class='ocrx_word' id='word_1_284' title='bbox 460 3013 587 3040; x_wconf 85' lang='lat' dir='ltr'>Vahlen.</span> <span class='ocrx_word' id='word_1_285' title='bbox 1388 3003 1431 3034; x_wconf 85' lang='grc'>16</span> 
     </span>
    </p>
   </div>
  </div>
 </body>
</html>
