2020 3334
321 223 475 259 XXVIII
878 223 905 258 Ι.
930 223 1157 258 HISTORIA
1181 223 1318 259 ENNII

322 348 367 374 eo
405 336 570 374 consilio
607 335 705 383 dici,
741 337 787 373 ut
823 349 873 374 ne
909 336 998 385 quis
1028 348 1150 385 prave
1179 336 1478 385 interpretetur,
1514 337 1549 375 si
1586 349 1688 387 quae
1719 336 1808 386 quis
1837 339 1882 375 1n

321 396 448 444 poetis
479 395 687 443 vituperet.
720 393 834 438 Quod
865 407 955 432 cum
984 394 1148 432 Homeri
1178 394 1356 444 exemplo
1387 395 1552 445 aperiat,
1581 397 1715 446 potuit
1745 397 1785 434 et
1813 408 1882 435 vo-

321 455 398 491 luit
428 453 533 491 haud
565 453 681 491 dubie
709 453 814 491 idem
839 453 887 491 de
913 453 1042 491 Ennio
1068 453 1206 503 accipi.
1239 452 1358 491 Cuius
1382 454 1513 493 noluit
1535 457 1686 504 poesim
1711 455 1882 505 culpare,

322 525 410 550 011111
440 514 574 550 tamen
605 524 743 550 versus
775 511 966 562 quosdam
997 514 1186 562 carperet.
1217 512 1302 551 Hoc
1329 513 1433 551 enim
1457 513 1651 553 Horatius
1677 514 1788 562 dixit,
1813 515 1883 564 qui

322 585 362 610 se
394 570 629 609 defendebat
654 571 760 621 quod
784 572 861 610 sibi
886 572 1116 622 sumpsisset
1140 572 1332 611 nonnulla
1356 573 1398 610 in
1422 571 1576 611 Lucilio
1600 573 1882 623 reprehendere

321 626 413 683 (sat.
439 643 454 668 1
482 631 546 679 10,
569 625 736 683 52sqq.)

537 691 596 727 Tu
625 691 725 728 nihil
753 692 797 728 in
826 701 966 739 mayno
996 691 1128 729 doetus
1158 691 1358 738 reprendis
1388 691 1571 735 Homero,

533 749 604 787 Nil
634 751 751 788 comis
782 751 920 798 trayiei
949 752 1073 788 mutat
1102 750 1283 788 Lucilius
1313 749 1420 794 Acci,

447 828 456 837 ν
533 809 626 846 Non
655 809 756 847 ridet
784 820 917 847 versus
949 809 1060 847 Enni
1087 810 1278 858 yravitate
1308 811 1487 854 minores,

536 867 634 906 Cum
665 868 711 906 de
740 880 780 907 se
811 869 980 916 loquitur
1009 880 1088 906 non
1118 871 1161 906 ut
1190 869 1336 907 maiore
1366 870 1570 916 reprensis.

320 926 384 964 Ad
416 938 517 976 quae
547 927 644 965 haec
675 928 735 965 est
765 927 1049 977 Porphyrionis
1082 927 1305 966 adnotatio:
1338 929 1477 976 trayioi
1506 926 1603 966 Aeci
1631 929 1732 966 nihil
1761 931 1885 966 mutat

320 986 529 1024 Lucilius?
578 989 612 1024 et
646 987 715 1025 hoo
750 988 1027 1035 interroyativa
1062 987 1194 1035 fiqura
1233 999 1320 1025 eum
1349 988 1480 1025 ironia
1510 987 1682 1035 quadam
1704 998 1883 1035 pronun-

321 1045 511 1090 tiandum,
541 1047 635 1093 quia
666 1058 711 1084 ex
741 1047 934 1084 contrario
964 1046 1254 1094 intelligendum
1278 1049 1332 1084 est
1358 1068 1411 1072 —
1440 1068 1494 1072 —-
1520 1047 1617 1094 facit
1640 1049 1768 1084 autem
1791 1047 1884 1085 haee

321 1104 502 1143 Lucilius
539 1117 626 1143 eum
663 1106 765 1143 alias
802 1108 883 1143 tum
919 1106 978 1143 vel
1013 1107 1180 1144 maxime
1215 1106 1260 1144 in
1296 1107 1403 1144 tertio
1441 1106 1559 1143 libro.-
1594 1107 1767 1144 meminit
1797 1118 1888 1143 vm!

320 1166 354 1202 et
379 1176 416 1201 Χ.
441 1176 477 1202 v.
501 1164 555 1202 54
586 1175 665 1202 non
707 1165 806 1203 ridet
843 1175 977 1203 versus
1021 1165 1132 1203 Enni
1170 1166 1361 1213 qravitate
1403 1166 1590 1203 minores:
1631 1165 1764 1203 eadem
1805 1177 1884 1212 qua

319 1235 444 1271 supra
473 1224 604 1272 fiyura
635 1226 669 1262 et
698 1225 766 1262 hoc
796 1224 948 1262 dieitur.
979 1235 1116 1262 sensus
1147 1227 1274 1262 autem
1305 1227 1377 1262 est:
1406 1235 1485 1261 non
1515 1235 1602 1272 erqo
1633 1225 1749 1262 etiam
1774 1224 1884 1262 Enni

320 1293 453 1320 versus
495 1283 595 1321 ridet
631 1284 699 1331 qui
733 1284 901 1321 minores
937 1286 1029 1321 sunt
1065 1295 1182 1331 quam
1219 1295 1337 1331 quam
1373 1283 1598 1331 dignitatem
1640 1284 1722 1321 eius
1759 1284 1885 1330 possit

321 1341 458 1389 (quam
488 1354 586 1389 quae
616 1343 787 1391 diqnitas
819 1346 837 1380 ἒ
862 1344 943 1380 eius
961 1354 1044 1390 par
1067 1342 1147 1390 sit),
1179 1344 1220 1380 et
1244 1354 1344 1391 quae
1371 1344 1588 1391 sequuntur
1613 1342 1663 1380 ad
1687 1355 1722 1380 v.
1752 1342 1805 1380 55
1834 1341 1883 1379 ad

320 1414 442 1438 unum
478 1400 652 1439 Ennium
694 1401 823 1440 relata
864 1414 944 1440 non
986 1403 1101 1439 recte.
1170 1400 1247 1446 Qui
1290 1413 1392 1450 quae
1429 1400 1476 1439 de
1512 1401 1625 1439 libris
1666 1400 1883 1439 Lucilianis

324 1460 432 1508 dicit,
459 1472 699 1510 quamquam
725 1460 775 1499 ad
801 1473 925 1498 unum
944 1460 1107 1499 Accium
1135 1461 1347 1510 applicata,
1373 1472 1451 1498 non
1479 1460 1609 1498 minus
1635 1460 1819 1498 videntur
1837 1460 1884 1498 de

321 1519 451 1558 Ennio
481 1520 630 1568 valere,
666 1520 733 1558 sed
764 1519 810 1558 de
842 1521 950 1558 tertio
981 1520 1079 1558 libro
1111 1519 1216 1569 quod
1247 1519 1434 1558 afferatur
1464 1532 1542 1558 non
1573 1521 1743 1569 reperio,
1782 1532 1883 1569 quae

321 1580 539 1627 sequuntur
577 1579 610 1618 si
647 1579 703 1617 sic
738 1581 844 1617 recte
881 1580 1192 1629 interpretamur
1226 1580 1401 1618 meminit
1435 1590 1536 1617 nono
1573 1582 1608 1617 et
1643 1579 1805 1623 decimo,
1842 1579 1883 1616 in

320 1639 508 1687 promptu
540 1640 599 1676 est
629 1652 664 1676 v.
698 1639 784 1677 500
797 1638 841 1676 L.
873 1639 1015 1677 Latere
1039 1639 1215 1686 pendens
1244 1650 1343 1676 saxa
1373 1649 1560 1686 spargens
1585 1638 1671 1676 tabo
1704 1639 1815 1676 sanie
1851 1640 1883 1675 et

319 1698 510 1745 sanquine
530 1700 626 1742 atro,
658 1710 774 1746 quem
793 1697 946 1735 Nonius
972 1710 1019 1735 ex
1037 1697 1182 1735 Lucilii
1209 1697 1275 1735 lib.
1297 1709 1413 1735 xvun
1438 1697 1564 1745 affert,
1590 1695 1722 1735 Cicero
1749 1698 1883 1734 autem

321 1757 492 1794 testatur
516 1756 637 1794 Ennii
668 1769 825 1794 versum
858 1769 939 1795 esse
971 1770 1017 1794 ex
1048 1757 1219 1805 Thyeste
1252 1751 1371 1808 (scen.
1399 1750 1515 1808 363).
1547 1755 1652 1793 Risit
1676 1757 1882 1804 praeterea

321 1814 496 1853 Lucilius
522 1828 678 1854 versum
701 1815 820 1854 Ennii
846 1816 893 1854 de
920 1815 1101 1865 Scipione
1122 1810 1231 1868 (vm)
1250 1814 1410 1863 Sparsis
1435 1816 1556 1853 hastis
1581 1816 1704 1863 longis
1724 1826 1883 1862 campus

320 1875 493 1922 splendet
510 1878 544 1913 et
561 1876 696 1912 horret.
731 1874 889 1913 Servius
909 1876 1013 1913 enim
1033 1887 1121 1912 cum
1140 1875 1277 1913 scribit
1294 1876 1337 1912 in
1356 1874 1453 1912 Aen.
1468 1886 1509 1911 x1
1525 1875 1606 1912 601
1629 1875 1756 1912 horret
1775 1885 1883 1922 ayer:

322 1935 504 1972 terribilis
536 1937 608 1972 est:
645 1937 699 1972 est
729 1937 857 1972 autem
887 1946 1021 1972 versus
1055 1934 1269 1972 Ennianus
1305 1935 1544 1981 vituperatus
1576 1945 1602 1970 a
1632 1933 1787 1971 Lucilio
1825 1933 1882 1970 di-

322 1996 423 2031 cente
447 2005 522 2040 per
550 1994 773 2031 irrisionem
803 1994 976 2032 debuisse
1008 2005 1094 2032 eum
1125 1994 1249 2031 dicere
1280 1989 1422 2031 ‘horret
1452 1995 1486 2031 et
1510 1987 1645 2041 alqet’:
1674 1992 1777 2030 unde
1802 1992 1883 2029 Ho-

321 2054 447 2090 ratius
485 2053 530 2090 de
561 2052 737 2091 Lucilio:
772 2049 866 2091 ‘non
902 2053 1001 2091 ridet
1036 2064 1170 2090 versus
1204 2053 1314 2090 Enni
1347 2053 1539 2100 yravitate
1574 2047 1769 2095 minores'‚
1805 2063 1882 2089 non

322 2113 454 2161 potest
489 2111 665 2149 dubitari
701 2112 797 2161 quin
834 2112 948 2149 illum
984 2123 1142 2150 versum
1176 2111 1299 2159 dicat,
1335 2112 1377 2148 in
1415 2123 1493 2160 quo
1530 2123 1608 2149 non
1644 2110 1816 2158 splendet
1851 2113 1885 2148 et

322 2172 449 2209 horret
479 2171 546 2209 sed
571 2172 698 2209 horret
722 2174 757 2210 et
780 2172 880 2220 alyet
904 2170 1112 2209 dicendum
1137 2171 1258 2209 fuisse
1283 2166 1461 2208 Lucilius
1492 2182 1581 2208 cum
1611 2169 1694 2208 risu
1724 2181 1882 2207 monue-

323 2231 400 2278 rat,
431 2230 498 2268 sed
528 2231 569 2267 in
602 2242 680 2279 qno
711 2230 813 2268 libro
843 2231 929 2279 hoc,
960 2231 1142 2268 nescitur.

440 2288 477 2326 A
507 2289 636 2327 medio
668 2289 749 2327 fere
780 2290 935 2328 saeculo
968 2289 1017 2327 ab
1048 2289 1144 2327 urbe
1175 2289 1343 2339 septimo
1372 2288 1556 2326 videntur
1580 2288 1701 2326 fuisse
1726 2289 1767 2325 et
1790 2286 1884 2326 Por-

323 2349 406 2386 cius
438 2347 615 2396 Licinus,
653 2362 770 2397 quem
801 2349 848 2387 de
880 2349 1009 2386 Ennio
1043 2349 1261 2398 scripsisse,
1291 2349 1336 2385 ut
1368 2348 1426 2385 ait
1456 2347 1603 2395 Varro,
1641 2359 1759 2396 supra
1783 2360 1821 2396 p.
1842 2352 1884 2383 x1'

324 2407 507 2455 vidimus,
533 2409 572 2445 et
596 2408 806 2446 Volcacius
833 2407 1045 2458 Sedigitas,
1070 2420 1187 2456 quem
1207 2405 1357 2445 Gellius
1384 2402 1456 2458 (xv
1478 2401 1551 2458 24)
1577 2406 1699 2443 refert
1722 2407 1765 2443 in
1786 2406 1884 2443 libro

323 2479 434 2515 quem
463 2468 619 2514 scripsit
649 2468 695 2505 de
718 2469 844 2515 poetis
876 2479 940 2505 eos
972 2468 1041 2515 qui
1073 2466 1292 2505 comoedias
1317 2465 1496 2503 fecerunt
1520 2477 1566 2502 ex
1591 2476 1664 2502 3113
1688 2463 1883 2514 dignitate

323 2526 542 2574 orffinasse3
573 2527 643 2574 qui
672 2526 773 2564 113110
804 2527 943 2564 seriem
974 2526 1108 2564 decem
1138 2527 1345 2576 poetarum
1376 2537 1399 2562 3
1425 2536 1466 2562 30
1491 2524 1750 2562 constitutam
1776 2523 1883 2560 clau-

324 2585 384 2622 dit
413 2597 528 2623 versu
559 2586 763 2623 Decimum
794 2585 895 2623 addo
927 2597 1048 2624 causa
1084 2586 1326 2633 antiquitatis
1358 2584 1557 2629 Ennium;
1593 2595 1663 2620 1100
1694 2582 1884 2619 miramur

325 2643 509 2692 Ennium,
540 2645 650 2682 cuius
682 2644 808 2682 adhuc
839 2645 1069 2694 plerumque
1101 2644 1263 2682 annales
1287 2642 1630 2693 praedicabantur,
1659 2642 1701 2678 in
1734 2653 1883 2679 comoe-

324 2702 390 2740 dia
420 2703 545 2741 multo
576 2703 801 2741 inferiorem
832 2703 964 2741 fuisse.

442 2762 516 2800 His
548 2761 744 2800 addantur
774 2775 865 2801 cum
889 2762 941 2800 M.
966 2762 1163 2800 Antonius
1190 2760 1359 2811 Gnipho,
1390 2761 1438 2798 de
1466 2772 1543 2810 quo
1570 2759 1779 2797 Suetonius
1804 2771 1836 2797 0.
1858 2760 1881 2796 7

326 2821 373 2859 de
393 2821 661 2871 grammaticis
681 2822 776 2872 agit,
803 2821 869 2859 sed
888 2821 989 2858 nihil
1009 2821 1123 2859 affert
1142 2820 1246 2870 quod
1266 2820 1316 2859 ad
1335 2820 1509 2858 Ennium
1527 2820 1742 2868 pertineat3
1767 2830 1883 2867 quem

326 2882 632 2918 commentatum
665 2892 746 2918 esse
778 2881 938 2918 annales
964 2880 1084 2917 Ennii
1109 2880 1370 2918 Buechelerus
1402 2878 1562 2928 collegit
1586 2890 1631 2915 ex
1656 2877 1882 2914 testimonio

326 2939 444 2978 schol.
470 2939 655 2978 Bernens.
683 2940 787 2990 quod
812 2939 862 2978 ad
888 2952 976 2978 ann.
997 2951 1023 2976 x
1042 2939 1087 2977 fr.
1108 2951 1150 2978 1v
1176 2938 1383 2989 adscripsi3
1407 2938 1466 2975 ita
1490 2937 1595 2975 enim
1618 2935 1734 2973 rebar
1751 2934 1883 2974 Acam-
