<?xml version="1.0" encoding="UTF-8"?>
<!DOCTYPE html PUBLIC "-//W3C//DTD XHTML 1.0 Transitional//EN"
    "http://www.w3.org/TR/xhtml1/DTD/xhtml1-transitional.dtd">
<html xmlns="http://www.w3.org/1999/xhtml" xml:lang="en" lang="en">
 <head>
  <title>
</title>
<meta http-equiv="Content-Type" content="text/html;charset=utf-8" />
  <meta name='ocr-system' content='tesseract 3.04.00' />
  <meta name='ocr-capabilities' content='ocr_page ocr_carea ocr_par ocr_line ocrx_word'/>
</head>
<body>
  <div class='ocr_page' id='page_1' title='image "./ennianaepoesisre00enniuoft/ennianaepoesisre00enniuoft_0462.png"; bbox 0 0 2054 3282; ppageno 0'>
   <div class='ocr_carea' id='block_1_1' title="bbox 294 207 1167 260">
    <p class='ocr_par' dir='ltr' id='par_1_1' title="bbox 294 207 1167 260">
     <span class='ocr_line' id='line_1_1' title="bbox 294 207 1167 260; baseline -0.022 0"><span class='ocrx_word' id='word_1_1' title='bbox 294 213 380 260; x_wconf 78' lang='grc'>234</span> <span class='ocrx_word' id='word_1_2' title='bbox 956 207 1167 244; x_wconf 81' lang='lat' dir='ltr'>INCERTA</span> 
     </span>
    </p>
   </div>
   <div class='ocr_carea' id='block_1_2' title="bbox 282 325 1312 1257">
    <p class='ocr_par' dir='ltr' id='par_1_2' title="bbox 282 325 1312 1257">
     <span class='ocr_line' id='line_1_2' title="bbox 1004 325 1122 359; baseline 0 0"><span class='ocrx_word' id='word_1_3' title='bbox 1004 325 1122 359; x_wconf 88' lang='lat' dir='ltr'>XXIV</span> 
     </span>
     <span class='ocr_line' id='line_1_3' title="bbox 290 387 1125 436; baseline -0.011 0"><span class='ocrx_word' id='word_1_4' title='bbox 290 395 346 436; x_wconf 83' lang='lat'>24</span> <span class='ocrx_word' id='word_1_5' title='bbox 997 387 1125 428; x_wconf 91' lang='lat' dir='ltr'>floros</span> 
     </span>
     <span class='ocr_line' id='line_1_4' title="bbox 1014 490 1115 524; baseline 0 0"><span class='ocrx_word' id='word_1_6' title='bbox 1014 490 1115 524; x_wconf 88' lang='lat' dir='ltr'>XXV</span> 
     </span>
     <span class='ocr_line' id='line_1_5' title="bbox 288 551 1185 598; baseline -0.007 0"><span class='ocrx_word' id='word_1_7' title='bbox 288 556 344 598; x_wconf 80' lang='lat'>25</span> <span class='ocrx_word' id='word_1_8' title='bbox 931 551 1185 593; x_wconf 83' lang='lat' dir='ltr'>insomm&#39;am</span> 
     </span>
     <span class='ocr_line' id='line_1_6' title="bbox 1005 655 1123 690; baseline 0 0"><span class='ocrx_word' id='word_1_9' title='bbox 1005 655 1123 690; x_wconf 91' lang='lat' dir='ltr'>XXVI</span> 
     </span>
     <span class='ocr_line' id='line_1_7' title="bbox 285 715 1312 771; baseline -0.005 -9"><span class='ocrx_word' id='word_1_10' title='bbox 285 721 341 762; x_wconf 84' lang='lat'>26</span> <span class='ocrx_word' id='word_1_11' title='bbox 808 717 917 759; x_wconf 86' lang='lat' dir='ltr'>solui</span> <span class='ocrx_word' id='word_1_12' title='bbox 938 731 1015 771; x_wconf 75' lang='lat' dir='ltr'>pro</span> <span class='ocrx_word' id='word_1_13' title='bbox 1042 715 1192 758; x_wconf 75' lang='lat' dir='ltr'>solitus</span> <span class='ocrx_word' id='word_1_14' title='bbox 1219 731 1312 758; x_wconf 89' lang='lat' dir='ltr'>sum</span> 
     </span>
     <span class='ocr_line' id='line_1_8' title="bbox 997 820 1132 855; baseline 0 0"><span class='ocrx_word' id='word_1_15' title='bbox 997 820 1132 855; x_wconf 89' lang='lat' dir='ltr'>XXVII</span> 
     </span>
     <span class='ocr_line' id='line_1_9' title="bbox 283 882 1195 937; baseline -0.002 -11"><span class='ocrx_word' id='word_1_16' title='bbox 283 885 338 927; x_wconf 82' lang='lat'>27</span> <span class='ocrx_word' id='word_1_17' title='bbox 912 885 1064 937; x_wconf 83' lang='lat' dir='ltr'>torrus,</span> <span class='ocrx_word' id='word_1_18' title='bbox 1090 882 1195 924; x_wconf 87' lang='lat' dir='ltr'>torri</span> 
     </span>
     <span class='ocr_line' id='line_1_10' title="bbox 982 986 1135 1022; baseline -0.007 0"><span class='ocrx_word' id='word_1_19' title='bbox 982 986 1135 1022; x_wconf 86' lang='lat' dir='ltr'>XXVIII</span> 
     </span>
     <span class='ocr_line' id='line_1_11' title="bbox 283 1049 1123 1092; baseline -0.004 0"><span class='ocrx_word' id='word_1_20' title='bbox 283 1051 338 1092; x_wconf 82' lang='lat'>28</span> <span class='ocrx_word' id='word_1_21' title='bbox 996 1049 1123 1090; x_wconf 65' lang='lat' dir='ltr'>viden</span> 
     </span>
     <span class='ocr_line' id='line_1_12' title="bbox 1002 1151 1119 1187; baseline 0 0"><span class='ocrx_word' id='word_1_22' title='bbox 1002 1151 1119 1187; x_wconf 89' lang='lat' dir='ltr'>XXIX</span> 
     </span>
     <span class='ocr_line' id='line_1_13' title="bbox 282 1214 1128 1257; baseline -0.002 0"><span class='ocrx_word' id='word_1_23' title='bbox 282 1216 338 1257; x_wconf 78' lang='lat'>29</span> <span class='ocrx_word' id='word_1_24' title='bbox 997 1214 1128 1256; x_wconf 85' lang='lat' dir='ltr'>festra</span> 
     </span>
    </p>
   </div>
   <div class='ocr_carea' id='block_1_3' title="bbox 278 1348 1861 2997">
    <p class='ocr_par' dir='ltr' id='par_1_3' title="bbox 280 1348 1841 1448">
     <span class='ocr_line' id='line_1_14' title="bbox 280 1348 1841 1395; baseline 0 -11"><span class='ocrx_word' id='word_1_25' title='bbox 280 1349 439 1384; x_wconf 89' lang='lat' dir='ltr'>Ennium</span> <span class='ocrx_word' id='word_1_26' title='bbox 454 1360 600 1395; x_wconf 87' lang='lat' dir='ltr'>quoque</span> <span class='ocrx_word' id='word_1_27' title='bbox 613 1349 809 1395; x_wconf 81' lang='lat' dir='ltr'>probabile</span> <span class='ocrx_word' id='word_1_28' title='bbox 822 1349 879 1385; x_wconf 88' lang='lat' dir='ltr'>est</span> <span class='ocrx_word' id='word_1_29' title='bbox 891 1349 984 1385; x_wconf 87' lang='lat' dir='ltr'>haec</span> <span class='ocrx_word' id='word_1_30' title='bbox 998 1349 1071 1385; x_wconf 92' lang='lat' dir='ltr'>duo</span> <span class='ocrx_word' id='word_1_31' title='bbox 1085 1348 1124 1384; x_wconf 92' lang='lat' dir='ltr'>in</span> <span class='ocrx_word' id='word_1_32' title='bbox 1143 1349 1368 1385; x_wconf 74' lang='lat' dir='ltr'><strong>hexametris</strong></span> <span class='ocrx_word' id='word_1_33' title='bbox 1386 1349 1485 1385; x_wconf 88' lang='lat' dir='ltr'>lecta</span> <span class='ocrx_word' id='word_1_34' title='bbox 1504 1349 1636 1395; x_wconf 75' lang='lat' dir='ltr'>fuisse3</span> <span class='ocrx_word' id='word_1_35' title='bbox 1656 1360 1761 1395; x_wconf 89' lang='lat' dir='ltr'>repo</span> <span class='ocrx_word' id='word_1_36' title='bbox 1771 1349 1841 1385; x_wconf 84' lang='lat' dir='ltr'>sta</span> 
     </span>
     <span class='ocr_line' id='line_1_15' title="bbox 281 1403 881 1448; baseline 0 -10"><span class='ocrx_word' id='word_1_37' title='bbox 281 1403 394 1438; x_wconf 87' lang='lat' dir='ltr'>etiam</span> <span class='ocrx_word' id='word_1_38' title='bbox 413 1403 605 1438; x_wconf 87' lang='lat' dir='ltr'>Lucretius</span> <span class='ocrx_word' id='word_1_39' title='bbox 625 1416 637 1438; x_wconf 94' lang='lat'>1</span> <span class='ocrx_word' id='word_1_40' title='bbox 658 1407 720 1448; x_wconf 83' lang='lat'>353</span> <span class='ocrx_word' id='word_1_41' title='bbox 740 1417 782 1438; x_wconf 91' lang='lat'>111</span> <span class='ocrx_word' id='word_1_42' title='bbox 802 1407 881 1439; x_wconf 85' lang='lat'><strong>346.</strong></span> 
     </span>
    </p>

    <p class='ocr_par' dir='ltr' id='par_1_4' title="bbox 278 1456 1861 1823">
     <span class='ocr_line' id='line_1_16' title="bbox 397 1456 1841 1505; baseline 0.001 -15"><span class='ocrx_word' id='word_1_43' title='bbox 397 1456 515 1491; x_wconf 86' lang='lat' dir='ltr'>XXIV</span> <span class='ocrx_word' id='word_1_44' title='bbox 528 1458 599 1502; x_wconf 85' lang='lat'>(24)</span> <span class='ocrx_word' id='word_1_45' title='bbox 631 1456 776 1491; x_wconf 88' lang='lat' dir='ltr'>Servius</span> <span class='ocrx_word' id='word_1_46' title='bbox 790 1457 829 1491; x_wconf 91' lang='lat' dir='ltr'>in</span> <span class='ocrx_word' id='word_1_47' title='bbox 842 1457 932 1492; x_wconf 89' lang='lat' dir='ltr'>Aen.</span> <span class='ocrx_word' id='word_1_48' title='bbox 945 1470 996 1505; x_wconf 79' lang='lat' dir='ltr'>xn</span> <span class='ocrx_word' id='word_1_49' title='bbox 1012 1459 1080 1492; x_wconf 85' lang='grc'>605</span> <span class='ocrx_word' id='word_1_50' title='bbox 1094 1457 1104 1474; x_wconf 81' lang='lat'><em>‘</em></span> <span class='ocrx_word' id='word_1_51' title='bbox 1114 1456 1227 1492; x_wconf 88' lang='lat' dir='ltr'>flavos</span> <span class='ocrx_word' id='word_1_52' title='bbox 1241 1457 1397 1492; x_wconf 85' lang='lat' dir='ltr'>Lavinia</span> <span class='ocrx_word' id='word_1_53' title='bbox 1411 1456 1546 1492; x_wconf 86' lang='lat' dir='ltr'>crines:</span> <span class='ocrx_word' id='word_1_54' title='bbox 1562 1456 1718 1500; x_wconf 87' lang='lat' dir='ltr'>antiqua</span> <span class='ocrx_word' id='word_1_55' title='bbox 1730 1456 1841 1491; x_wconf 91' lang='lat' dir='ltr'>lectio</span> 
     </span>
     <span class='ocr_line' id='line_1_17' title="bbox 281 1509 1840 1556; baseline -0.001 -11"><span class='ocrx_word' id='word_1_56' title='bbox 281 1509 447 1545; x_wconf 83' lang='lat' dir='ltr'>«floros»</span> <span class='ocrx_word' id='word_1_57' title='bbox 466 1509 610 1553; x_wconf 87' lang='lat' dir='ltr'>habuit,</span> <span class='ocrx_word' id='word_1_58' title='bbox 632 1510 671 1544; x_wconf 89' lang='lat' dir='ltr'>id</span> <span class='ocrx_word' id='word_1_59' title='bbox 691 1512 748 1545; x_wconf 90' lang='lat' dir='ltr'>est</span> <span class='ocrx_word' id='word_1_60' title='bbox 772 1510 986 1546; x_wconf 87' lang='lat' dir='ltr'>fiorulentos</span> <span class='ocrx_word' id='word_1_61' title='bbox 1012 1510 1199 1556; x_wconf 84' lang='lat' dir='ltr'>pulchros,</span> <span class='ocrx_word' id='word_1_62' title='bbox 1226 1512 1265 1545; x_wconf 88' lang='lat' dir='ltr'>et</span> <span class='ocrx_word' id='word_1_63' title='bbox 1289 1512 1346 1547; x_wconf 88' lang='lat' dir='ltr'>est</span> <span class='ocrx_word' id='word_1_64' title='bbox 1370 1520 1488 1545; x_wconf 86' lang='lat' dir='ltr'>sermo</span> <span class='ocrx_word' id='word_1_65' title='bbox 1514 1509 1732 1545; x_wconf 87' lang='lat' dir='ltr'>Ennianus.&#39;</span> <span class='ocrx_word' id='word_1_66' title='bbox 1755 1510 1840 1545; x_wconf 87' lang='lat' dir='ltr'>add.</span> 
     </span>
     <span class='ocr_line' id='line_1_18' title="bbox 280 1562 1842 1609; baseline 0 -12"><span class='ocrx_word' id='word_1_67' title='bbox 280 1563 463 1598; x_wconf 79' lang='lat' dir='ltr'>Danielin</span> <span class='ocrx_word' id='word_1_68' title='bbox 486 1563 640 1598; x_wconf 79' lang='lat' dir='ltr'>‘Probus</span> <span class='ocrx_word' id='word_1_69' title='bbox 661 1563 714 1599; x_wconf 88' lang='lat' dir='ltr'>sic</span> <span class='ocrx_word' id='word_1_70' title='bbox 738 1564 948 1599; x_wconf 74' lang='lat' dir='ltr'><strong>adnotavit:</strong></span> <span class='ocrx_word' id='word_1_71' title='bbox 972 1563 1200 1599; x_wconf 88' lang='lat' dir='ltr'>neotericum</span> <span class='ocrx_word' id='word_1_72' title='bbox 1220 1565 1300 1598; x_wconf 89' lang='lat' dir='ltr'>erat</span> <span class='ocrx_word' id='word_1_73' title='bbox 1318 1563 1431 1598; x_wconf 89' lang='lat' dir='ltr'>flavos</span> <span class='ocrx_word' id='word_1_74' title='bbox 1459 1562 1608 1609; x_wconf 79' lang='lat' dir='ltr'>(Daniel</span> <span class='ocrx_word' id='word_1_75' title='bbox 1632 1563 1842 1598; x_wconf 86' lang='lat' dir='ltr'>fluvium</span> 
     </span>
     <span class='ocr_line' id='line_1_19' title="bbox 279 1616 1841 1663; baseline 0 -12"><span class='ocrx_word' id='word_1_76' title='bbox 279 1617 407 1662; x_wconf 81' lang='lat' dir='ltr'>Flor.);</span> <span class='ocrx_word' id='word_1_77' title='bbox 427 1627 514 1663; x_wconf 88' lang='lat' dir='ltr'>ergo</span> <span class='ocrx_word' id='word_1_78' title='bbox 533 1617 628 1653; x_wconf 91' lang='lat' dir='ltr'>bene</span> <span class='ocrx_word' id='word_1_79' title='bbox 653 1617 761 1652; x_wconf 85' lang='lat' dir='ltr'>flores</span> <span class='ocrx_word' id='word_1_80' title='bbox 782 1617 943 1663; x_wconf 87' lang='lat' dir='ltr'>(flores</span> <span class='ocrx_word' id='word_1_81' title='bbox 963 1617 1058 1652; x_wconf 82' lang='lat' dir='ltr'>Flor.</span> <span class='ocrx_word' id='word_1_82' title='bbox 1075 1628 1165 1652; x_wconf 86' lang='lat' dir='ltr'>corr.</span> <span class='ocrx_word' id='word_1_83' title='bbox 1181 1617 1346 1662; x_wconf 86' lang='lat' dir='ltr'>Daniel):</span> <span class='ocrx_word' id='word_1_84' title='bbox 1362 1628 1449 1651; x_wconf 89' lang='lat' dir='ltr'>nam</span> <span class='ocrx_word' id='word_1_85' title='bbox 1463 1616 1631 1661; x_wconf 87' lang='lat' dir='ltr'>sequitur</span> <span class='ocrx_word' id='word_1_86' title='bbox 1644 1618 1705 1653; x_wconf 89' lang='lat' dir='ltr'>«et</span> <span class='ocrx_word' id='word_1_87' title='bbox 1717 1627 1841 1651; x_wconf 87' lang='lat' dir='ltr'>roseas</span> 
     </span>
     <span class='ocr_line' id='line_1_20' title="bbox 278 1670 1842 1716; baseline 0 -12"><span class='ocrx_word' id='word_1_88' title='bbox 278 1670 422 1706; x_wconf 87' lang='lat' dir='ltr'>laniata</span> <span class='ocrx_word' id='word_1_89' title='bbox 441 1681 597 1716; x_wconf 82' lang='lat' dir='ltr'>genas»3</span> <span class='ocrx_word' id='word_1_90' title='bbox 618 1671 753 1706; x_wconf 88' lang='lat' dir='ltr'>Accius</span> <span class='ocrx_word' id='word_1_91' title='bbox 772 1671 811 1706; x_wconf 92' lang='lat' dir='ltr'>in</span> <span class='ocrx_word' id='word_1_92' title='bbox 831 1670 988 1706; x_wconf 81' lang='lat' dir='ltr'>Bacchis</span> <span class='ocrx_word' id='word_1_93' title='bbox 1008 1672 1090 1715; x_wconf 85' lang='lat'>(255</span> <span class='ocrx_word' id='word_1_94' title='bbox 1107 1671 1165 1716; x_wconf 83' lang='lat' dir='ltr'>R.)</span> <span class='ocrx_word' id='word_1_95' title='bbox 1186 1682 1296 1707; x_wconf 87' lang='lat' dir='ltr'>«nam</span> <span class='ocrx_word' id='word_1_96' title='bbox 1314 1670 1396 1705; x_wconf 89' lang='lat' dir='ltr'>flori</span> <span class='ocrx_word' id='word_1_97' title='bbox 1415 1670 1546 1713; x_wconf 88' lang='lat' dir='ltr'>crines,</span> <span class='ocrx_word' id='word_1_98' title='bbox 1565 1670 1684 1713; x_wconf 85' lang='lat' dir='ltr'>video,</span> <span class='ocrx_word' id='word_1_99' title='bbox 1705 1670 1739 1705; x_wconf 91' lang='lat' dir='ltr'>ei</span> <span class='ocrx_word' id='word_1_100' title='bbox 1758 1681 1842 1715; x_wconf 92' lang='lat' dir='ltr'>pro-</span> 
     </span>
     <span class='ocr_line' id='line_1_21' title="bbox 278 1723 1861 1770; baseline 0 -13"><span class='ocrx_word' id='word_1_101' title='bbox 278 1723 378 1768; x_wconf 89' lang='lat' dir='ltr'>pessi</span> <span class='ocrx_word' id='word_1_102' title='bbox 397 1724 562 1768; x_wconf 84' lang='lat' dir='ltr'>iacent»3</span> <span class='ocrx_word' id='word_1_103' title='bbox 582 1724 622 1759; x_wconf 88' lang='lat' dir='ltr'>in</span> <span class='ocrx_word' id='word_1_104' title='bbox 641 1724 775 1759; x_wconf 90' lang='lat' dir='ltr'>iisdem</span> <span class='ocrx_word' id='word_1_105' title='bbox 790 1726 886 1770; x_wconf 82' lang='lat'>(246)</span> <span class='ocrx_word' id='word_1_106' title='bbox 901 1725 962 1761; x_wconf 90' lang='lat' dir='ltr'>«et</span> <span class='ocrx_word' id='word_1_107' title='bbox 979 1723 1118 1769; x_wconf 82' lang='lat' dir='ltr'>lanugo</span> <span class='ocrx_word' id='word_1_108' title='bbox 1139 1724 1230 1758; x_wconf 87' lang='lat' dir='ltr'>flora</span> <span class='ocrx_word' id='word_1_109' title='bbox 1249 1735 1347 1758; x_wconf 92' lang='lat' dir='ltr'>nunc</span> <span class='ocrx_word' id='word_1_110' title='bbox 1367 1724 1517 1758; x_wconf 88' lang='lat' dir='ltr'>demum</span> <span class='ocrx_word' id='word_1_111' title='bbox 1536 1723 1710 1769; x_wconf 87' lang='lat' dir='ltr'>inrigat».</span> <span class='ocrx_word' id='word_1_112' title='bbox 1725 1723 1861 1759; x_wconf 84' lang='lat' dir='ltr'>Pacu-.</span> 
     </span>
     <span class='ocr_line' id='line_1_22' title="bbox 281 1776 1396 1823; baseline 0.001 -13"><span class='ocrx_word' id='word_1_113' title='bbox 281 1776 360 1812; x_wconf 90' lang='lat' dir='ltr'>vius</span> <span class='ocrx_word' id='word_1_114' title='bbox 380 1777 546 1822; x_wconf 75' lang='lat' dir='ltr'>Antiopa</span> <span class='ocrx_word' id='word_1_115' title='bbox 559 1779 631 1823; x_wconf 90' lang='lat'>(19)</span> <span class='ocrx_word' id='word_1_116' title='bbox 646 1777 853 1814; x_wconf 81' lang='lat' dir='ltr'>«cervicum</span> <span class='ocrx_word' id='word_1_117' title='bbox 872 1777 981 1812; x_wconf 89' lang='lat' dir='ltr'>floros</span> <span class='ocrx_word' id='word_1_118' title='bbox 1002 1777 1206 1823; x_wconf 74' lang='lat' dir='ltr'>dispergite</span> <span class='ocrx_word' id='word_1_119' title='bbox 1227 1777 1396 1813; x_wconf 57' lang='lat' dir='ltr'>crines»)</span> 
     </span>
    </p>

    <p class='ocr_par' dir='ltr' id='par_1_5' title="bbox 278 1829 1844 2249">
     <span class='ocr_line' id='line_1_23' title="bbox 396 1829 1844 1876; baseline 0 -11"><span class='ocrx_word' id='word_1_120' title='bbox 396 1829 498 1865; x_wconf 89' lang='lat' dir='ltr'>XXV</span> <span class='ocrx_word' id='word_1_121' title='bbox 511 1832 583 1876; x_wconf 86' lang='lat'>(25)</span> <span class='ocrx_word' id='word_1_122' title='bbox 623 1830 768 1865; x_wconf 86' lang='lat' dir='ltr'>Servius</span> <span class='ocrx_word' id='word_1_123' title='bbox 794 1831 834 1865; x_wconf 92' lang='lat' dir='ltr'>in</span> <span class='ocrx_word' id='word_1_124' title='bbox 853 1831 943 1865; x_wconf 88' lang='lat' dir='ltr'>Aen.</span> <span class='ocrx_word' id='word_1_125' title='bbox 962 1844 999 1866; x_wconf 91' lang='lat' dir='ltr'>1v</span> <span class='ocrx_word' id='word_1_126' title='bbox 1019 1834 1039 1865; x_wconf 87' lang='lat'>9</span> <span class='ocrx_word' id='word_1_127' title='bbox 1056 1830 1262 1865; x_wconf 75' lang='lat' dir='ltr'>‘insomnia</span> <span class='ocrx_word' id='word_1_128' title='bbox 1280 1831 1437 1865; x_wconf 88' lang='lat' dir='ltr'>terrent:</span> <span class='ocrx_word' id='word_1_129' title='bbox 1459 1831 1498 1865; x_wconf 87' lang='lat' dir='ltr'>et</span> <span class='ocrx_word' id='word_1_130' title='bbox 1514 1831 1630 1865; x_wconf 89' lang='lat' dir='ltr'>terret</span> <span class='ocrx_word' id='word_1_131' title='bbox 1647 1829 1785 1876; x_wconf 85' lang='lat' dir='ltr'>legitur</span> <span class='ocrx_word' id='word_1_132' title='bbox 1805 1831 1844 1865; x_wconf 90' lang='lat' dir='ltr'>et</span> 
     </span>
     <span class='ocr_line' id='line_1_24' title="bbox 278 1883 1842 1930; baseline 0.001 -13"><span class='ocrx_word' id='word_1_133' title='bbox 278 1884 433 1919; x_wconf 85' lang='lat' dir='ltr'>terrent.</span> <span class='ocrx_word' id='word_1_134' title='bbox 461 1884 526 1918; x_wconf 90' lang='lat' dir='ltr'>sed</span> <span class='ocrx_word' id='word_1_135' title='bbox 553 1884 584 1918; x_wconf 92' lang='lat' dir='ltr'>si</span> <span class='ocrx_word' id='word_1_136' title='bbox 609 1885 724 1919; x_wconf 84' lang='lat' dir='ltr'>terret</span> <span class='ocrx_word' id='word_1_137' title='bbox 747 1884 963 1930; x_wconf 86' lang='lat' dir='ltr'>legerimus,</span> <span class='ocrx_word' id='word_1_138' title='bbox 985 1884 1170 1918; x_wconf 85' lang='lat' dir='ltr'>insomnia</span> <span class='ocrx_word' id='word_1_139' title='bbox 1195 1883 1266 1919; x_wconf 86' lang='lat' dir='ltr'>erit</span> <span class='ocrx_word' id='word_1_140' title='bbox 1290 1883 1437 1929; x_wconf 84' lang='lat' dir='ltr'>vigilia:</span> <span class='ocrx_word' id='word_1_141' title='bbox 1463 1883 1534 1918; x_wconf 88' lang='lat' dir='ltr'>hoc</span> <span class='ocrx_word' id='word_1_142' title='bbox 1559 1883 1659 1919; x_wconf 89' lang='lat' dir='ltr'>enim</span> <span class='ocrx_word' id='word_1_143' title='bbox 1683 1883 1842 1918; x_wconf 87' lang='lat' dir='ltr'>maiores</span> 
     </span>
     <span class='ocr_line' id='line_1_25' title="bbox 279 1936 1843 1983; baseline 0 -12"><span class='ocrx_word' id='word_1_144' title='bbox 279 1937 375 1971; x_wconf 87' lang='lat' dir='ltr'>inter</span> <span class='ocrx_word' id='word_1_145' title='bbox 394 1937 543 1983; x_wconf 86' lang='lat' dir='ltr'>vigilias</span> <span class='ocrx_word' id='word_1_146' title='bbox 563 1939 601 1973; x_wconf 87' lang='lat' dir='ltr'>et</span> <span class='ocrx_word' id='word_1_147' title='bbox 621 1948 666 1972; x_wconf 88' lang='lat' dir='ltr'>ea</span> <span class='ocrx_word' id='word_1_148' title='bbox 684 1948 780 1982; x_wconf 91' lang='lat' dir='ltr'>quae</span> <span class='ocrx_word' id='word_1_149' title='bbox 799 1938 966 1972; x_wconf 88' lang='lat' dir='ltr'>videmus</span> <span class='ocrx_word' id='word_1_150' title='bbox 986 1937 1026 1971; x_wconf 90' lang='lat' dir='ltr'>in</span> <span class='ocrx_word' id='word_1_151' title='bbox 1040 1937 1177 1972; x_wconf 90' lang='lat' dir='ltr'>somnis</span> <span class='ocrx_word' id='word_1_152' title='bbox 1192 1937 1370 1972; x_wconf 81' lang='lat' dir='ltr'>interesse</span> <span class='ocrx_word' id='word_1_153' title='bbox 1383 1936 1588 1979; x_wconf 88' lang='lat' dir='ltr'>voluerunt,</span> <span class='ocrx_word' id='word_1_154' title='bbox 1602 1938 1646 1971; x_wconf 92' lang='lat' dir='ltr'>ut</span> <span class='ocrx_word' id='word_1_155' title='bbox 1657 1936 1843 1971; x_wconf 88' lang='lat' dir='ltr'>insomnia</span> 
     </span>
     <span class='ocr_line' id='line_1_26' title="bbox 279 1990 1842 2036; baseline 0 -12"><span class='ocrx_word' id='word_1_156' title='bbox 279 1990 424 2035; x_wconf 80' lang='lat' dir='ltr'>generis</span> <span class='ocrx_word' id='word_1_157' title='bbox 444 1990 615 2026; x_wconf 86' lang='lat' dir='ltr'>feminini</span> <span class='ocrx_word' id='word_1_158' title='bbox 634 1991 778 2026; x_wconf 89' lang='lat' dir='ltr'>numeri</span> <span class='ocrx_word' id='word_1_159' title='bbox 798 1990 998 2036; x_wconf 87' lang='lat' dir='ltr'>singularis</span> <span class='ocrx_word' id='word_1_160' title='bbox 1019 1990 1187 2036; x_wconf 87' lang='lat' dir='ltr'>vigiliam</span> <span class='ocrx_word' id='word_1_161' title='bbox 1213 1990 1451 2036; x_wconf 83' lang='lat' dir='ltr'>significaret,</span> <span class='ocrx_word' id='word_1_162' title='bbox 1471 1990 1656 2025; x_wconf 88' lang='lat' dir='ltr'>insomnia</span> <span class='ocrx_word' id='word_1_163' title='bbox 1674 2000 1758 2025; x_wconf 89' lang='lat' dir='ltr'>vero</span> <span class='ocrx_word' id='word_1_164' title='bbox 1779 2000 1842 2035; x_wconf 88' lang='lat' dir='ltr'>ge-</span> 
     </span>
     <span class='ocr_line' id='line_1_27' title="bbox 278 2043 1842 2090; baseline 0.001 -13"><span class='ocrx_word' id='word_1_165' title='bbox 278 2043 375 2078; x_wconf 85' lang='lat' dir='ltr'>neris</span> <span class='ocrx_word' id='word_1_166' title='bbox 396 2044 518 2079; x_wconf 89' lang='lat' dir='ltr'>neutri</span> <span class='ocrx_word' id='word_1_167' title='bbox 537 2044 681 2079; x_wconf 88' lang='lat' dir='ltr'>numeri</span> <span class='ocrx_word' id='word_1_168' title='bbox 700 2044 857 2090; x_wconf 87' lang='lat' dir='ltr'>pluralis</span> <span class='ocrx_word' id='word_1_169' title='bbox 878 2055 932 2087; x_wconf 83' lang='lat' dir='ltr'>ea,</span> <span class='ocrx_word' id='word_1_170' title='bbox 953 2055 1049 2089; x_wconf 85' lang='lat' dir='ltr'>quae</span> <span class='ocrx_word' id='word_1_171' title='bbox 1068 2055 1135 2089; x_wconf 88' lang='lat' dir='ltr'>per</span> <span class='ocrx_word' id='word_1_172' title='bbox 1152 2055 1321 2078; x_wconf 90' lang='lat' dir='ltr'>somnum</span> <span class='ocrx_word' id='word_1_173' title='bbox 1340 2044 1519 2086; x_wconf 85' lang='lat' dir='ltr'>videmus,</span> <span class='ocrx_word' id='word_1_174' title='bbox 1539 2044 1582 2078; x_wconf 88' lang='lat' dir='ltr'>ut</span> <span class='ocrx_word' id='word_1_175' title='bbox 1594 2043 1697 2088; x_wconf 89' lang='lat' dir='ltr'>(Aen.</span> <span class='ocrx_word' id='word_1_176' title='bbox 1709 2056 1747 2078; x_wconf 77' lang='lat' dir='ltr'>vr</span> <span class='ocrx_word' id='word_1_177' title='bbox 1759 2044 1842 2088; x_wconf 83' lang='grc'>896)</span> 
     </span>
     <span class='ocr_line' id='line_1_28' title="bbox 280 2097 1843 2143; baseline 0 -12"><span class='ocrx_word' id='word_1_178' title='bbox 280 2109 297 2131; x_wconf 84' lang='lat'>&lt;‹·</span> <span class='ocrx_word' id='word_1_179' title='bbox 310 2097 374 2131; x_wconf 89' lang='lat' dir='ltr'>sed</span> <span class='ocrx_word' id='word_1_180' title='bbox 400 2097 497 2132; x_wconf 87' lang='lat' dir='ltr'>falsa</span> <span class='ocrx_word' id='word_1_181' title='bbox 523 2097 571 2132; x_wconf 89' lang='lat' dir='ltr'>ad</span> <span class='ocrx_word' id='word_1_182' title='bbox 597 2097 742 2133; x_wconf 88' lang='lat' dir='ltr'>caelum</span> <span class='ocrx_word' id='word_1_183' title='bbox 766 2098 922 2133; x_wconf 88' lang='lat' dir='ltr'>mittunt</span> <span class='ocrx_word' id='word_1_184' title='bbox 947 2097 1132 2132; x_wconf 86' lang='lat' dir='ltr'>insomnia</span> <span class='ocrx_word' id='word_1_185' title='bbox 1156 2108 1323 2133; x_wconf 86' lang='lat' dir='ltr'>manes».</span> <span class='ocrx_word' id='word_1_186' title='bbox 1346 2097 1537 2132; x_wconf 89' lang='lat' dir='ltr'>sciendum</span> <span class='ocrx_word' id='word_1_187' title='bbox 1562 2097 1678 2143; x_wconf 87' lang='lat' dir='ltr'>igitur</span> <span class='ocrx_word' id='word_1_188' title='bbox 1697 2097 1786 2142; x_wconf 88' lang='lat' dir='ltr'>quia</span> <span class='ocrx_word' id='word_1_189' title='bbox 1811 2097 1843 2131; x_wconf 89' lang='lat' dir='ltr'>si</span> 
     </span>
     <span class='ocr_line' id='line_1_29' title="bbox 280 2150 1841 2196; baseline 0 -12"><span class='ocrx_word' id='word_1_190' title='bbox 280 2151 393 2185; x_wconf 85' lang='lat' dir='ltr'>terret</span> <span class='ocrx_word' id='word_1_191' title='bbox 407 2150 620 2194; x_wconf 85' lang='lat' dir='ltr'>dixerimus,</span> <span class='ocrx_word' id='word_1_192' title='bbox 635 2151 792 2196; x_wconf 86' lang='lat' dir='ltr'>antiqua</span> <span class='ocrx_word' id='word_1_193' title='bbox 805 2151 876 2186; x_wconf 88' lang='lat' dir='ltr'>erit</span> <span class='ocrx_word' id='word_1_194' title='bbox 890 2150 1067 2195; x_wconf 82' lang='grc' dir='ltr'>61001111ος</span> <span class='ocrx_word' id='word_1_195' title='bbox 1083 2150 1352 2190; x_wconf 82' lang='lat' dir='ltr'>«insomniam»</span> <span class='ocrx_word' id='word_1_196' title='bbox 1367 2151 1476 2193; x_wconf 84' lang='lat' dir='ltr'>enim,</span> <span class='ocrx_word' id='word_1_197' title='bbox 1495 2150 1585 2185; x_wconf 88' lang='lat' dir='ltr'>licet</span> <span class='ocrx_word' id='word_1_198' title='bbox 1604 2151 1642 2185; x_wconf 90' lang='lat' dir='ltr'>et</span> <span class='ocrx_word' id='word_1_199' title='bbox 1660 2150 1841 2185; x_wconf 86' lang='lat' dir='ltr'>Pacuvius</span> 
     </span>
     <span class='ocr_line' id='line_1_30' title="bbox 280 2203 1739 2249; baseline 0.001 -12"><span class='ocrx_word' id='word_1_200' title='bbox 280 2204 318 2237; x_wconf 88' lang='lat' dir='ltr'>et</span> <span class='ocrx_word' id='word_1_201' title='bbox 330 2203 470 2238; x_wconf 90' lang='lat' dir='ltr'>Ennius</span> <span class='ocrx_word' id='word_1_202' title='bbox 484 2204 697 2248; x_wconf 87' lang='lat' dir='ltr'>frequenter</span> <span class='ocrx_word' id='word_1_203' title='bbox 711 2204 883 2249; x_wconf 77' lang='lat' dir='ltr'>dixerint,</span> <span class='ocrx_word' id='word_1_204' title='bbox 897 2204 1040 2239; x_wconf 88' lang='lat' dir='ltr'>Plinius</span> <span class='ocrx_word' id='word_1_205' title='bbox 1054 2206 1181 2239; x_wconf 85' lang='lat' dir='ltr'>tamen</span> <span class='ocrx_word' id='word_1_206' title='bbox 1194 2204 1352 2239; x_wconf 72' lang='lat' dir='ltr'>exclusit</span> <span class='ocrx_word' id='word_1_207' title='bbox 1365 2206 1403 2239; x_wconf 92' lang='lat' dir='ltr'>et</span> <span class='ocrx_word' id='word_1_208' title='bbox 1416 2204 1463 2238; x_wconf 88' lang='lat' dir='ltr'>de</span> <span class='ocrx_word' id='word_1_209' title='bbox 1475 2215 1545 2238; x_wconf 89' lang='lat' dir='ltr'>usu</span> <span class='ocrx_word' id='word_1_210' title='bbox 1558 2203 1739 2238; x_wconf 90' lang='lat' dir='ltr'>removit.&#39;</span> 
     </span>
    </p>

    <p class='ocr_par' dir='ltr' id='par_1_6' title="bbox 281 2256 1750 2302">
     <span class='ocr_line' id='line_1_31' title="bbox 281 2256 1750 2302; baseline 0 -11"><span class='ocrx_word' id='word_1_211' title='bbox 281 2256 332 2291; x_wconf 87' lang='lat' dir='ltr'>Cf.</span> <span class='ocrx_word' id='word_1_212' title='bbox 346 2256 435 2292; x_wconf 90' lang='lat' dir='ltr'>ibid.</span> <span class='ocrx_word' id='word_1_213' title='bbox 451 2271 473 2292; x_wconf 93' lang='lat' dir='ltr'>v</span> <span class='ocrx_word' id='word_1_214' title='bbox 486 2260 572 2301; x_wconf 70' lang='lat'>8403</span> <span class='ocrx_word' id='word_1_215' title='bbox 594 2258 788 2294; x_wconf 87' lang='lat' dir='ltr'>Terentius</span> <span class='ocrx_word' id='word_1_216' title='bbox 809 2269 889 2292; x_wconf 88' lang='lat' dir='ltr'>eun.</span> <span class='ocrx_word' id='word_1_217' title='bbox 902 2271 930 2292; x_wconf 90' lang='lat'>11</span> <span class='ocrx_word' id='word_1_218' title='bbox 947 2261 978 2300; x_wconf 98' lang='grc'>1,</span> <span class='ocrx_word' id='word_1_219' title='bbox 989 2261 1032 2292; x_wconf 83' lang='grc'>13</span> <span class='ocrx_word' id='word_1_220' title='bbox 1046 2259 1085 2292; x_wconf 89' lang='grc'>61</span> <span class='ocrx_word' id='word_1_221' title='bbox 1101 2258 1286 2302; x_wconf 78' lang='lat' dir='ltr'>Donatus3</span> <span class='ocrx_word' id='word_1_222' title='bbox 1308 2257 1344 2293; x_wconf 90' lang='lat' dir='ltr'>C.</span> <span class='ocrx_word' id='word_1_223' title='bbox 1361 2257 1416 2292; x_wconf 88' lang='lat' dir='ltr'>Gl.</span> <span class='ocrx_word' id='word_1_224' title='bbox 1432 2257 1470 2291; x_wconf 83' lang='lat' dir='ltr'>L.</span> <span class='ocrx_word' id='word_1_225' title='bbox 1486 2270 1508 2291; x_wconf 92' lang='lat' dir='ltr'><strong>v</strong></span> <span class='ocrx_word' id='word_1_226' title='bbox 1521 2269 1555 2302; x_wconf 90' lang='lat' dir='ltr'>p.</span> <span class='ocrx_word' id='word_1_227' title='bbox 1569 2260 1648 2299; x_wconf 83' lang='lat'>553,</span> <span class='ocrx_word' id='word_1_228' title='bbox 1664 2260 1681 2291; x_wconf 92' lang='lat'>1</span> <span class='ocrx_word' id='word_1_229' title='bbox 1698 2268 1750 2302; x_wconf 89' lang='lat' dir='ltr'>sq.</span> 
     </span>
    </p>

    <p class='ocr_par' dir='ltr' id='par_1_7' title="bbox 280 2310 1842 2463">
     <span class='ocr_line' id='line_1_32' title="bbox 398 2310 1842 2356; baseline 0.001 -12"><span class='ocrx_word' id='word_1_230' title='bbox 398 2310 517 2345; x_wconf 85' lang='lat' dir='ltr'>XXVI</span> <span class='ocrx_word' id='word_1_231' title='bbox 536 2312 607 2356; x_wconf 86' lang='lat'>(26)</span> <span class='ocrx_word' id='word_1_232' title='bbox 634 2311 752 2346; x_wconf 87' lang='lat' dir='ltr'>Varro</span> <span class='ocrx_word' id='word_1_233' title='bbox 766 2312 813 2346; x_wconf 90' lang='lat' dir='ltr'>de</span> <span class='ocrx_word' id='word_1_234' title='bbox 825 2311 848 2345; x_wconf 92' lang='lat'>1.</span> <span class='ocrx_word' id='word_1_235' title='bbox 861 2311 900 2345; x_wconf 92' lang='lat' dir='ltr'>L.</span> <span class='ocrx_word' id='word_1_236' title='bbox 913 2324 950 2345; x_wconf 83' lang='lat' dir='ltr'>1x</span> <span class='ocrx_word' id='word_1_237' title='bbox 966 2314 1032 2346; x_wconf 93' lang='lat'>107</span> <span class='ocrx_word' id='word_1_238' title='bbox 1050 2311 1060 2328; x_wconf 82' lang='lat'><em>‘</em></span> <span class='ocrx_word' id='word_1_239' title='bbox 1071 2311 1249 2355; x_wconf 86' lang='lat' dir='ltr'>quoniam</span> <span class='ocrx_word' id='word_1_240' title='bbox 1264 2311 1303 2346; x_wconf 91' lang='lat' dir='ltr'>in</span> <span class='ocrx_word' id='word_1_241' title='bbox 1320 2310 1464 2345; x_wconf 88' lang='lat' dir='ltr'>balneis</span> <span class='ocrx_word' id='word_1_242' title='bbox 1483 2310 1586 2345; x_wconf 89' lang='lat' dir='ltr'>lavor</span> <span class='ocrx_word' id='word_1_243' title='bbox 1604 2310 1729 2345; x_wconf 86' lang='lat' dir='ltr'>lautus</span> <span class='ocrx_word' id='word_1_244' title='bbox 1749 2322 1842 2354; x_wconf 74' lang='lat' dir='ltr'>sum,</span> 
     </span>
     <span class='ocr_line' id='line_1_33' title="bbox 281 2363 1840 2410; baseline 0.001 -13"><span class='ocrx_word' id='word_1_245' title='bbox 281 2363 447 2407; x_wconf 89' lang='lat' dir='ltr'>sequitur</span> <span class='ocrx_word' id='word_1_246' title='bbox 466 2365 508 2399; x_wconf 93' lang='lat' dir='ltr'>ut</span> <span class='ocrx_word' id='word_1_247' title='bbox 527 2365 666 2408; x_wconf 83' lang='lat' dir='ltr'>contra,</span> <span class='ocrx_word' id='word_1_248' title='bbox 687 2365 865 2410; x_wconf 90' lang='lat' dir='ltr'>quoniam</span> <span class='ocrx_word' id='word_1_249' title='bbox 885 2366 941 2399; x_wconf 88' lang='lat' dir='ltr'>est</span> <span class='ocrx_word' id='word_1_250' title='bbox 961 2365 1072 2407; x_wconf 91' lang='grc'>60160,</span> <span class='ocrx_word' id='word_1_251' title='bbox 1090 2365 1262 2410; x_wconf 90' lang='lat' dir='ltr'>oporteat</span> <span class='ocrx_word' id='word_1_252' title='bbox 1281 2364 1356 2399; x_wconf 88' lang='lat' dir='ltr'>dici</span> <span class='ocrx_word' id='word_1_253' title='bbox 1373 2363 1526 2406; x_wconf 82' lang='lat' dir='ltr'>«solui»,</span> <span class='ocrx_word' id='word_1_254' title='bbox 1541 2365 1584 2398; x_wconf 91' lang='lat' dir='ltr'>ut</span> <span class='ocrx_word' id='word_1_255' title='bbox 1603 2363 1692 2399; x_wconf 84' lang='lat' dir='ltr'>Cato</span> <span class='ocrx_word' id='word_1_256' title='bbox 1713 2365 1751 2398; x_wconf 94' lang='lat' dir='ltr'>et</span> <span class='ocrx_word' id='word_1_257' title='bbox 1769 2363 1840 2398; x_wconf 90' lang='lat' dir='ltr'>En-</span> 
     </span>
     <span class='ocr_line' id='line_1_34' title="bbox 280 2416 1520 2463; baseline 0.001 -12"><span class='ocrx_word' id='word_1_258' title='bbox 280 2416 364 2451; x_wconf 88' lang='lat' dir='ltr'>nius</span> <span class='ocrx_word' id='word_1_259' title='bbox 384 2417 524 2461; x_wconf 88' lang='lat' dir='ltr'>scribit,</span> <span class='ocrx_word' id='word_1_260' title='bbox 544 2428 619 2453; x_wconf 89' lang='lat' dir='ltr'>non</span> <span class='ocrx_word' id='word_1_261' title='bbox 638 2419 680 2453; x_wconf 91' lang='lat' dir='ltr'>ut</span> <span class='ocrx_word' id='word_1_262' title='bbox 700 2418 794 2453; x_wconf 86' lang='lat' dir='ltr'>dicit</span> <span class='ocrx_word' id='word_1_263' title='bbox 812 2417 941 2463; x_wconf 86' lang='lat' dir='ltr'>volgus</span> <span class='ocrx_word' id='word_1_264' title='bbox 962 2418 1118 2454; x_wconf 71' lang='lat' dir='ltr'>«solitus</span> <span class='ocrx_word' id='word_1_265' title='bbox 1138 2428 1242 2453; x_wconf 89' lang='lat' dir='ltr'>sum»</span> <span class='ocrx_word' id='word_1_266' title='bbox 1264 2417 1399 2452; x_wconf 86' lang='lat' dir='ltr'>debere</span> <span class='ocrx_word' id='word_1_267' title='bbox 1419 2417 1520 2452; x_wconf 57' lang='lat' dir='ltr'>dici?</span> 
     </span>
    </p>

    <p class='ocr_par' dir='ltr' id='par_1_8' title="bbox 280 2470 1844 2618">
     <span class='ocr_line' id='line_1_35' title="bbox 398 2470 1844 2516; baseline 0 -12"><span class='ocrx_word' id='word_1_268' title='bbox 398 2470 534 2505; x_wconf 83' lang='lat' dir='ltr'>XXVII</span> <span class='ocrx_word' id='word_1_269' title='bbox 552 2472 625 2516; x_wconf 88' lang='lat'>(27)</span> <span class='ocrx_word' id='word_1_270' title='bbox 664 2470 810 2506; x_wconf 86' lang='lat' dir='ltr'>Servius</span> <span class='ocrx_word' id='word_1_271' title='bbox 836 2471 875 2506; x_wconf 92' lang='lat' dir='ltr'>in</span> <span class='ocrx_word' id='word_1_272' title='bbox 895 2471 984 2506; x_wconf 91' lang='lat' dir='ltr'>Aen.</span> <span class='ocrx_word' id='word_1_273' title='bbox 1006 2484 1057 2506; x_wconf 82' lang='lat' dir='ltr'>xn</span> <span class='ocrx_word' id='word_1_274' title='bbox 1079 2474 1146 2505; x_wconf 85' lang='lat'>298</span> <span class='ocrx_word' id='word_1_275' title='bbox 1168 2470 1394 2516; x_wconf 89' lang='lat' dir='ltr'>(ambustum</span> <span class='ocrx_word' id='word_1_276' title='bbox 1412 2471 1562 2515; x_wconf 83' lang='lat' dir='ltr'>torrem)</span> <span class='ocrx_word' id='word_1_277' title='bbox 1578 2470 1751 2505; x_wconf 77' lang='lat' dir='ltr'>‘torremz</span> <span class='ocrx_word' id='word_1_278' title='bbox 1772 2470 1844 2505; x_wconf 87' lang='lat' dir='ltr'>erit</span> 
     </span>
     <span class='ocr_line' id='line_1_36' title="bbox 280 2521 1841 2568; baseline 0.001 -11"><span class='ocrx_word' id='word_1_279' title='bbox 280 2521 529 2557; x_wconf 78' lang='lat' dir='ltr'>nominativus</span> <span class='ocrx_word' id='word_1_280' title='bbox 548 2522 610 2557; x_wconf 88' lang='lat' dir='ltr'>hic</span> <span class='ocrx_word' id='word_1_281' title='bbox 629 2523 738 2558; x_wconf 86' lang='lat' dir='ltr'>torris</span> <span class='ocrx_word' id='word_1_282' title='bbox 758 2525 796 2559; x_wconf 88' lang='lat' dir='ltr'>et</span> <span class='ocrx_word' id='word_1_283' title='bbox 814 2524 869 2559; x_wconf 86' lang='lat' dir='ltr'>ita</span> <span class='ocrx_word' id='word_1_284' title='bbox 887 2535 985 2559; x_wconf 90' lang='lat' dir='ltr'>nunc</span> <span class='ocrx_word' id='word_1_285' title='bbox 1006 2524 1180 2559; x_wconf 84' lang='lat' dir='ltr'>dicimus:</span> <span class='ocrx_word' id='word_1_286' title='bbox 1201 2535 1288 2558; x_wconf 91' lang='lat' dir='ltr'>nam</span> <span class='ocrx_word' id='word_1_287' title='bbox 1307 2523 1401 2558; x_wconf 85' lang='lat' dir='ltr'>illud</span> <span class='ocrx_word' id='word_1_288' title='bbox 1421 2523 1533 2558; x_wconf 90' lang='lat' dir='ltr'>Ennii</span> <span class='ocrx_word' id='word_1_289' title='bbox 1552 2524 1591 2558; x_wconf 90' lang='lat' dir='ltr'>et</span> <span class='ocrx_word' id='word_1_290' title='bbox 1607 2523 1760 2558; x_wconf 85' lang='lat' dir='ltr'>Pacuvii</span> <span class='ocrx_word' id='word_1_291' title='bbox 1778 2534 1841 2568; x_wconf 87' lang='lat' dir='ltr'>pe-</span> 
     </span>
     <span class='ocr_line' id='line_1_37' title="bbox 280 2575 1549 2618; baseline 0.001 -8"><span class='ocrx_word' id='word_1_292' title='bbox 280 2576 381 2611; x_wconf 86' lang='lat' dir='ltr'>nitus</span> <span class='ocrx_word' id='word_1_293' title='bbox 402 2576 447 2610; x_wconf 88' lang='lat' dir='ltr'>de</span> <span class='ocrx_word' id='word_1_294' title='bbox 466 2587 535 2611; x_wconf 88' lang='lat' dir='ltr'>usu</span> <span class='ocrx_word' id='word_1_295' title='bbox 555 2575 718 2618; x_wconf 74' lang='lat' dir='ltr'>recessit,</span> <span class='ocrx_word' id='word_1_296' title='bbox 738 2578 780 2611; x_wconf 92' lang='lat' dir='ltr'>ut</span> <span class='ocrx_word' id='word_1_297' title='bbox 798 2577 859 2613; x_wconf 90' lang='lat' dir='ltr'>hic</span> <span class='ocrx_word' id='word_1_298' title='bbox 880 2578 1047 2614; x_wconf 71' lang='lat' dir='ltr'>«torius»</span> <span class='ocrx_word' id='word_1_299' title='bbox 1067 2577 1177 2612; x_wconf 89' lang='lat' dir='ltr'>huius</span> <span class='ocrx_word' id='word_1_300' title='bbox 1198 2577 1335 2613; x_wconf 72' lang='lat' dir='ltr'>«torri»</span> <span class='ocrx_word' id='word_1_301' title='bbox 1356 2577 1549 2612; x_wconf 78' lang='lat' dir='ltr'>dicamus.’</span> 
     </span>
    </p>

    <p class='ocr_par' dir='ltr' id='par_1_9' title="bbox 280 2628 1841 2782">
     <span class='ocr_line' id='line_1_38' title="bbox 399 2628 1841 2676; baseline 0 -12"><span class='ocrx_word' id='word_1_302' title='bbox 399 2628 551 2664; x_wconf 80' lang='lat' dir='ltr'>XXVIII</span> <span class='ocrx_word' id='word_1_303' title='bbox 565 2631 636 2675; x_wconf 87' lang='lat'>(28)</span> <span class='ocrx_word' id='word_1_304' title='bbox 658 2629 803 2664; x_wconf 86' lang='lat' dir='ltr'>Servius</span> <span class='ocrx_word' id='word_1_305' title='bbox 817 2630 856 2665; x_wconf 91' lang='lat' dir='ltr'>in</span> <span class='ocrx_word' id='word_1_306' title='bbox 869 2631 959 2665; x_wconf 83' lang='lat' dir='ltr'>Aen.</span> <span class='ocrx_word' id='word_1_307' title='bbox 971 2644 1008 2665; x_wconf 92' lang='lat' dir='ltr'>v1</span> <span class='ocrx_word' id='word_1_308' title='bbox 1024 2634 1090 2665; x_wconf 92' lang='lat'>779</span> <span class='ocrx_word' id='word_1_309' title='bbox 1103 2631 1226 2675; x_wconf 90' lang='lat' dir='ltr'>(viden</span> <span class='ocrx_word' id='word_1_310' title='bbox 1239 2631 1282 2665; x_wconf 92' lang='lat' dir='ltr'>ut</span> <span class='ocrx_word' id='word_1_311' title='bbox 1295 2630 1466 2676; x_wconf 86' lang='lat' dir='ltr'>geminae</span> <span class='ocrx_word' id='word_1_312' title='bbox 1480 2631 1594 2674; x_wconf 89' lang='lat' dir='ltr'>stant)</span> <span class='ocrx_word' id='word_1_313' title='bbox 1608 2630 1619 2646; x_wconf 74' lang='lat'><em>‘</em></span> <span class='ocrx_word' id='word_1_314' title='bbox 1629 2629 1754 2664; x_wconf 89' lang='lat' dir='ltr'>viden:</span> <span class='ocrx_word' id='word_1_315' title='bbox 1770 2629 1841 2664; x_wconf 89' lang='lat' dir='ltr'>den</span> 
     </span>
     <span class='ocr_line' id='line_1_39' title="bbox 280 2681 1841 2728; baseline 0 -11"><span class='ocrx_word' id='word_1_316' title='bbox 280 2682 501 2717; x_wconf 84' lang='lat' dir='ltr'>naturaliter</span> <span class='ocrx_word' id='word_1_317' title='bbox 526 2681 639 2728; x_wconf 84' lang='lat' dir='ltr'>longa</span> <span class='ocrx_word' id='word_1_318' title='bbox 665 2683 731 2725; x_wconf 85' lang='lat' dir='ltr'>est,</span> <span class='ocrx_word' id='word_1_319' title='bbox 751 2682 899 2718; x_wconf 89' lang='lat' dir='ltr'>brevem</span> <span class='ocrx_word' id='word_1_320' title='bbox 924 2685 1050 2719; x_wconf 87' lang='lat' dir='ltr'>tamen</span> <span class='ocrx_word' id='word_1_321' title='bbox 1075 2694 1158 2718; x_wconf 87' lang='lat' dir='ltr'>eam</span> <span class='ocrx_word' id='word_1_322' title='bbox 1183 2683 1311 2728; x_wconf 89' lang='lat' dir='ltr'>posuit</span> <span class='ocrx_word' id='word_1_323' title='bbox 1333 2685 1480 2718; x_wconf 88' lang='lat' dir='ltr'>secutus</span> <span class='ocrx_word' id='word_1_324' title='bbox 1499 2683 1671 2725; x_wconf 81' lang='lat' dir='ltr'>Ennium,</span> <span class='ocrx_word' id='word_1_325' title='bbox 1691 2683 1730 2717; x_wconf 92' lang='lat' dir='ltr'>et</span> <span class='ocrx_word' id='word_1_326' title='bbox 1749 2683 1841 2718; x_wconf 89' lang='lat' dir='ltr'>adeo</span> 
     </span>
     <span class='ocr_line' id='line_1_40' title="bbox 281 2735 1502 2782; baseline 0 -11"><span class='ocrx_word' id='word_1_327' title='bbox 281 2736 360 2771; x_wconf 89' lang='lat' dir='ltr'>eius</span> <span class='ocrx_word' id='word_1_328' title='bbox 381 2737 438 2771; x_wconf 91' lang='lat' dir='ltr'>est</span> <span class='ocrx_word' id='word_1_329' title='bbox 455 2735 642 2770; x_wconf 89' lang='lat' dir='ltr'>inmutata</span> <span class='ocrx_word' id='word_1_330' title='bbox 660 2736 796 2770; x_wconf 87' lang='lat' dir='ltr'>natura</span> <span class='ocrx_word' id='word_1_331' title='bbox 814 2737 857 2770; x_wconf 91' lang='lat' dir='ltr'>ut</span> <span class='ocrx_word' id='word_1_332' title='bbox 874 2737 951 2771; x_wconf 86' lang='lat' dir='ltr'>iam</span> <span class='ocrx_word' id='word_1_333' title='bbox 968 2737 1108 2782; x_wconf 90' lang='lat' dir='ltr'>ubique</span> <span class='ocrx_word' id='word_1_334' title='bbox 1127 2737 1247 2772; x_wconf 89' lang='lat' dir='ltr'>brevis</span> <span class='ocrx_word' id='word_1_335' title='bbox 1267 2736 1502 2771; x_wconf 83' lang='lat' dir='ltr'>inveniatur.’</span> 
     </span>
    </p>

    <p class='ocr_par' dir='ltr' id='par_1_10' title="bbox 281 2788 1843 2997">
     <span class='ocr_line' id='line_1_41' title="bbox 399 2788 1841 2834; baseline 0 -11"><span class='ocrx_word' id='word_1_336' title='bbox 399 2788 517 2823; x_wconf 89' lang='lat' dir='ltr'>XXIX</span> <span class='ocrx_word' id='word_1_337' title='bbox 540 2789 611 2834; x_wconf 79' lang='lat'>(29)</span> <span class='ocrx_word' id='word_1_338' title='bbox 649 2788 861 2824; x_wconf 82' lang='lat' dir='ltr'>Macrobius</span> <span class='ocrx_word' id='word_1_339' title='bbox 888 2789 961 2824; x_wconf 86' lang='lat' dir='ltr'>Sat.</span> <span class='ocrx_word' id='word_1_340' title='bbox 980 2803 1022 2824; x_wconf 92' lang='lat'>111</span> <span class='ocrx_word' id='word_1_341' title='bbox 1044 2794 1099 2834; x_wconf 88' lang='grc'>12,</span> <span class='ocrx_word' id='word_1_342' title='bbox 1113 2793 1133 2824; x_wconf 88' lang='grc'>8</span> <span class='ocrx_word' id='word_1_343' title='bbox 1153 2789 1358 2825; x_wconf 77' lang='lat' dir='ltr'>‘Antonius</span> <span class='ocrx_word' id='word_1_344' title='bbox 1385 2789 1531 2834; x_wconf 87' lang='lat' dir='ltr'>Gnipho</span> <span class='ocrx_word' id='word_1_345' title='bbox 1552 2788 1841 2834; x_wconf 83' lang='lat' dir='ltr'>(antoninus</span> 
     </span>
     <span class='ocr_line' id='line_1_42' title="bbox 281 2841 1843 2888; baseline -0.001 -11"><span class='ocrx_word' id='word_1_346' title='bbox 281 2842 362 2877; x_wconf 87' lang='lat' dir='ltr'>Par.</span> <span class='ocrx_word' id='word_1_347' title='bbox 384 2842 565 2887; x_wconf 90' lang='lat' dir='ltr'>onipho</span> <span class='ocrx_word' id='word_1_348' title='bbox 588 2841 669 2877; x_wconf 84' lang='lat' dir='ltr'>Par.</span> <span class='ocrx_word' id='word_1_349' title='bbox 692 2842 871 2887; x_wconf 88' lang='lat' dir='ltr'>cnipho</span> <span class='ocrx_word' id='word_1_350' title='bbox 892 2842 1034 2888; x_wconf 88' lang='lat' dir='ltr'>Bamb.)</span> <span class='ocrx_word' id='word_1_351' title='bbox 1055 2843 1109 2878; x_wconf 90' lang='lat' dir='ltr'>vir</span> <span class='ocrx_word' id='word_1_352' title='bbox 1135 2843 1277 2886; x_wconf 80' lang='lat' dir='ltr'>doctus,</span> <span class='ocrx_word' id='word_1_353' title='bbox 1297 2842 1401 2877; x_wconf 87' lang='lat' dir='ltr'>cuius</span> <span class='ocrx_word' id='word_1_354' title='bbox 1427 2841 1592 2877; x_wconf 89' lang='lat' dir='ltr'>scholam</span> <span class='ocrx_word' id='word_1_355' title='bbox 1612 2841 1737 2876; x_wconf 86' lang='lat' dir='ltr'>Cicero</span> <span class='ocrx_word' id='word_1_356' title='bbox 1757 2843 1843 2886; x_wconf 86' lang='lat' dir='ltr'>post</span> 
     </span>
     <span class='ocr_line' id='line_1_43' title="bbox 281 2893 1840 2941; baseline 0 -11"><span class='ocrx_word' id='word_1_357' title='bbox 281 2895 448 2930; x_wconf 83' lang='lat' dir='ltr'>laborem</span> <span class='ocrx_word' id='word_1_358' title='bbox 467 2895 538 2930; x_wconf 86' lang='lat' dir='ltr'>fori</span> <span class='ocrx_word' id='word_1_359' title='bbox 558 2895 831 2940; x_wconf 84' lang='lat' dir='ltr'>frequentabat,</span> <span class='ocrx_word' id='word_1_360' title='bbox 853 2894 971 2930; x_wconf 88' lang='lat' dir='ltr'>Salios</span> <span class='ocrx_word' id='word_1_361' title='bbox 991 2895 1142 2931; x_wconf 90' lang='lat' dir='ltr'>Herculi</span> <span class='ocrx_word' id='word_1_362' title='bbox 1163 2896 1269 2931; x_wconf 88' lang='lat' dir='ltr'>datos</span> <span class='ocrx_word' id='word_1_363' title='bbox 1289 2895 1424 2941; x_wconf 87' lang='lat' dir='ltr'>probat</span> <span class='ocrx_word' id='word_1_364' title='bbox 1442 2895 1482 2930; x_wconf 91' lang='lat' dir='ltr'>in</span> <span class='ocrx_word' id='word_1_365' title='bbox 1501 2905 1543 2930; x_wconf 90' lang='lat' dir='ltr'>eo</span> <span class='ocrx_word' id='word_1_366' title='bbox 1563 2893 1749 2929; x_wconf 78' lang='lat' dir='ltr'>volumine</span> <span class='ocrx_word' id='word_1_367' title='bbox 1768 2906 1840 2939; x_wconf 92' lang='lat' dir='ltr'>quo</span> 
     </span>
     <span class='ocr_line' id='line_1_44' title="bbox 284 2947 1841 2997; baseline -0.001 -14"><span class='ocrx_word' id='word_1_368' title='bbox 284 2948 452 2997; x_wconf 86' lang='lat' dir='ltr'>disputat</span> <span class='ocrx_word' id='word_1_369' title='bbox 471 2948 562 2994; x_wconf 88' lang='lat' dir='ltr'>quid</span> <span class='ocrx_word' id='word_1_370' title='bbox 583 2948 632 2984; x_wconf 86' lang='lat' dir='ltr'>sit</span> <span class='ocrx_word' id='word_1_371' title='bbox 645 2948 805 2985; x_wconf 70' lang='lat' dir='ltr'>«festra»</span> <span class='ocrx_word' id='word_1_372' title='bbox 820 2947 956 2994; x_wconf 87' lang='lat' dir='ltr'>(feste</span> <span class='ocrx_word' id='word_1_373' title='bbox 974 2948 1131 2994; x_wconf 78' lang='lat' dir='ltr'>Bamb.)‚</span> <span class='ocrx_word' id='word_1_374' title='bbox 1144 2949 1243 2995; x_wconf 88' lang='lat' dir='ltr'>quod</span> <span class='ocrx_word' id='word_1_375' title='bbox 1260 2950 1317 2985; x_wconf 89' lang='lat' dir='ltr'>est</span> <span class='ocrx_word' id='word_1_376' title='bbox 1333 2948 1469 2985; x_wconf 88' lang='lat' dir='ltr'>ostium</span> <span class='ocrx_word' id='word_1_377' title='bbox 1482 2947 1730 2984; x_wconf 83' lang='lat' dir='ltr'>minusculum</span> <span class='ocrx_word' id='word_1_378' title='bbox 1747 2947 1841 2994; x_wconf 87' lang='lat' dir='ltr'>(ho-</span> 
     </span>
    </p>
   </div>
  </div>
 </body>
</html>
